3252 5198
327 1066 386 1134 IX.
404 1064 538 1152 Gergeiy
549 1067 706 1152 pdpdaod
724 1066 927 1130 intdzkcddsci
942 1088 964 1129 a
979 1066 1087 1131 diciaci
1101 1072 1180 1154 cpdt
1196 1065 1353 1155 pyilkosoi
1370 1065 1459 1135 allen.

844 1175 942 1239 1236.
1191 1217 1192 1220 =

446 1367 623 1454 Gregorius
633 1371 816 1456 Episcopus
832 1389 945 1438 seruus
957 1390 1124 1438 seruorum
1134 1371 1209 1439 Dei.
1225 1373 1365 1441 Dilectis
1381 1373 1459 1460 iilijs

394 1475 611 1559 waradiensi,
696 1476 737 1542 de
753 1476 860 1545 Thion
883 1484 915 1545 ct
999 1478 1040 1545 dc
1056 1479 1135 1546 litte
1150 1480 1335 1547 Abbatibns
1359 1481 1459 1560 Quin-

328 1585 621 1670 qucliccicsiensis
637 1591 669 1651 ct
678 1584 944 1671 wesprimiensis
960 1585 1159 1671 Diccesium,
1177 1588 1315 1655 salutem
1331 1595 1363 1655 et
1374 1593 1461 1676 Apo-

328 1692 479 1760 stolicam
495 1692 766 1761 benedictionem.
790 1693 937 1762 Turbata
952 1701 1003 1760 cst
1018 1695 1128 1761 anima
1143 1701 1257 1762 nostra
1271 1696 1378 1780 valde,
1395 1703 1459 1763 tnr-

328 1802 469 1870 bationis
486 1822 620 1870 cansam
636 1822 715 1871 casn
730 1803 831 1871 debili
854 1805 950 1872 nobis
970 1802 1080 1889 dante,
1106 1825 1204 1892 snper
1218 1805 1456 1873 immanitatem

328 1910 513 1978 detestandi
529 1911 696 1996 facinoris,
725 1912 811 1996 quod
836 1911 969 1996 qnidam
994 1913 1054 1980 filii
1071 1914 1177 1981 Belial
1201 1914 1394 1999 familiares,
1421 1921 1459 1981 ut

327 2017 446 2085 dicitur
462 2067 469 2083 .
483 2067 510 2087 ..
529 2017 743 2086 cenadiensis
766 2019 922 2108 Episcopi
947 2021 981 2087 in
997 2041 1109 2088 necem
1134 2022 1220 2089 bone
1235 2021 1389 2090 memorie
1405 2071 1412 2088 .
1427 2071 1457 2090 ..

327 2127 466 2193 Abbatis
490 2126 681 2193 monasterii
706 2127 914 2196 Bristriensis
930 2129 1104 2196 crudeliter
1127 2134 1368 2215 perpetrarunt,
1395 2148 1457 2196 nec

328 2234 563 2320 exageratione
593 2233 720 2318 indiget
742 2234 848 2321 ipsius
874 2237 1008 2304 sceleris
1040 2234 1251 2320 magnitudo,
1284 2236 1457 2323 cumipse

327 2342 441 2409 auditu
459 2341 734 2409 abominationem
751 2352 886 2429 generet
902 2351 935 2412 ct
949 2344 1135 2430 horrorem;
1156 2363 1353 2429 quamquam
1368 2363 1460 2411 acer·

326 2451 463 2519 bitatem
479 2450 597 2536 flagitii
612 2451 850 2520 nonmcdicnm
866 2457 1035 2537 aggravet,
1052 2452 1139 2537 qnod
1151 2461 1228 2538 post
1241 2472 1357 2538 pacem
1369 2453 1457 2519 inter

327 2559 460 2627 cosdem
475 2558 635 2624 Abbatem
653 2566 685 2624 et
701 2559 899 2645 Episcopum
921 2557 1142 2644 reformatam,
1160 2559 1222 2628 init
1236 2560 1323 2626 idem
1340 2561 1455 2627 Abbas

325 2687 391 2735 non
409 2665 514 2733 minus
539 2664 719 2753 proditorie
738 2687 836 2751 qnam
855 2666 1031 2734 crudeliter
1046 2672 1078 2733 ct
1102 2667 1332 2735 miserabiliter
1356 2667 1456 2734 inter·

259 2787 264 2794 ·
326 2776 442 2848 fectus.
470 2776 557 2842 Sane
574 2776 650 2844 clim
667 2774 781 2840 eodem
797 2774 926 2842 Abbate
942 2775 975 2840 in
991 2783 1102 2843 nostra
1129 2776 1292 2862 presentia
1307 2776 1457 2842 lacrima·

328 2883 440 2951 biliter
455 2890 680 2968 conquerente,
709 2883 795 2967 quod
812 2880 934 2949 dudum
950 2891 1022 2950 ortu
1038 2883 1243 2970 interipsum
1262 2893 1294 2950 et
1309 2882 1457 2950 Conven-

325 3000 394 3059 tum
411 2989 489 3057 dicti
504 2991 695 3058 Monasterii
710 3010 750 3056 ex
768 2997 861 3076 parte
877 3012 952 3075 una,
969 3000 1002 3058 et
1017 2992 1213 3079 Episcopum
1228 2992 1455 3078 supradictum

325 3118 367 3165 ex
384 3099 488 3164 altera
504 3117 601 3185 snper
616 3096 719 3164 illatis
739 3098 890 3183 dampnis
906 3107 939 3164 et
954 3099 1107 3183 irrogatis
1125 3097 1252 3165 iniuriis
1268 3100 1311 3165 ab
1327 3099 1453 3182 codem,

325 3207 395 3272 inre
412 3207 619 3291 Patronatns,
636 3206 724 3289 quod
739 3208 773 3273 in
788 3206 915 3292 prefato
932 3207 1130 3274 Monasterio
1147 3206 1254 3273 dictus
1270 3208 1455 3293 Episcopus

326 3335 361 3383 se
376 3317 499 3383 habere
511 3313 649 3398 dicebat,
666 3322 698 3382 et
711 3316 807 3383 rebus
817 3316 892 3382 aliis
908 3335 1017 3383 coram
1027 3315 1206 3383 venerabili
1224 3314 1324 3381 fratre
1341 3321 1454 3383 nostro

328 3475 376 3492 ...
393 3423 557 3509 Episcopo
574 3423 774 3505 Prenestino,
792 3431 870 3489 tunc
886 3423 1073 3507 Apostolice
1088 3422 1183 3489 Sedis
1199 3424 1333 3507 Legata,
1352 3432 1453 3488 mate·

327 3531 379 3598 ria
395 3529 583 3615 questionis,
610 3529 697 3596 idem
713 3531 923 3597 Preuestinus
940 3530 1059 3615 partim
1084 3550 1144 3616 prc
1160 3531 1233 3614 ipso
1255 3527 1452 3595 Oenadiensi

326 3646 358 3706 et
373 3638 494 3725 partim
510 3658 568 3724 pro
584 3639 708 3705 eisdem
724 3639 851 3705 Abbate
868 3647 900 3705 et
918 3639 1085 3705 Conventa
1102 3637 1308 3704 diffinitivam
1324 3645 1453 3704 senten·

324 3747 406 3814 tiam
421 3744 667 3830 promulgarat:
683 3744 850 3832 predictus
868 3743 1082 3812 Genadiensis
1099 3744 1213 3810 eadem
1229 3744 1391 3810 sententia
1406 3745 1453 3811 vi·

325 3856 465 3941 lipensa,
481 3852 542 3919 illa
559 3853 694 3937 exigens
712 3853 753 3919 ab
771 3851 903 3935 eisdem,
930 3851 1105 3935 dequibus
1124 3855 1254 3918 fuerant
1278 3852 1454 3919 sententia·

323 3962 398 4029 liter
413 3961 563 4046 absolnti,
581 3961 658 4046 quia
675 3982 714 4028 ca
733 3961 796 4027 sibi
819 3960 973 4028 exhibere
989 3961 1153 4045 nolebant,
1179 3960 1262 4026 sicut
1277 3979 1337 4025 nec
1353 3957 1452 4026 etiam

325 4071 530 4154 tenebantur,
555 4090 627 4136 cum
644 4074 841 4137 armatorum
857 4067 1063 4135 multitudine
1083 4067 1125 4133 ad
1141 4065 1373 4134 monasterinm
1388 4087 1453 4132 mc·

324 4183 484 4244 moratum
512 4178 662 4262 accessit,
690 4187 721 4244 et
735 4179 844 4246 ianuis
861 4177 930 4245 eius
954 4177 1069 4244 fractis
1095 4178 1217 4243 dictum
1232 4176 1394 4242 Abbatem
1410 4196 1451 4242 ac

321 4285 457 4372 triginta
475 4285 557 4354 duos
573 4287 759 4371 monaedes,
787 4305 822 4353 se
837 4285 1031 4373 protectioni
1053 4284 1242 4372 Apostolice
1267 4302 1452 4369 supponen-

323 4399 384 4478 tes,
410 4413 476 4460 ncn
493 4395 618 4480 absque
643 4396 818 4463 iniectionc
842 4414 996 4462 mannum
1020 4392 1176 4477 violenta,
1202 4390 1350 4475 nequiter
1374 4390 1451 4478 capi

322 4501 410 4585 fecit,
437 4508 469 4566 et
483 4501 624 4570 vinculis
638 4503 753 4571 ferreis
769 4502 971 4589 compeditos
987 4500 1145 4568 carcerali
1166 4499 1316 4567 custodie
1331 4499 1450 4565 manci-

322 4609 415 4693 pari;
442 4627 503 4674 nec
518 4609 582 4674 hiis
598 4616 777 4696 contentus,
805 4610 849 4678 ad
865 4609 1027 4676 cumninm
1055 4607 1187 4677 maioris
1204 4605 1358 4693 nequitie,
1375 4605 1453 4676 Cor·
