<?xml version="1.0" encoding="UTF-8"?>
<!DOCTYPE html PUBLIC "-//W3C//DTD XHTML 1.0 Transitional//EN"
    "http://www.w3.org/TR/xhtml1/DTD/xhtml1-transitional.dtd">
<html xmlns="http://www.w3.org/1999/xhtml" xml:lang="en" lang="en">
 <head>
  <title>
</title>
<meta http-equiv="Content-Type" content="text/html;charset=utf-8" />
  <meta name='ocr-system' content='tesseract 3.04.00' />
  <meta name='ocr-capabilities' content='ocr_page ocr_carea ocr_par ocr_line ocrx_word'/>
</head>
<body>
  <div class='ocr_page' id='page_1' title='image "./codexdiplomatic18wenzgoog_0494.png"; bbox 0 0 3168 5186; ppageno 0'>
   <div class='ocr_carea' id='block_1_1' title="bbox 895 347 962 414">
    <p class='ocr_par' dir='ltr' id='par_1_1' title="bbox 895 347 962 414">
     <span class='ocr_line' id='line_1_1' title="bbox 895 347 962 414; baseline 0 0"><span class='ocrx_word' id='word_1_1' title='bbox 895 347 962 414; x_wconf 77' lang='lat'>460</span> 
     </span>
    </p>
   </div>
   <div class='ocr_carea' id='block_1_2' title="bbox 329 543 1494 1369">
    <p class='ocr_par' dir='ltr' id='par_1_2' title="bbox 329 543 1494 1369">
     <span class='ocr_line' id='line_1_2' title="bbox 366 543 1487 632; baseline 0.006 -24"><span class='ocrx_word' id='word_1_2' title='bbox 366 562 501 626; x_wconf 83' lang='lat' dir='ltr'>magnas</span> <span class='ocrx_word' id='word_1_3' title='bbox 516 543 628 610; x_wconf 89' lang='lat' dir='ltr'>silices</span> <span class='ocrx_word' id='word_1_4' title='bbox 644 545 736 612; x_wconf 84' lang='lat' dir='ltr'>iuxta</span> <span class='ocrx_word' id='word_1_5' title='bbox 751 561 870 626; x_wconf 82' lang='lat' dir='ltr'>uquam</span> <span class='ocrx_word' id='word_1_6' title='bbox 887 543 1041 631; x_wconf 84' lang='lat' dir='ltr'>boponch</span> <span class='ocrx_word' id='word_1_7' title='bbox 1058 545 1287 632; x_wconf 84' lang='lat' dir='ltr'>supradictam,</span> <span class='ocrx_word' id='word_1_8' title='bbox 1310 555 1344 614; x_wconf 90' lang='lat' dir='ltr'>et</span> <span class='ocrx_word' id='word_1_9' title='bbox 1367 548 1416 614; x_wconf 89' lang='lat' dir='ltr'>ibi</span> <span class='ocrx_word' id='word_1_10' title='bbox 1431 556 1487 615; x_wconf 87' lang='lat' dir='ltr'>ter-</span> 
     </span>
     <span class='ocr_line' id='line_1_3' title="bbox 365 651 1491 742; baseline 0.008 -27"><span class='ocrx_word' id='word_1_11' title='bbox 365 651 517 717; x_wconf 89' lang='lat' dir='ltr'>minatur.</span> <span class='ocrx_word' id='word_1_12' title='bbox 564 651 608 718; x_wconf 88' lang='lat' dir='ltr'>Ut</span> <span class='ocrx_word' id='word_1_13' title='bbox 623 653 723 735; x_wconf 89' lang='lat' dir='ltr'>igitur</span> <span class='ocrx_word' id='word_1_14' title='bbox 738 651 835 719; x_wconf 90' lang='lat' dir='ltr'>buius</span> <span class='ocrx_word' id='word_1_15' title='bbox 849 651 929 720; x_wconf 84' lang='lat' dir='ltr'>laeti</span> <span class='ocrx_word' id='word_1_16' title='bbox 946 653 1048 720; x_wconf 89' lang='lat' dir='ltr'>series</span> <span class='ocrx_word' id='word_1_17' title='bbox 1063 655 1160 720; x_wconf 90' lang='lat' dir='ltr'>robur</span> <span class='ocrx_word' id='word_1_18' title='bbox 1176 654 1321 740; x_wconf 77' lang='lat' dir='ltr'>optineat</span> <span class='ocrx_word' id='word_1_19' title='bbox 1336 663 1491 742; x_wconf 85' lang='lat' dir='ltr'>perpetue</span> 
     </span>
     <span class='ocr_line' id='line_1_4' title="bbox 365 757 1490 848; baseline 0.008 -26"><span class='ocrx_word' id='word_1_20' title='bbox 365 757 537 845; x_wconf 89' lang='lat' dir='ltr'>firmitatis,</span> <span class='ocrx_word' id='word_1_21' title='bbox 554 760 596 826; x_wconf 88' lang='lat' dir='ltr'>ad</span> <span class='ocrx_word' id='word_1_22' title='bbox 611 762 806 847; x_wconf 74' lang='lat' dir='ltr'>peticionem</span> <span class='ocrx_word' id='word_1_23' title='bbox 822 761 902 829; x_wconf 85' lang='lat' dir='ltr'>dicti</span> <span class='ocrx_word' id='word_1_24' title='bbox 921 761 1053 848; x_wconf 79' lang='lat' dir='ltr'>Georgij</span> <span class='ocrx_word' id='word_1_25' title='bbox 1080 770 1247 848; x_wconf 74' lang='lat' dir='ltr'>presentes</span> <span class='ocrx_word' id='word_1_26' title='bbox 1272 765 1490 831; x_wconf 74' lang='lat' dir='ltr'>concessimus</span> 
     </span>
     <span class='ocr_line' id='line_1_5' title="bbox 329 864 1491 956; baseline 0.009 -29"><span class='ocrx_word' id='word_1_27' title='bbox 329 902 341 928; x_wconf 71' lang='lat'><em>0</em></span> <span class='ocrx_word' id='word_1_28' title='bbox 365 864 491 932; x_wconf 85' lang='lat' dir='ltr'>litteras</span> <span class='ocrx_word' id='word_1_29' title='bbox 507 865 670 953; x_wconf 86' lang='lat' dir='ltr'>dupplicis</span> <span class='ocrx_word' id='word_1_30' title='bbox 685 867 790 951; x_wconf 81' lang='lat' dir='ltr'>sigilli</span> <span class='ocrx_word' id='word_1_31' title='bbox 806 868 983 935; x_wconf 88' lang='lat' dir='ltr'>munimine</span> <span class='ocrx_word' id='word_1_32' title='bbox 998 869 1180 936; x_wconf 86' lang='lat' dir='ltr'>roboratas.</span> <span class='ocrx_word' id='word_1_33' title='bbox 1213 871 1334 937; x_wconf 84' lang='lat' dir='ltr'>Datum</span> <span class='ocrx_word' id='word_1_34' title='bbox 1351 891 1414 956; x_wconf 91' lang='lat' dir='ltr'>per</span> <span class='ocrx_word' id='word_1_35' title='bbox 1428 893 1491 936; x_wconf 85' lang='lat' dir='ltr'>ma-</span> 
     </span>
     <span class='ocr_line' id='line_1_6' title="bbox 364 973 1494 1062; baseline 0.009 -27"><span class='ocrx_word' id='word_1_36' title='bbox 364 991 426 1038; x_wconf 93' lang='lat' dir='ltr'>nus</span> <span class='ocrx_word' id='word_1_37' title='bbox 451 973 599 1057; x_wconf 83' lang='lat' dir='ltr'>Magistri</span> <span class='ocrx_word' id='word_1_38' title='bbox 627 974 800 1059; x_wconf 88' lang='lat' dir='ltr'>Smaragdi</span> <span class='ocrx_word' id='word_1_39' title='bbox 824 975 985 1059; x_wconf 84' lang='lat' dir='ltr'>Propositi</span> <span class='ocrx_word' id='word_1_40' title='bbox 1010 975 1167 1044; x_wconf 85' lang='lat' dir='ltr'>Albensis</span> <span class='ocrx_word' id='word_1_41' title='bbox 1192 976 1362 1062; x_wconf 85' lang='lat' dir='ltr'>Ecclesie‚</span> <span class='ocrx_word' id='word_1_42' title='bbox 1388 978 1494 1046; x_wconf 82' lang='lat' dir='ltr'>Electi</span> 
     </span>
     <span class='ocr_line' id='line_1_7' title="bbox 366 1080 1494 1168; baseline 0.006 -23"><span class='ocrx_word' id='word_1_43' title='bbox 366 1080 593 1168; x_wconf 79' lang='lat' dir='ltr'>Colocbensis,</span> <span class='ocrx_word' id='word_1_44' title='bbox 618 1081 696 1149; x_wconf 87' lang='lat' dir='ltr'>aule</span> <span class='ocrx_word' id='word_1_45' title='bbox 730 1088 841 1150; x_wconf 90' lang='lat' dir='ltr'>nostre</span> <span class='ocrx_word' id='word_1_46' title='bbox 867 1083 1163 1168; x_wconf 80' lang='lat' dir='ltr'>Vise-Gancellarij</span> <span class='ocrx_word' id='word_1_47' title='bbox 1188 1083 1302 1151; x_wconf 86' lang='lat' dir='ltr'>dilecti</span> <span class='ocrx_word' id='word_1_48' title='bbox 1328 1091 1362 1152; x_wconf 88' lang='lat' dir='ltr'>et</span> <span class='ocrx_word' id='word_1_49' title='bbox 1386 1085 1494 1152; x_wconf 85' lang='lat' dir='ltr'>fidelis</span> 
     </span>
     <span class='ocr_line' id='line_1_8' title="bbox 365 1191 1494 1280; baseline 0 -22"><span class='ocrx_word' id='word_1_50' title='bbox 365 1191 477 1275; x_wconf 89' lang='lat' dir='ltr'>nostri,</span> <span class='ocrx_word' id='word_1_51' title='bbox 509 1211 595 1258; x_wconf 90' lang='lat' dir='ltr'>anno</span> <span class='ocrx_word' id='word_1_52' title='bbox 610 1191 744 1261; x_wconf 89' lang='lat' dir='ltr'>Domini</span> <span class='ocrx_word' id='word_1_53' title='bbox 758 1193 806 1259; x_wconf 77' lang='grc' dir='ltr'>Μο</span> <span class='ocrx_word' id='word_1_54' title='bbox 820 1191 886 1259; x_wconf 76' lang='lat'>00⁰</span> <span class='ocrx_word' id='word_1_55' title='bbox 911 1191 1181 1277; x_wconf 88' lang='lat' dir='ltr'>quinquagesimo</span> <span class='ocrx_word' id='word_1_56' title='bbox 1206 1193 1363 1280; x_wconf 88' lang='lat' dir='ltr'>septimo,</span> <span class='ocrx_word' id='word_1_57' title='bbox 1389 1193 1494 1277; x_wconf 81' lang='lat' dir='ltr'>Regni</span> 
     </span>
     <span class='ocr_line' id='line_1_9' title="bbox 365 1300 989 1369; baseline 0.002 -4"><span class='ocrx_word' id='word_1_58' title='bbox 365 1304 472 1366; x_wconf 89' lang='lat' dir='ltr'>autem</span> <span class='ocrx_word' id='word_1_59' title='bbox 489 1302 591 1368; x_wconf 90' lang='lat' dir='ltr'>nostri</span> <span class='ocrx_word' id='word_1_60' title='bbox 607 1321 695 1368; x_wconf 91' lang='lat' dir='ltr'>auno</span> <span class='ocrx_word' id='word_1_61' title='bbox 710 1302 864 1369; x_wconf 87' lang='lat' dir='ltr'>vicesimo</span> <span class='ocrx_word' id='word_1_62' title='bbox 880 1300 989 1369; x_wconf 86' lang='lat' dir='ltr'>tercio.</span> 
     </span>
    </p>
   </div>
   <div class='ocr_carea' id='block_1_3' title="bbox 363 1496 1496 1752">
    <p class='ocr_par' dir='ltr' id='par_1_3' title="bbox 363 1496 1496 1752">
     <span class='ocr_line' id='line_1_10' title="bbox 365 1496 1496 1569; baseline 0.003 -19"><span class='ocrx_word' id='word_1_63' title='bbox 365 1497 408 1563; x_wconf 84' lang='lat' dir='ltr'>(V.</span> <span class='ocrx_word' id='word_1_64' title='bbox 428 1496 520 1550; x_wconf 75' lang='lat' dir='ltr'>lstvln</span> <span class='ocrx_word' id='word_1_65' title='bbox 533 1497 678 1566; x_wconf 79' lang='lat' dir='ltr'>kirtlynak</span> <span class='ocrx_word' id='word_1_66' title='bbox 694 1502 805 1553; x_wconf 73' lang='lat' dir='ltr'>lato-ki</span> <span class='ocrx_word' id='word_1_67' title='bbox 828 1505 989 1569; x_wconf 82' lang='lat' dir='ltr'>megerb&#39;eitb&#39;</span> <span class='ocrx_word' id='word_1_68' title='bbox 1011 1499 1259 1569; x_wconf 73' lang='lat' dir='ltr'>privilegiumlbbl,</span> <span class='ocrx_word' id='word_1_69' title='bbox 1277 1501 1409 1568; x_wconf 78' lang='lat' dir='ltr'>mclyuek</span> <span class='ocrx_word' id='word_1_70' title='bbox 1431 1505 1496 1568; x_wconf 76' lang='lat' dir='ltr'>igen</span> 
     </span>
     <span class='ocr_line' id='line_1_11' title="bbox 364 1586 1494 1659; baseline 0.003 -20"><span class='ocrx_word' id='word_1_71' title='bbox 364 1586 534 1656; x_wconf 72' lang='lat' dir='ltr'>magrongllt</span> <span class='ocrx_word' id='word_1_72' title='bbox 555 1587 703 1656; x_wconf 70' lang='lat' dir='ltr'>peldlnylt</span> <span class='ocrx_word' id='word_1_73' title='bbox 724 1591 810 1643; x_wconf 77' lang='lat' dir='ltr'>velem</span> <span class='ocrx_word' id='word_1_74' title='bbox 834 1597 852 1643; x_wconf 87' lang='lat' dir='ltr'>t.</span> <span class='ocrx_word' id='word_1_75' title='bbox 867 1591 953 1658; x_wconf 78' lang='lat' dir='ltr'>Ajluas</span> <span class='ocrx_word' id='word_1_76' title='bbox 974 1591 1077 1658; x_wconf 76' lang='lat' dir='ltr'>lllroly</span> <span class='ocrx_word' id='word_1_77' title='bbox 1099 1590 1208 1659; x_wconf 76' lang='lat' dir='ltr'>ilgyvld</span> <span class='ocrx_word' id='word_1_78' title='bbox 1229 1592 1261 1644; x_wconf 85' lang='lat' dir='ltr'>uir</span> <span class='ocrx_word' id='word_1_79' title='bbox 1282 1593 1494 1658; x_wconf 73' lang='lat' dir='ltr'>Suombthslysn</span> 
     </span>
     <span class='ocr_line' id='line_1_12' title="bbox 363 1681 1042 1752; baseline 0.006 -21"><span class='ocrx_word' id='word_1_80' title='bbox 363 1711 369 1720; x_wconf 85' lang='lat'>-</span> <span class='ocrx_word' id='word_1_81' title='bbox 814 1684 891 1734; x_wconf 74' lang='lat' dir='ltr'>usse.</span> <span class='ocrx_word' id='word_1_82' title='bbox 913 1681 1042 1752; x_wconf 72' lang='lat' dir='ltr'>turolte.)</span> 
     </span>
    </p>
   </div>
   <div class='ocr_carea' id='block_1_4' title="bbox 891 2437 969 2506">
    <p class='ocr_par' dir='ltr' id='par_1_4' title="bbox 891 2437 969 2506">
     <span class='ocr_line' id='line_1_13' title="bbox 891 2437 969 2506; baseline -0.013 -2"><span class='ocrx_word' id='word_1_83' title='bbox 891 2437 969 2506; x_wconf 72' lang='lat'>326.</span> 
     </span>
    </p>
   </div>
   <div class='ocr_carea' id='block_1_5' title="bbox 364 2617 1497 2814">
    <p class='ocr_par' dir='ltr' id='par_1_5' title="bbox 364 2617 1497 2814">
     <span class='ocr_line' id='line_1_14' title="bbox 364 2617 1497 2706; baseline 0 -22"><span class='ocrx_word' id='word_1_84' title='bbox 364 2619 385 2684; x_wconf 90' lang='lat'><em>1</em></span> <span class='ocrx_word' id='word_1_85' title='bbox 388 2619 424 2706; x_wconf 74' lang='lat' dir='ltr'>V·</span> <span class='ocrx_word' id='word_1_86' title='bbox 442 2617 569 2684; x_wconf 69' lang='lat' dir='ltr'>Sindos·</span> <span class='ocrx_word' id='word_1_87' title='bbox 581 2620 733 2706; x_wconf 77' lang='lat' dir='ltr'>pcipcinol</span> <span class='ocrx_word' id='word_1_88' title='bbox 748 2621 854 2686; x_wconf 64' lang='lat' dir='ltr'>latensi</span> <span class='ocrx_word' id='word_1_89' title='bbox 868 2619 987 2684; x_wconf 79' lang='lat' dir='ltr'>Dciaiel</span> <span class='ocrx_word' id='word_1_90' title='bbox 1010 2619 1147 2702; x_wconf 73' lang='lat' dir='ltr'>pelicani</span> <span class='ocrx_word' id='word_1_91' title='bbox 1170 2617 1345 2704; x_wconf 73' lang='lat' dir='ltr'>kirdlpltoe,</span> <span class='ocrx_word' id='word_1_92' title='bbox 1369 2621 1450 2706; x_wconf 72' lang='lat' dir='ltr'>luopy</span> <span class='ocrx_word' id='word_1_93' title='bbox 1474 2644 1497 2683; x_wconf 87' lang='lat' dir='ltr'><strong><em>a</em></strong></span> 
     </span>
     <span class='ocr_line' id='line_1_15' title="bbox 492 2724 1360 2814; baseline 0.002 -24"><span class='ocrx_word' id='word_1_94' title='bbox 492 2727 647 2792; x_wconf 79' lang='lat' dir='ltr'>lotbolila</span> <span class='ocrx_word' id='word_1_95' title='bbox 669 2729 783 2814; x_wconf 72' lang='lat' dir='ltr'>oppletis</span> <span class='ocrx_word' id='word_1_96' title='bbox 799 2727 1010 2812; x_wconf 65' lang='lat' dir='ltr'>lcisb&#39;asepchez</span> <span class='ocrx_word' id='word_1_97' title='bbox 1036 2724 1238 2800; x_wconf 61' lang='lat' dir='ltr'>cioaaateriea</span> <span class='ocrx_word' id='word_1_98' title='bbox 1262 2724 1360 2792; x_wconf 83' lang='lat'><em>1257.</em></span> 
     </span>
    </p>
   </div>
   <div class='ocr_carea' id='block_1_6' title="bbox 362 2920 1497 4747">
    <p class='ocr_par' dir='ltr' id='par_1_6' title="bbox 362 2920 1497 4747">
     <span class='ocr_line' id='line_1_16' title="bbox 470 2920 1495 3010; baseline -0.002 -20"><span class='ocrx_word' id='word_1_99' title='bbox 470 2921 657 2992; x_wconf 81' lang='lat' dir='ltr'>Alexander</span> <span class='ocrx_word' id='word_1_100' title='bbox 672 2923 856 3010; x_wconf 82' lang='lat' dir='ltr'>Episcopus</span> <span class='ocrx_word' id='word_1_101' title='bbox 872 2942 985 2992; x_wconf 84' lang='lat' dir='ltr'>servus</span> <span class='ocrx_word' id='word_1_102' title='bbox 1002 2942 1167 2991; x_wconf 85' lang='lat' dir='ltr'>seruorum</span> <span class='ocrx_word' id='word_1_103' title='bbox 1182 2921 1246 2991; x_wconf 90' lang='lat' dir='ltr'>Dei</span> <span class='ocrx_word' id='word_1_104' title='bbox 1272 2920 1393 2990; x_wconf 84' lang='lat' dir='ltr'>dilecto</span> <span class='ocrx_word' id='word_1_105' title='bbox 1420 2923 1495 2990; x_wconf 90' lang='lat' dir='ltr'>tilio</span> 
     </span>
     <span class='ocr_line' id='line_1_17' title="bbox 363 3029 1497 3116; baseline -0.002 -18"><span class='ocrx_word' id='word_1_106' title='bbox 363 3031 493 3098; x_wconf 84' lang='lat' dir='ltr'>Danieli</span> <span class='ocrx_word' id='word_1_107' title='bbox 504 3032 585 3116; x_wconf 88' lang='lat' dir='ltr'>Regi</span> <span class='ocrx_word' id='word_1_108' title='bbox 598 3030 717 3100; x_wconf 90' lang='lat' dir='ltr'>Russie</span> <span class='ocrx_word' id='word_1_109' title='bbox 733 3031 881 3101; x_wconf 91' lang='lat' dir='ltr'>timorem</span> <span class='ocrx_word' id='word_1_110' title='bbox 892 3032 1005 3100; x_wconf 85' lang='lat' dir='ltr'>Diuini</span> <span class='ocrx_word' id='word_1_111' title='bbox 1021 3029 1162 3100; x_wconf 91' lang='lat' dir='ltr'>nominis</span> <span class='ocrx_word' id='word_1_112' title='bbox 1178 3037 1373 3098; x_wconf 81' lang='lat' dir='ltr'>clamorem.</span> <span class='ocrx_word' id='word_1_113' title='bbox 1400 3030 1497 3096; x_wconf 87' lang='lat' dir='ltr'>Inter</span> 
     </span>
     <span class='ocr_line' id='line_1_18' title="bbox 366 3137 1495 3228; baseline -0.004 -18"><span class='ocrx_word' id='word_1_114' title='bbox 366 3142 442 3228; x_wconf 89' lang='lat' dir='ltr'>alia,</span> <span class='ocrx_word' id='word_1_115' title='bbox 460 3160 523 3226; x_wconf 91' lang='lat' dir='ltr'>que</span> <span class='ocrx_word' id='word_1_116' title='bbox 539 3139 632 3210; x_wconf 91' lang='lat' dir='ltr'>nobis</span> <span class='ocrx_word' id='word_1_117' title='bbox 648 3159 689 3208; x_wconf 85' lang='lat' dir='ltr'>ex</span> <span class='ocrx_word' id='word_1_118' title='bbox 699 3141 848 3227; x_wconf 86' lang='lat' dir='ltr'>injuncto</span> <span class='ocrx_word' id='word_1_119' title='bbox 856 3139 1069 3228; x_wconf 79' lang='lat' dir='ltr'>Apostolatus</span> <span class='ocrx_word' id='word_1_120' title='bbox 1079 3137 1271 3207; x_wconf 91' lang='lat' dir='ltr'>incumbunt</span> <span class='ocrx_word' id='word_1_121' title='bbox 1284 3137 1404 3226; x_wconf 82' lang='lat' dir='ltr'>officio,</span> <span class='ocrx_word' id='word_1_122' title='bbox 1421 3142 1495 3206; x_wconf 88' lang='lat' dir='ltr'>ani-</span> 
     </span>
     <span class='ocr_line' id='line_1_19' title="bbox 364 3248 1497 3338; baseline -0.003 -22"><span class='ocrx_word' id='word_1_123' title='bbox 364 3270 488 3317; x_wconf 88' lang='lat' dir='ltr'>marum</span> <span class='ocrx_word' id='word_1_124' title='bbox 505 3270 563 3318; x_wconf 87' lang='lat' dir='ltr'>nos</span> <span class='ocrx_word' id='word_1_125' title='bbox 578 3249 730 3319; x_wconf 83' lang='lat' dir='ltr'>conuenit</span> <span class='ocrx_word' id='word_1_126' title='bbox 743 3249 898 3338; x_wconf 90' lang='lat' dir='ltr'>precipue</span> <span class='ocrx_word' id='word_1_127' title='bbox 913 3248 1089 3334; x_wconf 86' lang='lat' dir='ltr'>invigilare</span> <span class='ocrx_word' id='word_1_128' title='bbox 1105 3249 1218 3334; x_wconf 87' lang='lat' dir='ltr'>saluti,</span> <span class='ocrx_word' id='word_1_129' title='bbox 1235 3255 1272 3315; x_wconf 89' lang='lat' dir='ltr'>ut</span> <span class='ocrx_word' id='word_1_130' title='bbox 1290 3268 1349 3314; x_wconf 89' lang='lat' dir='ltr'>eas</span> <span class='ocrx_word' id='word_1_131' title='bbox 1365 3248 1497 3332; x_wconf 85' lang='lat' dir='ltr'>Regum</span> 
     </span>
     <span class='ocr_line' id='line_1_20' title="bbox 365 3354 1496 3444; baseline -0.002 -22"><span class='ocrx_word' id='word_1_132' title='bbox 365 3355 456 3442; x_wconf 86' lang='lat' dir='ltr'>Regi,</span> <span class='ocrx_word' id='word_1_133' title='bbox 474 3356 528 3442; x_wconf 89' lang='lat' dir='ltr'>qui</span> <span class='ocrx_word' id='word_1_134' title='bbox 544 3376 601 3425; x_wconf 91' lang='lat' dir='ltr'>nos</span> <span class='ocrx_word' id='word_1_135' title='bbox 616 3356 758 3444; x_wconf 86' lang='lat' dir='ltr'>illarum,</span> <span class='ocrx_word' id='word_1_136' title='bbox 775 3355 854 3426; x_wconf 85' lang='lat' dir='ltr'>lieet</span> <span class='ocrx_word' id='word_1_137' title='bbox 868 3355 1058 3441; x_wconf 90' lang='lat' dir='ltr'>immeritos,</span> <span class='ocrx_word' id='word_1_138' title='bbox 1077 3354 1179 3426; x_wconf 86' lang='lat' dir='ltr'>voluit</span> <span class='ocrx_word' id='word_1_139' title='bbox 1189 3374 1320 3441; x_wconf 86' lang='lat' dir='ltr'>preesse</span> <span class='ocrx_word' id='word_1_140' title='bbox 1329 3355 1496 3443; x_wconf 80' lang='lat' dir='ltr'>regimini,</span> 
     </span>
     <span class='ocr_line' id='line_1_21' title="bbox 365 3461 1495 3552; baseline 0 -22"><span class='ocrx_word' id='word_1_141' title='bbox 365 3461 566 3549; x_wconf 80' lang='lat' dir='ltr'>lucrifacere,</span> <span class='ocrx_word' id='word_1_142' title='bbox 589 3485 649 3532; x_wconf 89' lang='lat' dir='ltr'>sua</span> <span class='ocrx_word' id='word_1_143' title='bbox 664 3463 756 3533; x_wconf 92' lang='lat' dir='ltr'>nobis</span> <span class='ocrx_word' id='word_1_144' title='bbox 781 3471 977 3552; x_wconf 88' lang='lat' dir='ltr'>cooperante</span> <span class='ocrx_word' id='word_1_145' title='bbox 1000 3463 1118 3550; x_wconf 88' lang='lat' dir='ltr'>gratia,</span> <span class='ocrx_word' id='word_1_146' title='bbox 1142 3461 1321 3531; x_wconf 81' lang='lat' dir='ltr'>ualeamus.</span> <span class='ocrx_word' id='word_1_147' title='bbox 1370 3463 1495 3530; x_wconf 89' lang='lat' dir='ltr'>Verum</span> 
     </span>
     <span class='ocr_line' id='line_1_22' title="bbox 365 3569 1494 3662; baseline -0.002 -22"><span class='ocrx_word' id='word_1_148' title='bbox 365 3573 442 3656; x_wconf 89' lang='lat' dir='ltr'>quia</span> <span class='ocrx_word' id='word_1_149' title='bbox 458 3593 521 3640; x_wconf 92' lang='lat' dir='ltr'>non</span> <span class='ocrx_word' id='word_1_150' title='bbox 537 3579 586 3642; x_wconf 85' lang='lat' dir='ltr'>est</span> <span class='ocrx_word' id='word_1_151' title='bbox 603 3573 671 3642; x_wconf 89' lang='lat' dir='ltr'>Deo</span> <span class='ocrx_word' id='word_1_152' title='bbox 682 3582 850 3662; x_wconf 86' lang='lat' dir='ltr'>acceptum</span> <span class='ocrx_word' id='word_1_153' title='bbox 866 3573 1067 3659; x_wconf 86' lang='lat' dir='ltr'>obsequium,</span> <span class='ocrx_word' id='word_1_154' title='bbox 1093 3569 1180 3659; x_wconf 90' lang='lat' dir='ltr'>quod</span> <span class='ocrx_word' id='word_1_155' title='bbox 1197 3571 1268 3640; x_wconf 91' lang='lat' dir='ltr'>sine</span> <span class='ocrx_word' id='word_1_156' title='bbox 1283 3569 1349 3639; x_wconf 85' lang='lat' dir='ltr'>fide</span> <span class='ocrx_word' id='word_1_157' title='bbox 1364 3577 1494 3657; x_wconf 81' lang='lat' dir='ltr'>presta·</span> 
     </span>
     <span class='ocr_line' id='line_1_23' title="bbox 364 3679 1495 3774; baseline 0 -26"><span class='ocrx_word' id='word_1_158' title='bbox 364 3689 426 3768; x_wconf 91' lang='lat' dir='ltr'>tur,</span> <span class='ocrx_word' id='word_1_159' title='bbox 443 3700 504 3750; x_wconf 89' lang='lat' dir='ltr'>neo</span> <span class='ocrx_word' id='word_1_160' title='bbox 519 3682 703 3770; x_wconf 83' lang='lat' dir='ltr'>peruenitur</span> <span class='ocrx_word' id='word_1_161' title='bbox 718 3702 851 3772; x_wconf 91' lang='lat' dir='ltr'>operum</span> <span class='ocrx_word' id='word_1_162' title='bbox 876 3681 1002 3774; x_wconf 77' lang='lat' dir='ltr'>edificio</span> <span class='ocrx_word' id='word_1_163' title='bbox 1026 3681 1253 3768; x_wconf 83' lang='lat' dir='ltr'>adsalutem,</span> <span class='ocrx_word' id='word_1_164' title='bbox 1277 3679 1364 3768; x_wconf 86' lang='lat' dir='ltr'>quod</span> <span class='ocrx_word' id='word_1_165' title='bbox 1390 3699 1495 3768; x_wconf 84' lang='lat' dir='ltr'>supra</span> 
     </span>
     <span class='ocr_line' id='line_1_24' title="bbox 364 3788 1494 3880; baseline -0.002 -22"><span class='ocrx_word' id='word_1_166' title='bbox 364 3789 548 3860; x_wconf 84' lang='lat' dir='ltr'>firmitatem</span> <span class='ocrx_word' id='word_1_167' title='bbox 565 3789 639 3862; x_wconf 87' lang='lat' dir='ltr'>fidei</span> <span class='ocrx_word' id='word_1_168' title='bbox 655 3813 719 3860; x_wconf 92' lang='lat' dir='ltr'>non</span> <span class='ocrx_word' id='word_1_169' title='bbox 735 3792 912 3879; x_wconf 86' lang='lat' dir='ltr'>consurgit,</span> <span class='ocrx_word' id='word_1_170' title='bbox 929 3789 973 3859; x_wconf 86' lang='lat' dir='ltr'>ad</span> <span class='ocrx_word' id='word_1_171' title='bbox 988 3788 1235 3880; x_wconf 79' lang='lat' dir='ltr'>propagandam</span> <span class='ocrx_word' id='word_1_172' title='bbox 1251 3809 1324 3858; x_wconf 87' lang='lat' dir='ltr'>earn</span> <span class='ocrx_word' id='word_1_173' title='bbox 1339 3792 1373 3858; x_wconf 87' lang='lat' dir='ltr'>et</span> <span class='ocrx_word' id='word_1_174' title='bbox 1388 3809 1494 3858; x_wconf 85' lang='lat' dir='ltr'>corro-</span> 
     </span>
     <span class='ocr_line' id='line_1_25' title="bbox 364 3899 1493 3988; baseline -0.001 -20"><span class='ocrx_word' id='word_1_175' title='bbox 364 3899 546 3970; x_wconf 86' lang='lat' dir='ltr'>borandam</span> <span class='ocrx_word' id='word_1_176' title='bbox 560 3901 594 3970; x_wconf 89' lang='lat' dir='ltr'>iu</span> <span class='ocrx_word' id='word_1_177' title='bbox 610 3902 770 3971; x_wconf 88' lang='lat' dir='ltr'>mentibus</span> <span class='ocrx_word' id='word_1_178' title='bbox 786 3902 939 3988; x_wconf 89' lang='lat' dir='ltr'>omnium,</span> <span class='ocrx_word' id='word_1_179' title='bbox 955 3909 987 3970; x_wconf 86' lang='lat' dir='ltr'>et</span> <span class='ocrx_word' id='word_1_180' title='bbox 1002 3900 1194 3988; x_wconf 78' lang='lat' dir='ltr'>specialiter</span> <span class='ocrx_word' id='word_1_181' title='bbox 1209 3899 1333 3983; x_wconf 87' lang='lat' dir='ltr'>Regum</span> <span class='ocrx_word' id='word_1_182' title='bbox 1349 3904 1383 3966; x_wconf 91' lang='lat' dir='ltr'>et</span> <span class='ocrx_word' id='word_1_183' title='bbox 1397 3899 1493 3968; x_wconf 92' lang='lat' dir='ltr'>Prin·</span> 
     </span>
     <span class='ocr_line' id='line_1_26' title="bbox 364 4005 1494 4096; baseline -0.001 -20"><span class='ocrx_word' id='word_1_184' title='bbox 364 4009 482 4096; x_wconf 91' lang='lat' dir='ltr'>cipum,</span> <span class='ocrx_word' id='word_1_185' title='bbox 500 4008 680 4079; x_wconf 84' lang='lat' dir='ltr'>intentione</span> <span class='ocrx_word' id='word_1_186' title='bbox 698 4015 768 4080; x_wconf 86' lang='lat' dir='ltr'>tota</span> <span class='ocrx_word' id='word_1_187' title='bbox 776 4009 929 4095; x_wconf 88' lang='lat' dir='ltr'>omnique</span> <span class='ocrx_word' id='word_1_188' title='bbox 938 4007 1172 4096; x_wconf 81' lang='lat' dir='ltr'>sollieitudine,</span> <span class='ocrx_word' id='word_1_189' title='bbox 1187 4027 1228 4074; x_wconf 87' lang='lat' dir='ltr'>ao</span> <span class='ocrx_word' id='word_1_190' title='bbox 1238 4006 1329 4075; x_wconf 88' lang='lat' dir='ltr'>vorbi</span> <span class='ocrx_word' id='word_1_191' title='bbox 1340 4011 1373 4075; x_wconf 86' lang='lat' dir='ltr'>et</span> <span class='ocrx_word' id='word_1_192' title='bbox 1383 4005 1494 4092; x_wconf 86' lang='lat' dir='ltr'>operis</span> 
     </span>
     <span class='ocr_line' id='line_1_27' title="bbox 364 4113 1492 4205; baseline -0.002 -21"><span class='ocrx_word' id='word_1_193' title='bbox 364 4117 513 4186; x_wconf 82' lang='lat' dir='ltr'>efficacia</span> <span class='ocrx_word' id='word_1_194' title='bbox 527 4117 678 4187; x_wconf 88' lang='lat' dir='ltr'>laborare</span> <span class='ocrx_word' id='word_1_195' title='bbox 694 4113 857 4205; x_wconf 84' lang='lat' dir='ltr'>debemus,</span> <span class='ocrx_word' id='word_1_196' title='bbox 874 4124 910 4186; x_wconf 89' lang='lat' dir='ltr'>ut</span> <span class='ocrx_word' id='word_1_197' title='bbox 925 4116 1113 4188; x_wconf 80' lang='lat' dir='ltr'>Christiana</span> <span class='ocrx_word' id='word_1_198' title='bbox 1129 4114 1287 4200; x_wconf 88' lang='lat' dir='ltr'>religione</span> <span class='ocrx_word' id='word_1_199' title='bbox 1309 4113 1412 4182; x_wconf 89' lang='lat' dir='ltr'>latius</span> <span class='ocrx_word' id='word_1_200' title='bbox 1429 4113 1492 4182; x_wconf 85' lang='lat' dir='ltr'>dil·</span> 
     </span>
     <span class='ocr_line' id='line_1_28' title="bbox 362 4217 1493 4314; baseline -0.004 -19"><span class='ocrx_word' id='word_1_201' title='bbox 362 4227 511 4313; x_wconf 79' lang='lat' dir='ltr'>iusuper</span> <span class='ocrx_word' id='word_1_202' title='bbox 527 4225 645 4313; x_wconf 88' lang='lat' dir='ltr'>orbem,</span> <span class='ocrx_word' id='word_1_203' title='bbox 661 4225 767 4314; x_wconf 84' lang='lat' dir='ltr'>patris</span> <span class='ocrx_word' id='word_1_204' title='bbox 783 4228 890 4296; x_wconf 87' lang='lat' dir='ltr'>eterni</span> <span class='ocrx_word' id='word_1_205' title='bbox 913 4217 1000 4296; x_wconf 86' lang='lat' dir='ltr'>filius</span> <span class='ocrx_word' id='word_1_206' title='bbox 1025 4223 1255 4314; x_wconf 88' lang='lat' dir='ltr'>multiplicatis</span> <span class='ocrx_word' id='word_1_207' title='bbox 1279 4220 1493 4292; x_wconf 84' lang='lat' dir='ltr'>servitoribus</span> 
     </span>
     <span class='ocr_line' id='line_1_29' title="bbox 362 4325 1493 4423; baseline 0.002 -23"><span class='ocrx_word' id='word_1_208' title='bbox 362 4328 493 4422; x_wconf 89' lang='lat' dir='ltr'>plenius</span> <span class='ocrx_word' id='word_1_209' title='bbox 508 4329 691 4406; x_wconf 87' lang='lat' dir='ltr'>honoretur.</span> <span class='ocrx_word' id='word_1_210' title='bbox 716 4337 804 4406; x_wconf 83' lang='lat' dir='ltr'>Sane</span> <span class='ocrx_word' id='word_1_211' title='bbox 820 4325 856 4404; x_wconf 88' lang='lat' dir='ltr'>tu</span> <span class='ocrx_word' id='word_1_212' title='bbox 872 4325 1103 4423; x_wconf 66' lang='lat' dir='ltr'>olimseupiens</span> <span class='ocrx_word' id='word_1_213' title='bbox 1123 4332 1164 4403; x_wconf 88' lang='lat' dir='ltr'>de</span> <span class='ocrx_word' id='word_1_214' title='bbox 1178 4331 1386 4402; x_wconf 85' lang='lat' dir='ltr'>infidelitatis</span> <span class='ocrx_word' id='word_1_215' title='bbox 1401 4339 1493 4402; x_wconf 85' lang='lat' dir='ltr'>tene-</span> 
     </span>
     <span class='ocr_line' id='line_1_30' title="bbox 363 4439 1495 4530; baseline -0.001 -19"><span class='ocrx_word' id='word_1_216' title='bbox 363 4443 444 4529; x_wconf 90' lang='lat' dir='ltr'>bris,</span> <span class='ocrx_word' id='word_1_217' title='bbox 468 4463 531 4530; x_wconf 88' lang='lat' dir='ltr'>que</span> <span class='ocrx_word' id='word_1_218' title='bbox 554 4450 726 4530; x_wconf 88' lang='lat' dir='ltr'>postquam</span> <span class='ocrx_word' id='word_1_219' title='bbox 753 4445 853 4514; x_wconf 86' lang='lat' dir='ltr'>etiam</span> <span class='ocrx_word' id='word_1_220' title='bbox 877 4451 1011 4514; x_wconf 85' lang='lat' dir='ltr'>renatus</span> <span class='ocrx_word' id='word_1_221' title='bbox 1043 4443 1134 4512; x_wconf 86' lang='lat' dir='ltr'>fuisti</span> <span class='ocrx_word' id='word_1_222' title='bbox 1158 4441 1247 4510; x_wconf 88' lang='lat' dir='ltr'>lonte</span> <span class='ocrx_word' id='word_1_223' title='bbox 1270 4439 1495 4530; x_wconf 87' lang='lat' dir='ltr'>baptismatis,</span> 
     </span>
     <span class='ocr_line' id='line_1_31' title="bbox 364 4547 1494 4638; baseline 0 -18"><span class='ocrx_word' id='word_1_224' title='bbox 364 4552 474 4620; x_wconf 89' lang='lat' dir='ltr'>oculos</span> <span class='ocrx_word' id='word_1_225' title='bbox 491 4558 546 4620; x_wconf 91' lang='lat' dir='ltr'>tue</span> <span class='ocrx_word' id='word_1_226' title='bbox 561 4553 678 4623; x_wconf 87' lang='lat' dir='ltr'>mentis</span> <span class='ocrx_word' id='word_1_227' title='bbox 694 4553 907 4638; x_wconf 83' lang='lat' dir='ltr'>involverant,</span> <span class='ocrx_word' id='word_1_228' title='bbox 932 4554 976 4621; x_wconf 84' lang='lat' dir='ltr'>ad</span> <span class='ocrx_word' id='word_1_229' title='bbox 991 4553 1102 4622; x_wconf 92' lang='lat' dir='ltr'>lumen</span> <span class='ocrx_word' id='word_1_230' title='bbox 1117 4549 1284 4620; x_wconf 82' lang='lat' dir='ltr'>Oatholice</span> <span class='ocrx_word' id='word_1_231' title='bbox 1297 4547 1394 4634; x_wconf 84' lang='lat' dir='ltr'>fidei,</span> <span class='ocrx_word' id='word_1_232' title='bbox 1419 4553 1494 4620; x_wconf 88' lang='lat' dir='ltr'>sine</span> 
     </span>
     <span class='ocr_line' id='line_1_32' title="bbox 363 4655 1491 4747; baseline 0.003 -21"><span class='ocrx_word' id='word_1_233' title='bbox 363 4679 429 4744; x_wconf 85' lang='lat' dir='ltr'>qua</span> <span class='ocrx_word' id='word_1_234' title='bbox 443 4679 538 4730; x_wconf 88' lang='lat' dir='ltr'>nemo</span> <span class='ocrx_word' id='word_1_235' title='bbox 552 4659 698 4731; x_wconf 87' lang='lat' dir='ltr'>salvatur</span> <span class='ocrx_word' id='word_1_236' title='bbox 706 4711 716 4747; x_wconf 92' lang='lat'>,</span> <span class='ocrx_word' id='word_1_237' title='bbox 743 4669 776 4730; x_wconf 89' lang='lat' dir='ltr'>et</span> <span class='ocrx_word' id='word_1_238' title='bbox 800 4659 844 4730; x_wconf 89' lang='lat' dir='ltr'>ad</span> <span class='ocrx_word' id='word_1_239' title='bbox 859 4657 1077 4730; x_wconf 86' lang='lat' dir='ltr'>obedientiam</span> <span class='ocrx_word' id='word_1_240' title='bbox 1092 4655 1237 4728; x_wconf 82' lang='lat' dir='ltr'>Ecclesie</span> <span class='ocrx_word' id='word_1_241' title='bbox 1252 4657 1408 4746; x_wconf 87' lang='lat' dir='ltr'>Romane,</span> <span class='ocrx_word' id='word_1_242' title='bbox 1426 4680 1491 4730; x_wconf 92' lang='lat' dir='ltr'>nou</span> 
     </span>
    </p>
   </div>
   <div class='ocr_carea' id='block_1_7' title="bbox 0 0 1588 5186">
    <p class='ocr_par' dir='ltr' id='par_1_7' title="bbox 0 0 1588 5186">
     <span class='ocr_line' id='line_1_33' title="bbox 0 0 1588 5186; baseline 0 0"><span class='ocrx_word' id='word_1_243' title='bbox 0 0 1588 5186; x_wconf 95' lang='lat' dir='ltr'> </span> 
     </span>
    </p>
   </div>
  </div>
 </body>
</html>
