3210 5194
785 331 787 335 ’
844 362 1001 462 ..m-

360 577 432 624 rnrn
458 554 601 643 Nadibu‚
626 555 789 641 incipiens
804 563 916 623 tenere
941 563 1046 624 metus
1073 575 1149 622 oum
1174 554 1252 642 filijs
1268 557 1442 626 Pribialow
1458 560 1497 628 in

360 665 474 734 eodem
501 666 582 748 riuo,
609 671 642 732 et
666 683 727 751 per
753 669 858 730 metas
883 671 1007 731 terreas
1035 664 1208 732 descendit
1233 687 1335 754 prope
1361 668 1496 736 domum

360 773 498 840 liliorum
524 771 715 855 Prebialow‚
742 770 797 838 vbi
813 770 881 837 exit
897 792 917 837 a
932 770 1003 839 riuo
1029 771 1178 859 predicto
1196 773 1239 838 ad
1266 773 1425 842 orientem
1448 775 1496 843 ad

361 879 493 948 dunum
518 879 664 948 uuelleni
680 897 820 964 vergens
847 877 891 945 ad
907 885 1033 964 partem
1060 878 1306 948 meridionalem
1333 883 1375 948 ad
1394 884 1496 951 linem

362 986 456 1072 silue,
485 995 518 1055 et
536 1006 595 1073 per
622 992 726 1054 metus
750 993 875 1053 terreus
900 985 988 1052 eadit
1014 986 1048 1053 in
1072 986 1208 1054 fluuium
1233 987 1411 1072 Ohemech,
1438 992 1496 1056 vbi

362 1103 535 1181 separatur
551 1102 672 1162 eterra
688 1094 828 1162 filiorum
848 1094 1036 1175 Pr0bizlow‚
1064 1095 1226 1181 incipiens
1251 1102 1362 1162 mucre
1387 1105 1495 1164 metas

363 1223 436 1270 cum
453 1203 593 1270 Schulen
609 1203 763 1270 Weauico
780 1202 881 1269 castri
897 1201 938 1268 de
949 1203 1094 1286 Gordoa,
1110 1210 1143 1269 et
1160 1203 1266 1269 eundo
1283 1204 1328 1269 ad
1344 1204 1496 1272 occiden-

362 1317 428 1377 tem
444 1312 481 1388 in
502 1311 616 1380 eodem
641 1311 713 1378 riuo
729 1308 896 1377 Oherneclr
922 1309 1015 1395 apud
1039 1311 1185 1394 arbores,
1213 1309 1368 1379 videlicet
1392 1312 1494 1395 ilicis,

362 1419 443 1503 tylie
457 1426 492 1485 et
506 1418 589 1505 iugi,
614 1418 781 1501 inquibus
806 1425 858 1484 est
872 1419 1002 1502 signum
1029 1420 1144 1504 crucis,
1172 1425 1345 1506 separatur
1368 1426 1498 1486 aterra

363 1525 516 1610 Sohuleu,
541 1525 701 1611 incipiens
729 1533 841 1593 tenere
856 1531 960 1592 metes
977 1544 1051 1594 oum
1077 1532 1165 1593 terra
1179 1527 1282 1593 Marci
1307 1533 1340 1594 et
1355 1527 1496 1595 aliorum

364 1633 405 1699 de
421 1652 542 1716 genere
557 1633 735 1719 Dersiuoy,
762 1639 794 1700 et
810 1634 916 1701 eundo
939 1653 999 1719 per
1024 1631 1163 1700 eandem
1188 1653 1307 1718 aquam
1324 1632 1496 1702 (lherneoh

364 1739 453 1824 apud
468 1741 602 1808 arbores
618 1741 653 1806 in
669 1739 798 1808 modum
816 1741 921 1808 erucis
938 1740 1087 1825 signatas
1110 1747 1282 1827 separabar
1299 1761 1320 1807 a
1336 1746 1425 1806 terra
1440 1759 1497 1826 ge·

363 1845 547 1913 neraoionis
563 1847 735 1934 Dersiuoy‚
764 1856 797 1916 et
810 1853 901 1916 tenet
916 1855 1021 1916 metas
1047 1867 1119 1915 oum
1135 1846 1280 1933 Hudyna
1299 1845 1433 1931 Comite,
1459 1855 1498 1913 et

363 1972 421 2040 per
436 1971 557 2036 aquam
574 1952 741 2021 Obernecb
768 1955 857 2022 eadit
873 1957 906 2022 in
923 1955 1057 2023 fluuium
1074 1954 1225 2039 (ihesrna,
1253 1973 1423 2041 perquem
1439 1954 1498 2020 de·

365 2058 553 2127 scandendo
579 2062 648 2128 exit
663 2061 698 2126 in
714 2062 818 2129 riuum
835 2064 1001 2148 Rogoanu,
1028 2081 1197 2146 perquem
1214 2062 1319 2129 tendit
1342 2062 1497 2148 superius

364 2183 479 2233 versos
496 2166 695 2252 aquilonem,
723 2176 756 2236 et
771 2167 905 2236 dimittit
920 2170 1024 2237 riuum
1040 2189 1180 2256 vergens
1205 2169 1420 2238 adorientem
1448 2168 1497 2235 ad

366 2275 498 2342 domum
514 2278 668 2363 anellani,
695 2287 728 2346 et
743 2279 885 2349 tenendo
900 2288 1007 2348 metas
1023 2299 1095 2347 cum
1110 2279 1238 2346 Thoma
1258 2278 1326 2345 filio
1342 2280 1496 2346 Rorooon

366 2381 460 2451 iuxta
475 2385 593 2453 siluam
620 2405 678 2472 per
694 2393 819 2453 terreas
846 2393 950 2454 metas
965 2397 999 2456 et
1015 2388 1150 2455 arbores
1170 2387 1319 2472 signatas
1343 2382 1498 2470 peruenit

365 2491 410 2557 ad
436 2493 601 2576 quandam
618 2495 706 2560 vium
731 2494 775 2561 ad
790 2502 909 2562 terram
925 2495 1075 2580 Magistri
1101 2494 1247 2579 Desteni,
1274 2492 1372 2562 etsie
1392 2493 1498 2559 intrat

365 2599 484 2666 siluam
502 2596 669 2668 Obernech
686 2621 799 2669 versus
817 2603 984 2686 orientem,
1010 2600 1212 2686 tendensque
1226 2622 1285 2689 per
1310 2607 1415 2668 metas
1430 2605 1496 2666 ter-

365 2725 439 2774 reas
465 2708 509 2774 ad
534 2709 669 2776 arbores
697 2709 855 2794 signatus,
882 2710 1000 2778 transit
1025 2710 1107 2779 duos
1133 2711 1223 2778 riuos
1246 2711 1434 2795 Rogomam
1461 2717 1498 2775 et

368 2813 589 2901 Ossewpatalr
600 2835 713 2884 versus
729 2817 991 2902 septemtrionem
1009 2817 1053 2884 ad
1063 2819 1211 2884 arborem
1227 2815 1329 2903 zylfa,
1348 2816 1408 2883 sub
1424 2834 1496 2898 qua

367 2927 418 2987 est
430 2929 556 3008 puteus,
575 2929 607 2990 et
622 2923 802 3009 procedens
818 2943 877 3010 per
893 2924 981 2991 viam
998 2932 1031 2991 et
1045 2944 1103 3009 per
1116 2917 1359 2991 netas'torreas
1374 2941 1495 2989 versus

366 3026 567 3095 decidentem
593 3029 682 3098 cudit
701 3029 734 3096 in
761 3031 866 3098 riuum
883 3029 1108 3117 Choruusnyk,
1135 3047 1304 3117 perquem
1324 3025 1496 3096 descendit

366 3135 400 3201 in
416 3155 536 3219 aquam
552 3135 761 3224 Nogurboua,
779 3145 811 3206 et
826 3139 944 3206 transit
958 3158 1077 3222 uquam
1095 3136 1243 3220 eandem,
1264 3141 1298 3203 et
1313 3155 1371 3223 per
1386 3143 1495 3204 metas

365 3248 490 3310 terreas
506 3245 595 3311 venit
620 3245 663 3312 ad
679 3264 800 3327 aquam
823 3245 997 3330 Broaooolr,
1024 3254 1058 3314 et
1072 3253 1245 3333 separatur
1269 3263 1292 3310 a
1314 3251 1401 3311 terra
1425 3244 1494 3310 lla-

367 3350 462 3434 gistri
472 3352 618 3434 Desteni,
636 3352 797 3439 incipiens
808 3361 917 3421 tenere
928 3361 1032 3421 metas
1049 3373 1121 3421 cum
1131 3352 1259 3419 Thoma
1270 3351 1335 3418 lilio
1345 3353 1494 3418 Rorooon

295 3445 296 3450 ’
365 3455 573 3539 pereaudem
583 3476 713 3542 aquam,
729 3477 895 3543 perquam
906 3459 1010 3526 eciam
1021 3457 1152 3526 caditin
1163 3477 1283 3544 aquam
1293 3457 1494 3544 Kisurboua,

365 3581 423 3648 per
448 3581 545 3644 quam
570 3562 663 3630 vadit
686 3583 788 3650 supra
812 3586 913 3652 prope
938 3567 1066 3634 domum
1094 3567 1212 3653 Zylya,
1242 3572 1274 3633 et
1298 3564 1494 3632 dimittendo

367 3688 485 3754 aquam
503 3669 639 3738 eandem
657 3671 690 3737 in
707 3673 849 3756 quadam
862 3673 948 3740 valle
964 3694 1023 3760 per
1041 3693 1170 3742 cerasos
1189 3670 1339 3741 ascendit
1355 3673 1389 3739 in
1405 3692 1492 3739 mon-

365 3783 440 3860 tem,
466 3776 605 3846 tenendo
621 3787 726 3848 metas
743 3800 815 3848 cum
842 3781 1064 3849 castrensibus
1085 3781 1126 3847 de
1143 3779 1347 3864 chesnium,
1374 3786 1407 3846 et
1422 3800 1493 3866 per·

364 3883 506 3952 uenitad
521 3885 625 3954 riuum
635 3887 818 3974 Kopriwni,
839 3908 899 3975 per
914 3908 1010 3973 quem
1021 3886 1126 3956 eundo
1142 3887 1291 3973 peruenit
1305 3886 1350 3953 ad
1360 3888 1492 3956 domum

364 3994 534 4080 Dragynu‚
561 4001 594 4062 et
609 3995 686 4063 inde
702 4015 761 4082 per
777 4015 906 4063 cerasos
932 3993 1094 4081 stoicum,
1112 4000 1145 4061 et
1159 4014 1220 4082 per
1246 4000 1351 4061 metas
1367 4001 1493 4062 terreas

363 4101 399 4166 in
415 4120 531 4187 campo
556 4104 705 4189 peruenit
729 4104 772 4169 ad
788 4105 937 4171 arborem
963 4103 1108 4186 sorbelli,
1133 4102 1194 4169 sub
1219 4120 1286 4186 qua
1311 4108 1362 4168 est
1383 4109 1494 4185 meta,

364 4208 439 4274 binc
455 4210 604 4278 aseendit
618 4230 734 4296 pamm
751 4213 783 4279 iu
800 4211 921 4278 vallem
940 4231 1052 4280 versus
1068 4210 1235 4294 orientem,
1259 4216 1293 4276 et
1308 4207 1493 4276 ascendens

365 4324 506 4386 moutam
522 4337 582 4405 per
598 4325 722 4385 terreas
738 4324 841 4386 metes
857 4318 950 4386 iuxta
965 4318 1081 4385 vineas
1102 4317 1318 4384 castrensium
1336 4315 1378 4386 de
1395 4313 1495 4383 Ches-

364 4423 471 4491 miche
486 4424 659 4493 reuertitur
675 4426 718 4492 ud
742 4427 881 4513 primam
897 4431 1026 4510 metam,
1041 4431 1074 4492 et
1088 4423 1134 4491 ibi
1154 4423 1355 4491 terminatur.
1383 4420 1494 4488 Prima

364 4551 441 4600 vero
462 4537 549 4599 meta
565 4539 650 4600 terre
665 4533 793 4618 Horost,
810 4541 905 4619 prout
915 4553 974 4620 per
986 4534 1109 4601 laxam
1123 4530 1251 4598 Banum
1265 4529 1366 4598 filium
1382 4529 1492 4612 Isacb,

367 4638 423 4720 qui
437 4638 480 4706 de
496 4639 651 4708 mandato
667 4647 777 4711 nostro
802 4643 908 4729 ipsum
924 4643 959 4709 in
975 4641 1113 4710 eandem
1134 4639 1380 4726 possessionem
1394 4636 1494 4704 intro-
