3226 5194
616 934 694 1002 347.

67 1117 100 1181 A
118 1115 392 1203 szdbcofebercori
406 1117 682 1206 triptolonnukbia
683 1117 902 1204 onysciyleuele,
920 1117 1001 1204 kopp
1010 1115 1086 1182 ΕΜΓ
1101 1115 1215 1182 Mello

67 1227 239 1291 romescot·
255 1227 306 1309 fio
333 1225 459 1311 Dijencs
483 1233 561 1293 neco
582 1249 671 1313 perus
695 1227 827 1293 bicolor
851 1227 956 1292 Fauno
983 1225 1214 1312 pannonbulmi

401 1335 539 1421 apolonie
557 1335 725 1421 dlenqedlc.
751 1333 848 1400 1258.

190 1531 383 1618 Capitulum
408 1531 556 1599 Ecclesie
571 1529 727 1600 Albensis
753 1531 914 1612 uniuersis
930 1531 1112 1599 Christiane
1138 1527 1214 1599 ndei

71 1640 266 1709 cultoribus
291 1640 496 1729 presentibus
513 1641 637 1728 pariter
654 1651 685 1709 et
703 1639 820 1709 suturis
834 1641 1039 1730 presencium
1061 1642 1213 1710 noticiam

71 1747 250 1817 habituris
276 1749 412 1816 salutem
437 1749 470 1816 in
486 1769 534 1834 eo,
558 1750 614 1832 qni
640 1755 689 1816 est
704 1749 794 1817 salus
820 1749 971 1818 omnium.
997 1749 1101 1816 Omne
1125 1748 1212 1835 quod

75 1858 278 1925 memoriam
290 1857 425 1946 appetit,
446 1856 579 1945 dignum
596 1863 645 1926 est
655 1859 841 1928 testimonio
858 1859 1038 1927 litterarum
1054 1877 1211 1928 commen·

74 1962 173 2052 dare,
203 1987 246 2034 ne
271 1987 323 2033 res
346 1967 569 2054 temporaliter
589 1975 681 2051 geste
705 1969 801 2037 simul
826 1987 899 2036 cum
915 1967 1044 2036 labente
1067 1976 1212 2055 tempore

77 2093 96 2140 c
130 2074 297 2143 memoria
327 2073 573 2143 succedencium
604 2075 786 2145 elabuntur.
819 2077 978 2156 Quocirca
1002 2075 1214 2144 Vniuersitati

76 2187 195 2249 uestro
211 2188 325 2250 tenore
349 2182 553 2269 presencium
568 2180 783 2271 declaramus,
808 2183 895 2268 quod
910 2183 989 2250 Eleo
1005 2181 1090 2251 iilius
1108 2181 1214 2252 comi-

77 2291 122 2358 tis
150 2289 287 2357 Nicolai
312 2291 458 2358 exhibuit
484 2291 579 2360 nobis
604 2291 730 2361 litteras
758 2293 880 2362 domini
904 2293 1005 2380 Regis
1030 2295 1090 2360 hec
1115 2292 1215 2360 verba

79 2400 310 2467 continentes:

195 2508 278 2576 Bcla
293 2509 355 2576 Dei
373 2509 487 2595 gracia
497 2510 567 2576 Rex
577 2511 744 2595 Hungarie
760 2512 823 2578 stb.
839 2511 1052 2597 (kovctkenik
1063 2512 1116 2578 lV.
1134 2509 1214 2580 Belo

81 2617 269 2705 kiralynak
289 2617 423 2686 reon-ki
439 2617 615 2705 okmtnya,
632 2619 712 2688 mint
728 2619 860 2690 ientebb
877 2623 953 2690 305.
974 2641 1020 2689 sc.
1036 2622 1083 2708 a.)

197 2729 239 2795 lit
254 2725 459 2815 postmodum
474 2726 589 2795 eodem
602 2727 656 2795 die
670 2736 704 2797 et
719 2729 801 2798 hora
816 2729 965 2798 dominus
974 2729 1085 2797 Fauno
1100 2729 1213 2796 Abbas

84 2837 201 2905 Sancti
218 2839 348 2906 Martini
373 2836 414 2904 de
429 2839 529 2907 Sacro
545 2841 653 2907 Monte
669 2839 838 2908 Pannonio
853 2840 1001 2908 exhibuit
1019 2837 1113 2908 nobis
1129 2839 1213 2905 litte·

84 2965 140 3012 ras
157 2954 291 3014 nostras
308 2947 513 3014 memoriales
529 2948 589 3015 sub
609 2948 671 3016 hac
686 2946 810 3017 torma:

197 3055 267 3123 Nos
284 3054 467 3141 Capitulum
478 3055 860 3126 Ecclesienlbmsisstb.
879 3043 1092 3143 (novetkezik
1103 3073 1213 3142 ugyan

87 3163 283 3232 alebervtri
294 3163 522 3251 ktptalannak
536 3165 671 3234 leno-ki
683 3164 976 3250 bizonystglevele
991 3165 1072 3231 mint
1081 3161 1214 3230 ientebb

87 3275 164 3342 313.
182 3295 227 3343 sn.
245 3273 291 3358 a.)

197 3387 239 3452 Et
254 3385 369 3453 iterum
396 3383 481 3451 lolem
497 3384 647 3452 dominus
664 3379 776 3450 Abbas
801 3402 912 3450 coram
936 3381 1050 3450 eoder'n
1066 3382 1142 3449 lilec
1159 3401 1212 3449 cx·

88 3494 195 3564 hibuit
211 3495 296 3561 alias
314 3495 439 3560 litteras
456 3499 585 3561 nostras
601 3494 803 3562 continentes
819 3492 902 3558 hunc
919 3497 1081 3558 tenorem:

198 3603 266 3671 Nos
277 3602 462 3689 Capitulum
473 3601 783 3670 EcclesicAlbensis
794 3601 856 3668 stb.
875 3597 1088 3687 (kllvellrenik
1101 3617 1213 3684 ugyan

90 3711 286 3782 uiebtrvtri
312 3711 538 3799 kaptalannak
566 3709 701 3780 leot-ki
719 3709 1014 3796 bizonystgleveie‚
1042 3709 1123 3776 mint
1144 3706 1213 3776 ien-

88 3821 166 3888 tebb
182 3823 259 3890 332.
276 3841 320 3888 sc.
340 3820 385 3904 u.)

91 3929 106 3940 ''
198 3930 302 4014 Igitur
311 3929 437 3999 (luobus
448 3930 543 3997 annis
553 3926 751 4017 supradictis
761 3925 901 3995 finaliter
911 3924 1066 4011 decursis,
1084 3925 1117 3991 in
1126 3924 1212 4011 prin·

92 4039 177 4128 cipio
194 4038 285 4107 tercii
302 4038 378 4107 anni
395 4037 481 4104 idem
492 4038 581 4123 Elec,
597 4041 632 4104 ut
647 4043 698 4104 est
712 4034 843 4123 dictum,
861 4053 970 4102 coram
985 4031 1080 4101 nobis
1095 4032 1211 4100 consti·
1315 4077 1318 4084 -

93 4153 188 4233 tutus,
214 4154 326 4233 utpote
339 4147 389 4214 uir
404 4143 563 4215 discretus
580 4153 612 4212 et
628 4145 770 4230 undique
786 4142 1036 4229 circumspectus
1056 4147 1089 4207 et
1103 4140 1212 4207 anime

91 4275 148 4323 sue
172 4255 315 4324 remedio
339 4254 530 4343 prouidere,
557 4261 589 4321 et
614 4254 657 4319 ab
682 4270 779 4320 onere
804 4249 883 4316 rlicti
908 4247 1010 4315 debiti
1034 4267 1099 4332 qno
1125 4247 1212 4314 (licto

92 4364 212 4432 Abbati
229 4371 261 4431 et
276 4383 335 4433 suo
352 4362 549 4432 monasterio
565 4362 734 4429 tenebatur
757 4359 920 4444 obligatus
937 4378 972 4425 se
990 4358 1122 4444 cupiens
1139 4377 1213 4426 exo·

94 4491 206 4540 nerare
231 4478 264 4539 et
289 4471 480 4556 absoluere,
512 4469 675 4556 quandam
702 4469 941 4555 possessionem
965 4476 1064 4535 suam'
1087 4465 1213 4550 Dijenis

94 4583 189 4649 sitarn
215 4583 247 4648 in
274 4580 436 4648 concitatu
462 4579 656 4648 Posoniensi
683 4597 754 4644 cum
779 4577 929 4644 omnibns
956 4573 1149 4642 utilitatibus
1180 4582 1213 4642 et

96 4691 312 4778 pertinenciis,
332 4691 410 4758 nibil
423 4690 575 4774 jurisseu
590 4687 750 4773 porcionis
762 4685 823 4751 sibi
835 4687 866 4752 in
878 4683 992 4752 cadom
1004 4684 1211 4771 reseruando,
