3210 5194
916 363 1073 466 „lit-

427 561 573 647 perioulo
589 579 753 647 exponere
767 558 967 644 formidans,
984 557 1192 644 postmodum
1207 563 1399 623 autemcum
1415 557 1579 641 Regnum

425 675 572 736 nostrum
592 668 712 735 Diuino
732 666 852 734 iudicio
872 665 987 734 fornax
1007 664 1220 733 succenderat
1232 664 1502 747 Thartharorum,
1526 683 1577 730 ex

425 775 767 860 multatiduciaquam
777 775 819 840 ah
832 773 902 840 eius
912 773 1070 840 fidelitate
1080 791 1174 840 mens
1183 773 1289 857 Regia
1299 773 1481 855 obtinebat,
1498 791 1577 839 cor-

427 889 571 950 nostrum
588 890 622 949 et
636 883 780 949 ammam
797 887 950 964 nostram,
971 881 1180 948 karissimum
1195 878 1351 946 uidelicet
1364 877 1575 967 primogeni-

426 995 495 1054 tum
518 996 664 1056 nostrum
689 989 813 1053 Ducem
837 987 1036 1071 Stephanum
1055 985 1203 1052 inclitum
1219 991 1254 1053 et
1267 986 1430 1053 illustrem
1446 985 1483 1052 in
1498 1004 1575 1052 ma·

426 1114 487 1162 nus
503 1095 575 1162 eins
591 1093 744 1160 duximus
764 1093 1066 1176 commendandum,
1086 1093 1144 1177 qui
1159 1093 1296 1160 eundem
1311 1093 1574 1180 primogenitum

426 1210 573 1269 nostrum
588 1221 655 1268 vna
670 1221 743 1268 cum
760 1201 835 1268 aliis
850 1201 995 1287 prohhus
1015 1201 1135 1268 nostms
1151 1201 1238 1268 tristi
1254 1206 1402 1287 tempore
1417 1200 1507 1266 letos
1517 1220 1572 1267 τε-

426 1310 533 1376 tinens
549 1310 584 1376 in
600 1306 727 1376 deliciis
754 1308 1031 1392 conuenientibus,
1060 1328 1159 1377 sanos
1188 1307 1370 1376 recondidit
1386 1313 1419 1375 et
1435 1306 1569 1376 illesos.

424 1419 563 1485 Demum
588 1438 666 1486 uero
692 1436 764 1483 cum
780 1424 892 1503 partes
911 1418 1095 1485 maritimas
1115 1417 1320 1504 rediissemus,
1338 1416 1426 1485 idem
1444 1417 1571 1485 (lomes

424 1526 567 1593 Micheel
582 1525 721 1593 confinia
743 1526 952 1592 nostraoirca
971 1526 1098 1593 Vorosd
1114 1536 1146 1593 et
1161 1529 1331 1594 Petouiam
1347 1526 1380 1592 in
1396 1532 1492 1592 tante
1502 1533 1570 1592 tur·

426 1633 573 1700 haciouis
590 1638 735 1719 tempore
751 1640 864 1700 contra
888 1633 1116 1701 malefactores
1143 1633 1398 1719 quamplurimos
1413 1632 1515 1698 illesa
1531 1640 1569 1698 et

426 1742 617 1827 indempnis
633 1743 757 1827 potenti
775 1740 893 1807 uirtute
915 1740 1091 1826 ualidoque
1107 1741 1240 1808 bruchio
1256 1741 1476 1825 conseruauit,
1492 1761 1567 1826 pro·

425 1850 600 1918 ficisoendo
626 1848 667 1916 dc
693 1849 813 1916 uirtute
838 1850 871 1916 in
894 1849 1055 1932 uirtutem,
1075 1856 1107 1915 ct
1132 1849 1167 1914 in
1183 1869 1244 1915 sua
1259 1848 1415 1915 fidelitate
1431 1849 1565 1913 culmen

424 1959 617 2040 constancie
640 1955 858 2024 ascendendo.
884 1957 926 2022 lit
949 1957 1027 2040 quia
1051 1956 1183 2042 longum
1214 1963 1300 2024 esset
1325 1974 1482 2021 enomere
1504 1974 1565 2040 ρετ

423 2063 557 2147 singula
568 2063 638 2129 eius
655 2081 755 2148 opera
767 2062 863 2128 laude
879 2061 992 2151 digna,
1009 2063 1126 2128 saltem
1142 2071 1177 2128 ut
1193 2083 1251 2148 per
1266 2062 1410 2129 redicem
1427 2080 1564 2147 conpre-

425 2170 605 2236 hendamus
631 2188 750 2254 ramos,
773 2167 906 2236 frondes
934 2176 967 2235 et
994 2169 1116 2237 fructum
1143 2170 1269 2238 arboris
1286 2161 1561 2249 commendande,

425 2277 530 2364 ipsius
545 2275 717 2362 generacio
727 2276 834 2342 fidelis
844 2296 972 2363 semper
988 2278 1096 2345 extitit
1111 2279 1236 2345 Corone
1251 2279 1354 2364 Regie
1370 2297 1409 2343 ao
1426 2275 1560 2356 deuota,

425 2393 538 2470 utpote
563 2385 596 2450 in
621 2387 734 2468 Regno
761 2403 818 2450 suo
844 2383 967 2450 fructus
996 2383 1212 2468 dulcissimos,
1228 2404 1306 2451 nam
1320 2386 1466 2452 Berones
1484 2383 1562 2449 fide

424 2492 569 2559 lissimos
586 2492 791 2577 germinauit.
808 2493 845 2558 In
862 2493 1059 2559 contrarium
1079 2513 1157 2560 uero
1174 2492 1306 2576 quidam
1322 2493 1365 2558 de
1381 2492 1563 2559 Sclauonia

424 2599 556 2667 nomine
573 2600 728 2666 Puchuna
743 2604 791 2668 tot
807 2606 839 2666 et
855 2607 947 2666 tanta
961 2600 993 2666 in
1010 2602 1123 2684 Regno
1135 2609 1247 2667 nostro
1256 2598 1394 2666 ducente
1408 2599 1559 2684 maligno

424 2707 540 2792 spiritu
566 2708 653 2773 mala
679 2709 889 2793 perpetrauit,
905 2713 1114 2793 propterque
1131 2709 1334 2774 membratim
1348 2727 1407 2794 ρετ
1424 2707 1560 2773 diuersa

424 2817 498 2884 locu
513 2816 681 2902 suspendi,
698 2824 765 2884 toto
776 2818 888 2901 Regno
907 2824 1021 2884 uonna
1036 2818 1142 2904 ipsum
1152 2817 1308 2884 reddente
1324 2818 1558 2896 testimonium,

425 2923 619 3008 merehatur,
637 2923 855 2989 clamantibus
866 2930 981 2990 contra
990 2924 1095 3009 ipsum
1111 2923 1296 2990 homicidiis
1306 2923 1425 3007 multis,
1437 2931 1470 2989 et
1479 2923 1558 2989 aliis

420 3029 607 3118 nephandis
622 3030 820 3116 criminibus,
847 3035 881 3094 et
893 3029 1081 3115 specialiter
1098 3031 1258 3116 sunguine
1273 3033 1423 3117 Magistri
1439 3031 1555 3096 Ochus

422 3138 481 3205 filii
497 3138 607 3204 Ochus
622 3138 715 3222 Bani,
741 3157 837 3221 quem
853 3137 938 3204 inter
957 3137 1040 3204 alios
1066 3137 1240 3204 crudeliter
1254 3137 1436 3221 interiecit,
1463 3138 1558 3203 cuius

422 3267 509 3314 mors
525 3247 602 3312 fecit
619 3245 793 3312 tristiciam
807 3245 866 3311 toti
882 3247 1014 3330 Regno;
1037 3266 1100 3329 que
1116 3247 1218 3313 multa
1234 3254 1267 3313 et
1281 3247 1428 3314 enormia
1443 3252 1557 3314 nostro

423 3359 457 3422 et
472 3360 654 3420 nostrorum
671 3353 834 3419 Beronum
851 3358 883 3418 et
899 3351 1004 3419 tocius
1021 3354 1125 3438 Regni
1141 3353 1242 3420 nostri
1259 3353 1381 3421 iudicio
1390 3355 1502 3440 ipsum
1511 3354 1558 3421 ad

421 3460 560 3526 alicuius
576 3458 738 3526 horrende
755 3461 867 3527 mortis
884 3459 1063 3545 periculum
1080 3460 1311 3547 perducebant.
1337 3462 1457 3528 Verum
1474 3462 1555 3545 quia

422 3567 677 3634 misericordiam
702 3568 877 3652 diligimus,
903 3578 939 3636 ut
963 3589 983 3635 a
1009 3569 1218 3638 misericorde
1234 3577 1266 3636 et
1281 3570 1316 3637 id
1331 3577 1473 3640 testante
1490 3571 1555 3637 Do·

423 3678 509 3744 mino
526 3675 780 3743 misericordiam
800 3697 1045 3760 consequamur,
1075 3679 1187 3745 eodem
1203 3679 1359 3746 Puchuna
1375 3678 1555 3762 possessio-

421 3785 517 3851 nibus
541 3786 610 3853 suis
634 3785 792 3870 omnihus,
811 3805 868 3872 ρετ
885 3805 968 3871 quas
984 3786 1169 3869 transgredi
1194 3794 1324 3873 poterat
1339 3794 1372 3854 et
1387 3795 1555 3873 transgre-

420 3894 583 3977 diebatur,
609 3894 718 3960 facere
743 3893 832 3959 mala
848 3901 882 3959 et
897 3893 983 3976 fecit,
1010 3894 1188 3961 iustissime
1207 3896 1358 3981 spoliato,
1375 3915 1552 3982 personam

419 4003 525 4088 ipsius
550 4002 653 4070 libere
678 4002 770 4069 abire
794 4000 1001 4087 permisimus
1027 4002 1088 4068 sub
1113 4023 1151 4070 co
1168 4002 1365 4071 condicionis
1382 4001 1553 4085 ligamine,

418 4107 508 4191 quod
531 4108 611 4175 lesis
633 4127 692 4193 per
708 4108 814 4195 ipsum
831 4107 1046 4192 satisfaceret,
1074 4106 1115 4174 de
1131 4115 1237 4177 cetero
1253 4109 1335 4176 talia
1350 4109 1553 4178 committere

420 4214 655 4302 postponendo.
682 4217 781 4283 cuius
807 4215 1043 4303 possessiones,
1069 4217 1222 4284 uidelicet
1246 4219 1357 4285 Lobnr
1374 4224 1408 4284 et
1425 4217 1551 4302 Velica,

422 4323 583 4391 Olenonik
599 4343 638 4389 ac
648 4324 827 4409 Zlogonam
844 4343 916 4391 cum
933 4325 1081 4394 omnihus
1097 4326 1281 4411 attineuoijs
1297 4327 1376 4411 suis,
1393 4326 1553 4412 prenomi-

419 4438 497 4497 nato
522 4430 674 4497 Michaeli
700 4431 816 4498 Comiti
842 4430 883 4496 de
907 4432 1041 4517 Vorosd,
1060 4439 1092 4499 et
1108 4432 1174 4500 suis
1191 4433 1366 4501 heredibus
1381 4435 1413 4500 in
1431 4453 1550 4524 memo·

417 4538 501 4605 riam
527 4537 737 4624 multiplicum
762 4539 973 4606 seruiciorum
998 4541 1079 4624 eius,
1095 4561 1161 4608 non
1177 4549 1286 4610 tamen
1302 4541 1337 4609 in
1353 4542 1487 4629 plenam
1503 4562 1549 4610 re-

411 4647 731 4730 compensacionem,
756 4666 829 4713 cum
855 4647 951 4731 longe
976 4647 1082 4715 minus
1098 4648 1150 4733 sit,
1174 4649 1263 4733 quod
1285 4649 1315 4715 ci
1331 4648 1498 4717 offerimus
1516 4649 1548 4715 in
