3162 5188
884 815 962 886 228.

356 983 465 1050 Istoda
480 984 652 1050 amnonius?
668 983 730 1047 bria
746 982 858 1047 Sceuae
885 993 993 1045 commi
1011 983 1155 1068 biaonpoa
1163 981 1395 1069 foldbirtolrlrul
1411 1003 1496 1068 mep
1558 961 1561 1050 ‘2

455 1091 725 1176 udmndnyozocin,
743 1088 848 1152 antrat
862 1088 1002 1153 laterata
1012 1091 1040 1152 is
1055 1090 1268 1175 azabelyozao.
1289 1087 1388 1154 1251.
1561 1072 1562 1104 ¹

479 1269 549 1337 Nos
573 1268 758 1355 Stephanus
783 1268 895 1335 Bonus
920 1267 1024 1335 tooius
1045 1267 1225 1336 Solanonie
1254 1267 1498 1354 significamus

358 1377 507 1446 omnibus
523 1396 660 1465 presens
686 1375 841 1464 seriptum
860 1375 1064 1463 inspeoturis,
1093 1375 1181 1461 quod
1197 1396 1270 1443 oum
1286 1375 1436 1444 Gurbisa
1453 1374 1499 1441 io·

358 1484 458 1571 bagio
470 1483 578 1553 Custri
594 1483 802 1552 Zaladiensie
821 1503 931 1552 eoram
948 1484 1170 1553 nobisouline
1190 1483 1363 1554 iudiciario
1376 1483 1500 1551 luisset

359 1598 538 1681 eonniotns,
563 1602 597 1662 et
611 1599 700 1663 terra
715 1611 775 1660 sua
804 1593 870 1659 sita
885 1593 971 1660 inter
992 1598 1113 1660 terrun
1129 1591 1224 1680 Opoy
1241 1599 1274 1660 et
1289 1598 1413 1669 terram
1430 1589 1497 1658 Ge-

359 1705 442 1791 orgii
461 1705 519 1773 lilii
536 1703 685 1771 Maurioii
701 1703 743 1770 de
758 1703 829 1771 iure
845 1700 890 1768 ad
906 1721 1022 1769 manus
1038 1709 1169 1769 nostras
1186 1701 1352 1787 deuolute,
1375 1701 1499 1768 saltem

359 1815 465 1901 ipsum
485 1819 604 1880 terram
620 1810 723 1898 ipsius
741 1807 881 1877 Curbise
904 1809 1099 1878 contulimus
1113 1812 1226 1877 Soeme
1237 1809 1356 1878 Comiti
1372 1809 1498 1876 dilecto

360 1929 394 1989 et
420 1919 509 1988 fideli
535 1919 692 1986 nostruin
720 1921 914 2004 perpetuum
942 1914 1188 2004 possidendam.
1215 1917 1256 1986 lit
1275 1921 1360 1984 mete
1387 1915 1498 2004 ipsius

361 2036 445 2095 terre
472 2031 632 2114 exparte
658 2032 743 2093 terre
769 2022 905 2110 Georgii
930 2025 993 2092 hoo
1018 2024 1113 2093 modo
1138 2023 1380 2110 distinguntur,
1412 2025 1499 2092 siout

362 2136 477 2204 Mortui
502 2132 693 2222 pristaldos,
718 2138 752 2198 et
778 2132 875 2201 homo
890 2130 1036 2218 Capituli
1055 2132 1290 2218 Zagrabiensis
1315 2139 1424 2199 metas
1451 2129 1499 2196 ibi

363 2246 549 2330 posuerunt,
567 2245 602 2306 et
619 2259 679 2308 nos
691 2259 748 2307 eas
767 2239 908 2307 uidimus
919 2239 951 2304 iu
968 2238 1085 2307 litteris
1096 2238 1241 2327 Capituli
1257 2238 1305 2306 sie
1321 2237 1498 2321 contineri,

363 2356 397 2416 et
411 2348 484 2435 ipse
498 2348 630 2433 bloroel,
656 2353 689 2415 et
704 2347 800 2415 bomo
817 2345 960 2435 Capituli
978 2345 1082 2415 seiam
1098 2349 1297 2415 nerbotenue
1321 2347 1369 2414 sio
1387 2353 1498 2413 metae

364 2456 751 2525 eleuaeseasseruerunt:
769 2455 881 2522 Prima
891 2453 989 2541 igitur
999 2460 1087 2523 meta
1095 2455 1239 2544 ineipita
1257 2455 1357 2524 fluuio
1368 2457 1498 2540 Draua,

365 2571 397 2631 et
412 2563 505 2632 uadit
530 2564 573 2631 ad
589 2563 737 2631 arborem
761 2564 936 2650 populeum
962 2563 1248 2649 crucesignatum,
1274 2563 1336 2631 sub
1361 2572 1499 2649 quaest

365 2681 455 2741 meta
469 2677 594 2758 terrea,
612 2671 731 2740 dehine
746 2678 856 2740 antem
872 2671 966 2739 uadit
980 2669 1025 2739 ud
1037 2671 1137 2739 uliam
1156 2674 1305 2740 arborem
1317 2674 1498 2760 populeum

365 2799 459 2849 erues
484 2779 659 2865 signatam,
681 2780 827 2863 subque
848 2785 899 2848 est
914 2785 1000 2846 metu
1015 2785 1140 2866 terrea5
1167 2779 1286 2848 (lebino
1301 2787 1411 2849 autem
1440 2803 1498 2850 na·

366 2888 416 2956 dit
431 2887 475 2956 ad
491 2888 680 2974 uirgultum,
696 2887 730 2954 in
747 2885 854 2956 medio
864 2888 957 2955 onius
972 2896 1023 2955 est
1037 2888 1136 2955 arbor
1149 2891 1250 2976 seplsa
1265 2909 1363 2957 ernoe
1383 2891 1499 2975 signa-

366 3004 411 3084 ta,
438 2995 494 3065 ubi
517 3001 605 3064 meta
624 3003 749 3082 terrea,
776 2995 894 3064 deinde
911 3015 989 3064 uero
1016 2996 1060 3065 ad
1075 2993 1244 3065 meridiem
1264 3017 1325 3086 per
1339 3018 1497 3086 eampum

366 3105 410 3174 ad
426 3104 526 3190 uiam,
552 3124 648 3174 secus
665 3125 762 3189 quam
778 3111 829 3173 est
854 3109 943 3173 metu
957 3110 1083 3190 terreu3
1110 3104 1232 3173 deinde
1247 3105 1365 3174 transit
1387 3105 1499 3194 ipsam

367 3214 465 3299 uiam,
497 3214 646 3301 peruenit
669 3212 714 3280 ad
739 3233 872 3282 ournam
897 3215 1047 3283 arborem
1072 3214 1167 3300 ylieis
1192 3215 1226 3282 in
1251 3213 1386 3283 introitu
1411 3214 1500 3283 silue

367 3320 571 3407 existentem,
589 3340 688 3406 super
698 3339 764 3404 qna
779 3326 829 3388 est
845 3341 936 3407 erux,
952 3327 986 3388 et
1002 3322 1063 3390 sub
1075 3342 1116 3390 eu
1128 3327 1216 3389 meta
1230 3327 1359 3408 terrea;
1375 3322 1501 3390 deinde

369 3426 463 3496 uadit
486 3427 531 3496 ad
547 3429 665 3497 siluam
685 3427 729 3497 ad
753 3431 904 3497 arborem
929 3433 999 3498 ibor·
1012 3449 1108 3498 ornos
1132 3431 1308 3517 signatam,
1333 3431 1389 3498 ubi
1414 3450 1498 3499 crux

368 3535 499 3622 ponitur
514 3555 575 3622 pro
591 3543 696 3622 meta,
724 3537 844 3606 deinde
859 3537 902 3606 ud
918 3537 1019 3606 alium
1044 3539 1193 3606 arborem
1209 3539 1315 3627 iborfa
1339 3557 1436 3606 oruee
1455 3539 1498 3606 si-

370 3647 524 3730 gnatum,
551 3641 670 3712 deinde
693 3653 803 3714 autem
821 3645 864 3712 ad
889 3646 1038 3713 arborem
1047 3647 1164 3734 jarcan
1188 3665 1284 3714 eruoe
1309 3643 1497 3731 signatam,

370 3751 489 3819 deiude
504 3753 652 3841 peruenit
666 3751 711 3821 ud
726 3751 860 3820 fluuium
876 3751 1013 3840 Plytioe,
1039 3752 1132 3821 iuxta
1149 3753 1256 3842 ipsum
1273 3751 1407 3820 fluuium
1433 3754 1498 3821 due

371 3858 505 3928 arbores
520 3887 597 3949 epol·
612 3869 645 3929 et
657 3861 723 3928 ilex
736 3881 831 3929 erues
846 3864 987 3950 signate,
1005 3863 1065 3930 sub
1077 3863 1195 3945 quibus
1211 3869 1261 3930 est
1271 3867 1359 3930 meta
1367 3868 1496 3946 terreu;

371 3967 494 4038 deindo
519 3990 577 4057 per
592 3970 695 4038 Plitee
719 3971 813 4040 uadit
837 3972 986 4060 superius
1005 3973 1051 4040 ad
1076 3979 1179 4042 metas
1196 3971 1303 4060 Opoy.
1329 3973 1373 4039 Vt
1388 3977 1498 4039 autem

370 4077 465 4146 huius
481 4081 528 4146 rei
544 4079 646 4149 series
656 4078 753 4151 salua
767 4097 896 4167 semper
906 4079 1075 4166 consistat,
1091 4080 1220 4152 litteras
1234 4083 1403 4168 presentes
1422 4099 1495 4146 oon·

371 4185 526 4255 oeseimm
553 4187 655 4274 sigilli
670 4189 772 4257 nostri
789 4188 966 4256 munimine
982 4189 1162 4258 roboratas.
1188 4190 1311 4258 Datum
1328 4207 1414 4256 auno
1432 4189 1496 4254 Do-

371 4295 450 4364 mini
465 4299 510 4364 Μο
520 4295 639 4364 CC⁰L⁰
653 4295 768 4383 primo.

372 4421 510 4486 (Erebeae
528 4422 710 4492 blirbtrtyiu,
730 4423 841 4492 molyrb'l
860 4419 1211 4490 singu-vltrba-violassalnlt
1231 4423 1459 4491 selyomusinbron
1478 4441 1494 4476 a

533 4515 587 4570 buln
599 4517 718 4585 peosetjo
731 4518 807 4583 lttgg,
820 4532 838 4568 a
851 4515 933 4570 berlai
946 4516 998 4568 lrir.
1010 4515 1133 4569 kamarui
1145 4511 1334 4580 lavtltirbun.)
