3162 5188
857 867 936 934 250.

330 1050 363 1126 A
380 1051 499 1137 nyr'tror'
513 1048 727 1135 kriptalanonlr
742 1049 1012 1134 bizonyocipleode,
1028 1048 1109 1135 kopp
1127 1050 1232 1115 Jorao
1249 1049 1465 1134 Henurrokfia

555 1157 670 1222 ledani
685 1155 816 1221 birtoluit
840 1155 991 1222 Vitkonok
1006 1156 1120 1222 eladio.
1140 1155 1238 1222 1253.

437 1353 606 1422 Vniuersis
631 1351 753 1420 Christi
769 1349 933 1434 fidelibus,
950 1352 1069 1437 quibus
1093 1359 1262 1440 presentes
1278 1354 1459 1440 patuerint,

331 1463 534 1551 Nyttriensis
550 1462 697 1529 Ecclesie
712 1460 903 1548 Capitulum
918 1462 1087 1528 oraciones
1101 1463 1136 1529 in
1154 1463 1305 1531 Domino.
1333 1461 1462 1545 Signifi-

334 1590 447 1642 oamns
470 1568 574 1655 robis,
601 1567 689 1652 quod
714 1569 859 1636 Jaeobus
883 1567 970 1634 titius
986 1567 1081 1636 Hena
1101 1568 1134 1634 in
1159 1568 1263 1637 nostri
1289 1567 1466 1654 preseneia

336 1679 541 1760 constitutus,
557 1677 661 1743 loonrn
680 1675 768 1742 ourie
783 1694 841 1741 sue
856 1675 890 1741 in
907 1673 1022 1753 Luden
1038 1675 1240 1759 existentem,
1260 1683 1293 1744 et
1309 1675 1464 1762 adjacen-

336 1796 402 1858 tem
420 1787 462 1854 ab
478 1805 543 1851 nna
567 1787 663 1870 parte
689 1782 761 1849 loeo
783 1782 872 1848 eurio
887 1781 1062 1865 Witkonis,
1088 1781 1131 1848 ab
1156 1783 1263 1850 altera
1288 1803 1367 1850 vero
1392 1784 1464 1852 loeo

335 1896 425 1965 onrie
442 1891 578 1961 Comitis
593 1889 717 1974 indrih,
733 1888 938 1975 presentibus
947 1888 1101 1957 iratribus
1118 1890 1197 1977 suis,
1207 1891 1388 1958 Benedieto
1405 1892 1465 1959 soi·

334 2006 412 2072 lieet
427 2009 460 2071 et
469 2001 601 2087 Agbia,
618 1998 765 2086 ipsisque
778 1996 1071 2084 consencientibus,
1092 1998 1242 2066 vendidit
1251 1999 1315 2086 ipsi
1328 2000 1463 2067 Vitkoni

334 2130 395 2199 pro
411 2109 515 2177 tribus
531 2107 649 2176 mareis
665 2105 794 2192 argenti
809 2104 879 2172 iure
895 2109 1053 2191 perpetuo
1065 2105 1311 2192 possidendam,
1328 2112 1364 2173 et
1379 2107 1465 2174 hane

335 2218 506 2308 peouniom
522 2216 565 2283 ab
582 2213 696 2282 eodem
712 2213 867 2281 Witkone
883 2213 1032 2299 percepit
1056 2213 1205 2300 plenarie
1221 2234 1331 2281 eoram
1358 2216 1463 2284 nobis.

335 2328 374 2394 In
390 2327 483 2410 eujus
499 2323 547 2390 rei
557 2320 777 2390 testimoninm
792 2325 961 2408 presentes
984 2320 1202 2388 concessimus
1211 2321 1339 2389 litteras
1362 2323 1464 2408 sigilli

335 2431 438 2500 nostri
454 2429 632 2499 munimine
647 2429 832 2498 roboratas.
857 2429 953 2496 Anno
968 2427 1080 2512 graoie
1103 2429 1287 2513 millesimo,
1312 2431 1463 2498 dueente-

337 2541 420 2608 simo
444 2537 713 2628 quinquagesimo
738 2535 851 2625 ternio,
877 2536 990 2604 datum
1016 2542 1130 2620 quarto
1147 2535 1310 2604 kalendas
1325 2537 1462 2624 Aprilis.

337 2648 497 2734 Magistro
512 2646 680 2716 Demetrio
695 2647 831 2714 Leotore
846 2644 1028 2732 Nyttriensi
1044 2644 1214 2712 existente.

567 2843 727 2914 (mederi
740 2833 826 2899 Adam
839 2845 953 2899 keuireti
967 2842 1225 2914 gyttjtemenytbtl.)

860 3597 938 3666 251.

335 3775 367 3841 A
380 3778 532 3864 poraouyr'
545 3777 758 3863 kdptotannok
773 3779 1038 3864 bizonpseiyleoele,
1060 3781 1140 3866 kopp
1156 3779 1306 3867 Berroeyrr
1323 3805 1343 3844 a
1352 3802 1460 3867 poseo

333 3886 390 3970 ψ’
404 3885 462 3948 ezir
477 3884 672 3950 bireikeinek
686 3885 802 3970 s'b'oilce
818 3888 884 3952 tuto
900 3889 1102 3953 odremberrel
1127 3889 1270 3973 bieooyos
1289 3911 1380 3974 peres
1399 3911 1459 3952 mo·

572 3994 645 4056 nari
658 3993 795 4058 birtokro
811 4000 900 4059 nenos
914 3994 1109 4080 eqyezkedett.
1127 3993 1224 4059 1253.

444 4186 630 4274 Capitulum
640 4188 849 4256 Posoniensis
859 4189 1007 4257 Eeelesie
1022 4189 1174 4258 omnibus
1189 4195 1359 4276 presentes
1376 4191 1457 4258 litte·

331 4313 389 4360 ras
405 4295 603 4382 inspecturis
620 4296 758 4363 salutem
775 4297 808 4362 in
825 4295 964 4365 Domino
981 4298 1059 4364 Jesn
1073 4297 1211 4382 Christo,
1230 4295 1285 4382 qni
1300 4304 1353 4365 est
1368 4299 1456 4366 solus
1528 4329 1534 4340 ·

329 4400 486 4468 omnium.
501 4401 555 4468 Ao
570 4403 796 4470 uniuersorum
813 4404 927 4472 harum
944 4404 1029 4470 serie
1045 4405 1192 4472 nolumus
1208 4404 1363 4472 deuenire
1380 4405 1455 4471 noti·

332 4507 428 4592 eiam,
445 4509 531 4592 quod
547 4509 726 4595 Berweyno
754 4511 918 4594 quondam
933 4513 1069 4598 Mayore
1085 4531 1259 4599 preeonum
1275 4509 1384 4578 Castri
1399 4512 1453 4579 Po-

333 4615 496 4683 soniensis
513 4617 556 4684 ab
572 4637 639 4685 vna
654 4623 757 4705 purte,
775 4617 854 4684 de
871 4624 903 4685 et
917 4620 1033 4704 Buhta,
1059 4619 1114 4705 qui
1130 4640 1167 4688 se
1182 4619 1337 4688 dioebant
1355 4619 1452 4688 seiam
