3168 5186
859 824 937 896 etl.

330 1021 360 1086 A
378 1022 631 1106 erckesfcbdrorird
645 1023 858 1112 leptolannnk
874 1027 1144 1112 bizonyco'qlccele,
1168 1029 1249 1114 kopp
1266 1028 1457 1092 Konstantia

405 1130 544 1196 kanonok
561 1131 675 1196 Mulae·
689 1133 821 1198 birtoka't
836 1133 964 1198 Aloddr
979 1134 1259 1202 concendenda„
1276 1135 1372 1201 1255.

438 1328 1457 1415 cfflmmfflfflm,

332 1442 500 1522 presentes
516 1436 640 1504 litteras
657 1437 851 1524 inspecturis
867 1429 1005 1507 salutern
1021 1439 1054 1506 in
1065 1441 1214 1509 Domino.
1236 1441 1459 1510 Uniucrsitati
1564 1443 1565 1452 ’

331 1551 440 1612 nostre
454 1553 567 1616 tenore
582 1548 786 1635 presencium
801 1548 949 1616 uolumus
965 1547 1034 1616 lieri
1051 1549 1270 1639 manifestum,
1285 1552 1374 1636 quod
1386 1553 1464 1618 lle.

333 1655 436 1739 gistro
445 1654 659 1725 constamine
678 1656 851 1724 benissimo
862 1655 1089 1727 concanonico
1098 1665 1209 1727 nostro
1220 1679 1262 1726 cx
1271 1680 1336 1727 una
1344 1665 1458 1747 parte,

331 1769 364 1829 et
379 1762 537 1832 Aledado
553 1761 678 1831 domite
702 1764 770 1834 filio
787 1764 923 1832 Comitis
938 1761 1040 1833 clete
1062 1785 1105 1832 ex
1120 1767 1197 1850 alic,
1223 1787 1332 1835 coram
1354 1766 1460 1835 nobis

331 1870 548 1957 personaliter
564 1873 757 1958 constitutis,
774 1871 940 1959 predictus
955 1873 1112 1958 Magister
1132 1872 1363 1943 Constantinus
1381 1895 1460 1943 oon·

331 1980 439 2048 lessus
464 1987 513 2047 est
531 1982 609 2048 rina
633 2000 723 2066 noce,
750 1979 837 2067 quod
855 1987 958 2050 totam
982 1987 1101 2049 terram
1126 2001 1217 2050 suam
1242 1989 1386 2069 emptam
1413 1984 1459 2049 ab

333 2088 465 2175 Ypolito
490 2095 523 2155 et
538 2089 641 2158 Paulo
665 2089 733 2156 filio
757 2089 879 2174 Turke,
906 2091 1055 2176 cognatis
1080 2088 1216 2158 comitis
1238 2091 1337 2159 Obete
1359 2098 1457 2160 ante·

332 2196 419 2279 dicti,
443 2206 476 2266 et
494 2196 536 2263 ab
552 2197 628 2266 aliis
655 2197 910 2284 quibuscunque,
926 2219 1024 2283 qnam
1040 2199 1184 2267 babebat
1198 2199 1232 2266 in
1248 2197 1327 2267 rilla
1342 2201 1459 2284 liuba,

332 2326 405 2373 cum
430 2305 581 2373 omnibus
608 2307 818 2392 pertinenoijs
842 2307 931 2391 suis,
962 2305 1115 2374 videlicet
1139 2305 1297 2395 domibus,
1322 2307 1459 2394 tenetis,

333 2413 519 2482 molendino
545 2423 578 2483 et
601 2414 677 2501 elijs
698 2413 905 2498 utilitatibus,
931 2418 1041 2500 preter
1064 2433 1178 2482 seruos
1203 2420 1235 2482 et
1259 2415 1398 2484 ancillas
1425 2423 1461 2484 et

332 2523 399 2590 alia
415 2525 559 2612 mobilia,
577 2523 779 2592 uendidisset
791 2521 949 2592 Alcdario
962 2523 1079 2591 Comiti
1096 2523 1283 2610 supradicto
1298 2545 1355 2612 pro
1371 2543 1458 2610 que-

331 2630 485 2718 draginta
500 2639 639 2718 quatuor
654 2633 773 2701 merois
789 2631 929 2718 argenti,
946 2631 1015 2698 inre
1030 2635 1186 2718 perpetuo
1201 2632 1458 2718 possidendam

332 2749 365 2808 et
380 2742 485 2828 ipsam
502 2760 661 2808 summam
677 2739 814 2828 pecunie
838 2738 926 2808 idem
942 2740 1099 2824 magister
1114 2737 1340 2808 Consteminus
1353 2740 1460 2827 plene

332 2857 365 2918 et
380 2849 584 2935 integraliter
608 2869 644 2917 se
661 2849 824 2936 recepisse
839 2849 883 2916 ab
898 2847 1012 2917 eodem
1028 2846 1202 2915 affirmauit
1219 2869 1327 2917 eorem
1345 2849 1458 2936 nobis,

331 2964 364 3026 et
379 2957 641 3027 restituitomnia
656 2957 839 3046 priuilegia,
850 2975 914 3042 que
923 2958 1172 3043 habebatsuper
1182 2955 1270 3024 dicta
1279 2964 1364 3025 terra
1375 2977 1457 3026 con-

332 3071 428 3154 iecta,
456 3069 515 3137 tali
531 3067 722 3136 condicione
746 3067 949 3154 interposita,
975 3066 1062 3152 quod
1086 3065 1114 3134 si
1133 3066 1243 3150 alique
1268 3055 1377 3133 littere
1400 3069 1458 3134 uel

332 3178 506 3267 priuilegia
531 3176 707 3245 casualiter
731 3175 836 3244 lorent
851 3181 1030 3260 reseruata,
1056 3174 1086 3243 si
1102 3193 1245 3260 unquam
1265 3174 1459 3242 exhiberen-

334 3296 395 3370 tur,
412 3287 499 3354 uires
510 3285 637 3369 aliquas
653 3303 717 3351 non
728 3283 895 3351 haberent.
912 3283 957 3352 Ut
966 3283 1067 3369 igitur
1075 3281 1171 3351 buius
1186 3283 1234 3350 rei
1244 3277 1345 3352 series
1353 3281 1458 3350 robur

335 3403 492 3485 perpetue
507 3394 667 3462 firmitatis
683 3393 840 3480 optinent,
856 3411 917 3461 nec
932 3393 1035 3479 possit
1050 3393 1083 3459 in
1101 3398 1264 3480 postemm
1283 3393 1325 3458 ab
1341 3389 1458 3478 aliquo

333 3505 516 3588 retractari,
533 3503 577 3570 ed
592 3503 785 3590 peticionem
804 3501 1089 3588 utriusquepartis
1105 3509 1273 3587 presentes
1292 3503 1455 3570 concessi-

335 3633 407 3681 mus
423 3612 548 3680 litteras
574 3609 675 3698 sigilli
689 3609 792 3679 nostri
817 3610 993 3678 munimine
1018 3609 1198 3680 roboratas.
1224 3611 1345 3680 Datum
1367 3630 1457 3680 enno

333 3722 464 3792 Domini
481 3722 526 3788 M⁰
536 3720 787 3805 CG⁰L⁰quinto,
804 3726 897 3788 sexto
914 3718 1076 3786 kalendas
1085 3719 1184 3804 Jnnij,
1199 3718 1356 3804 Magistro
1364 3717 1458 3786 Sma

333 3833 437 3919 regdo
454 3833 601 3900 Ecclesic
615 3839 725 3898 nostre
742 3829 853 3898 illecto
868 3829 943 3896 aule
958 3828 1061 3916 Regie
1075 3827 1381 3912 vice-Concellerio,
1401 3828 1457 3896 Je-

333 3942 415 4011 cobo
432 3941 580 4028 Cantore,
598 3938 724 4007 Mathia
739 3937 890 4023 Custode,
907 3937 1016 4005 llicha
1032 3939 1166 4006 Decano
1183 3937 1408 4008 existentibus.

370 4137 508 4209 (Eredetie
521 4135 696 4203 bdrhdrtydn,
709 4137 837 4204 molynelr
850 4134 972 4204 pecsdtje
984 4133 1158 4204 vitree-sdrga
1168 4137 1292 4191 nsindron
1306 4140 1391 4206 fllgg;
1405 4155 1423 4191 a

541 4227 642 4282 sb'mdlt.
654 4227 768 4296 hereneg
782 4223 929 4293 Bsnlytni
941 4223 1032 4280 caaldd
1045 4225 1251 4294 lerdltdrdban.)
