3210 5194
583 361 725 465 „233-

88 559 165 627 dero
182 559 224 628 D.
240 557 313 628 iore
337 558 519 644 legitimam
546 563 580 625 et
594 556 729 644 dignam
754 555 960 625 attendentes
976 558 1009 625 in
1035 561 1098 627 hao
1120 567 1226 649 parte,

89 666 202 754 ipsum
226 666 437 753 priuilegium
462 664 632 733 karissimi
662 664 768 753 patris
791 665 896 732 nostri
921 664 1132 754 inspioientes
1161 688 1227 735 non

89 793 217 859 rasum,
241 794 308 840 non
324 774 543 841 oanoellatum
568 793 629 840 neo
644 773 678 840 in
694 773 806 859 aliqua
823 772 875 842 sni
900 780 995 862 parte
1016 773 1172 842 violatum
1186 774 1228 842 de

90 882 196 949 uerbo
222 881 267 948 ad
280 881 416 948 uerbum
441 881 651 968 presentibus
666 881 766 948 inseri
789 880 938 966 ieoimus,
967 886 999 948 et
1014 883 1080 948 iam
1106 880 1228 950 dietam

91 988 311 1058 oollaoionem
337 987 483 1056 eiusdem
498 987 604 1075 patris
629 987 735 1056 nostri
757 987 926 1055 karissimi
952 987 995 1055 de
1009 988 1107 1058 dietis
1131 990 1227 1058 terris

91 1102 276 1162 memorato
292 1096 451 1180 Magistro
463 1098 505 1162 D.
522 1094 618 1163 laetis
634 1116 675 1162 ex
691 1103 781 1163 oerta
796 1095 940 1164 soieuoia
957 1102 991 1163 et
1005 1115 1097 1164 mera
1112 1097 1228 1165 libera·

91 1203 189 1268 litate
199 1204 443 1288 confirmamus5
455 1203 513 1288 ita,
524 1203 611 1286 quod
619 1221 755 1289 presens
765 1208 879 1270 nostra
890 1203 1098 1271 oontirmaoio
1108 1202 1229 1290 prioris

93 1309 290 1377 donacionis
306 1310 429 1376 domini
443 1310 548 1396 patris
573 1311 676 1377 nostri
691 1317 884 1397 perpetuum
904 1310 949 1378 sit
962 1312 1062 1379 robur
1078 1318 1112 1378 et
1127 1311 1229 1378 muni-

93 1438 182 1485 men.
198 1419 431 1504 volentesque,
456 1425 492 1486 ut
508 1418 596 1486 idem
610 1419 769 1503 Magister
784 1420 826 1485 D.
844 1418 963 1486 eteius
987 1418 1125 1487 heredes
1140 1419 1231 1487 here·

95 1525 242 1608 dumque
257 1544 463 1594 suooessores
488 1533 557 1594 tem
575 1524 742 1614 predictas
758 1532 874 1608 terras,
891 1544 989 1608 quam
1005 1524 1162 1592 utilitates
1179 1544 1232 1592 ee·

94 1653 168 1699 rum
185 1631 358 1700 uniuersas
373 1632 566 1718 possideant
580 1631 718 1720 paoiiioe
734 1638 768 1698 et
784 1631 904 1717 quiete,
927 1632 962 1697 iu
978 1631 1045 1698 illis
1062 1636 1094 1696 et
1109 1630 1232 1698 eisdem

97 1739 208 1824 metis,
236 1740 414 1807 seeundum
429 1739 517 1825 quod
540 1739 574 1805 in
598 1737 771 1827 priuilegio
797 1738 967 1806 karissimi
993 1737 1099 1825 petris
1128 1739 1232 1806 nostri

97 1846 247 1913 uidimus
263 1845 432 1915 oontiueri.
458 1848 502 1914 vt
517 1845 619 1933 igitur
634 1847 794 1934 premisse
809 1844 999 1913 donationis
1019 1851 1053 1912 et
1068 1846 1232 1912 coufirma-

98 1953 206 2021 oiouis
222 1954 325 2022 series
341 1954 438 2022 robur
455 1954 601 2023 obtineat
616 1961 774 2041 perpetue
789 1950 961 2037 firmitatis,
979 1970 1039 2018 neo
1049 1971 1109 2039 per
1125 1970 1233 2036 quem·

99 2061 192 2148 piam
209 2081 369 2147 prooessu
393 2069 575 2150 temporum
593 2061 708 2128 ualent
721 2058 901 2142 retraetari,
928 2059 982 2125 uel
997 2057 1031 2124 in
1047 2058 1173 2126 irritum
1188 2079 1234 2126 re·

98 2168 226 2252 uocari,
252 2175 421 2255 presentes
437 2169 565 2236 litteras
590 2165 810 2235 oonoessimus
830 2163 994 2252 duppliois
1014 2164 1117 2250 sigilli
1132 2166 1235 2233 nostri

97 2277 284 2343 munimine
298 2279 482 2346 roboratas.
501 2279 624 2344 Datum
639 2297 697 2362 per
714 2295 829 2342 monus
845 2271 1052 2342 Venerabilis
1067 2271 1236 2340 Benedicti

99 2385 305 2452 Arobieleoti
330 2385 520 2454 Dolooeusls
544 2387 620 2452 aule
635 2390 747 2451 nostre
774 2382 969 2468 Oanoellarij
995 2402 1079 2449 anno
1101 2381 1235 2451 Domini

98 2495 146 2558 M⁰
158 2491 398 2561 commum.
415 2499 508 2562 sexto
524 2492 686 2566 kalendas
702 2489 904 2558 Decembris.
931 2487 1099 2577 Stephano
1113 2489 1235 2575 strigo·

100 2600 215 2668 niensi
231 2601 355 2685 illecto,
372 2599 578 2670 Bartolomeo
595 2597 970 2686 Quinque-Doolesieusi,
995 2597 1161 2682 Stephano
1177 2597 1236 2663 Ze

101 2709 276 2795 grabiensi
303 2716 335 2776 et
351 2708 427 2794 alijs
443 2709 626 2776 Eoolesiom
642 2709 705 2774 Dei
720 2707 862 2774 ielioiter
882 2704 1150 2790 gubernantibus.
1175 2706 1236 2772 La-

101 2816 215 2886 dislao
231 2815 383 2883 Palatino
409 2821 442 2882 et
458 2816 584 2883 Comite
600 2812 810 2901 symigiensi,
836 2814 995 2900 Dyonisio
1014 2813 1106 2880 Bono
1132 2811 1236 2880 tooius

101 2925 295 3011 Solanonie,
319 2923 488 2992 Demetrio
510 2923 626 2992 Judioe
651 2922 748 2990 Ourie
764 2929 874 2990 nostre
899 2929 933 2989 et
947 2920 1072 2989 comite
1094 2919 1238 2988 Musuni-

103 3032 190 3114 ensi,
215 3032 350 3100 Matheo
374 3032 532 3117 Magistro
548 3031 803 3098 Tanaruioorom
830 3036 862 3096 et
886 3028 1011 3096 Comite
1033 3027 1236 3111 Posonieusi,

104 3139 263 3210 Rorando
288 3138 447 3226 Magistro
464 3139 704 3227 Dapiferomm
730 3144 763 3206 et
785 3137 861 3222 alijs
884 3135 1032 3219 plurimis
1057 3131 1237 3201 Comitatus

104 3257 136 3316 et
152 3247 371 3332 Magistratus
396 3245 590 3333 tenentibus,
614 3247 720 3332 Regni
736 3253 845 3312 autem
870 3241 973 3310 nostri
996 3260 1082 3307 anno
1107 3246 1236 3307 ootauo.

105 3446 248 3511 (Eredetio
266 3439 443 3510 bb'rbkrtyin,
465 3442 577 3509 melyrbl
603 3441 722 3510 akirrily
743 3444 835 3494 kettlls
854 3438 1027 3508 peosetjenek
1049 3433 1177 3488 tb'redelre
1192 3443 1238 3488 vb-

225 3535 345 3590 rba-uold
359 3534 585 3601 solyemssinbron
597 3533 674 3601 fogg,
689 3551 706 3585 a
723 3535 775 3586 kir.
789 3533 912 3585 kamarai
932 3525 1121 3592 levelttrban·)

541 3820 803 3832 -u-u-——o———ffl—
