3210 5194
649 319 691 387 tt

98 514 308 598 Tbewrelrer,
326 534 426 599 quam
442 514 696 582 scilicetvenam
705 513 894 582 Tbevrelrer
911 512 1031 582 ibidem
1049 517 1226 601 pertransit

95 623 239 711 quedam
264 622 330 708 uia,
357 642 421 708 que
448 621 538 690 ducit
555 623 597 689 de
621 622 704 690 villa
719 622 825 708 Olazy
850 623 885 690 in
910 623 1011 691 aliam
1034 623 1149 691 villam
1164 624 1225 691 Ke

98 733 245 818 lesnew3
263 730 339 800 inde
355 751 415 817 per
432 730 569 798 eandem
580 729 668 798 uiam
683 733 781 799 currit
796 751 910 800 uersus
925 733 1059 819 plagam
1076 730 1226 800 meridio-

95 841 207 909 nalem
223 840 379 925 usquein
396 840 609 907 monticulum
618 839 834 926 Papbomoka
851 845 1089 927 nuncupatum,
1107 839 1226 906 abhinc

96 951 215 1017 iterum
231 949 266 1015 in
284 947 400 1014 eadem
416 949 535 1014 transit
550 946 592 1012 ad
610 947 730 1014 dictam
747 949 882 1035 plagam
899 946 1147 1016 meridionalem
1159 951 1226 1017 lere

96 1059 140 1126 ad
150 1060 275 1126 iactum
292 1057 431 1124 duarum
446 1056 656 1141 sagittarum3
673 1055 714 1122 de
724 1075 789 1140 qua
799 1055 924 1123 scilicet
938 1057 994 1122 via
1009 1066 1126 1145 postea
1136 1065 1225 1146 eryt,

97 1171 130 1232 et
145 1165 323 1232 reflectitur
338 1163 499 1231 modicum
513 1163 558 1228 ad
573 1169 700 1249 partem
713 1162 959 1248 occidentalem,
977 1165 1032 1231 vbi
1048 1166 1228 1234 circumdat

96 1273 263 1360 quasdam
272 1278 378 1338 terras
396 1269 538 1338 arabiles
554 1290 655 1356 supra
671 1269 834 1354 quendam
853 1271 960 1336 lacum
976 1271 1156 1357 Papthowa
1175 1293 1227 1341 uo-

100 1387 232 1464 catnnr3
260 1378 355 1446 wnde
371 1378 486 1445 iterum
510 1380 598 1462 girat
622 1377 666 1444 ad
681 1377 860 1463 meridiem,
877 1386 909 1445 et
924 1379 1016 1446 vadit
1034 1400 1093 1466 per
1108 1381 1227 1449 bonum

100 1489 252 1578 spacium
267 1487 481 1572 quoadusque
497 1487 629 1571 attingit
643 1487 730 1555 latus
755 1487 923 1556 cuiusdam
941 1490 1108 1556 monticuli
1124 1488 1228 1556 Akan-

99 1594 248 1682 thobegh
264 1593 383 1678 vocati,
402 1599 531 1681 aparte
546 1593 700 1661 videlicet
710 1593 886 1661 occidentis
902 1594 1091 1680 existentis,
1110 1595 1229 1663 deinde

100 1703 208 1772 tendit
223 1704 257 1768 in
275 1703 376 1769 alium
392 1702 600 1770 monticulum
617 1701 848 1786 Hegeshomolr
869 1703 1089 1790 appellatum,
1108 1703 1228 1772 abinde

99 1811 195 1878 vadit
211 1810 256 1876 ad
273 1815 402 1897 portum
429 1808 576 1896 Kythoae
602 1809 732 1898 dictum,
756 1809 811 1876 vbi
836 1811 929 1878 iuxta
945 1811 1084 1878 eundem
1100 1817 1228 1898 portum

99 1920 258 1990 continuo
274 1919 434 1986 currendo
450 1917 539 1985 cadit
553 1918 588 1984 in
612 1916 779 2001 quandam
804 1939 920 1986 venam
936 1937 1021 2004 aque
1039 1919 1161 1986 Oldere
1176 1939 1228 1987 uo-

100 2035 223 2112 catam,
242 2046 337 2110 quam
348 2025 470 2094 ibidem
482 2025 660 2112 pertransit
675 2026 816 2110 quedam
831 2027 896 2112 via,
921 2047 988 2110 qua
1002 2027 1065 2095 itur
1084 2027 1125 2095 de
1141 2027 1229 2095 dicta

97 2137 183 2222 Wys
200 2136 237 2202 in
253 2133 397 2218 Zaboch,
424 2154 482 2220 per
506 2153 606 2218 quam
630 2133 755 2202 scilicet
778 2153 896 2201 uenam
912 2134 1031 2202 Oldere
1057 2135 1156 2202 currit
1169 2156 1229 2223 per

98 2245 239 2330 longum
255 2242 403 2329 spacium
418 2261 521 2328 usque
536 2241 579 2309 ad
590 2242 760 2327 Herkoth;
777 2241 896 2310 abhinc
912 2241 1086 2310 reflectitur
1101 2242 1146 2310 ad
1159 2244 1228 2330 pla·

99 2373 181 2437 gam
195 2349 504 2438 septemtrionalem,
533 2357 565 2417 et
581 2356 668 2416 meat
684 2348 728 2416 ad
742 2348 907 2432 quendam
922 2349 1027 2418 locum
1044 2349 1230 2437 Keregded·

97 2459 215 2527 zecbel
231 2457 376 2545 dictum;
393 2457 469 2524 inde
488 2458 605 2526 transit
620 2458 664 2525 ad
674 2457 838 2545 quendam
855 2459 956 2526 alium
971 2458 1079 2526 locum
1095 2459 1229 2526 Kelech-

98 2567 235 2653 kazeglr
251 2572 494 2653 nuncupatum
516 2565 636 2634 deinde
660 2564 765 2633 tendit
779 2565 927 2633 similiter
943 2566 985 2633 ad
1001 2566 1107 2633 locum
1123 2565 1229 2634 Ohwr·

97 2677 279 2763 kolmere,
305 2673 382 2742 inde
398 2674 515 2741 iterum
540 2674 630 2742 cadit
645 2673 689 2741 ad
704 2673 910 2762 Posoglrere3
936 2673 1055 2743 debinc
1081 2673 1172 2741 vadit
1186 2674 1231 2741 ad

98 2785 257 2868 Arostho,
284 2802 306 2850 a
329 2803 394 2868 quo
412 2781 527 2850 iterum
544 2781 662 2850 transit
683 2783 728 2851 ad
745 2784 849 2850 locum
867 2782 953 2872 (lgy)
969 2783 1113 2852 Asowan
1128 2782 1228 2849 nomi-

98 2899 226 2979 natum,
244 2913 304 2982 per
319 2892 409 2975 quod
424 2890 589 2978 egreditur
608 2912 697 2978 aqua
712 2894 753 2960 de
768 2893 868 2961 fluuio
884 2893 1057 2981 Bodrogb3
1081 2892 1159 2961 inde
1173 2912 1233 2978 per

101 3001 243 3070 eundern
255 2999 390 3068 fluuium
400 2999 555 3086 Bodroglr
565 3000 715 3068 ascendit
724 3019 826 3083 usque
838 3001 884 3068 ad
899 3007 1003 3068 metas
1018 3000 1174 3069 nobilium
1190 2999 1232 3066 de

102 3110 230 3194 Sadan,
249 3109 304 3176 sbi
319 3108 501 3196 prescripto
521 3115 605 3176 mete
621 3106 708 3176 dicte
725 3109 945 3197 possessionis
960 3109 1042 3194 Wys
1058 3107 1232 3176 terminan-

101 3229 166 3289 tur.
195 3219 239 3284 vt
254 3224 364 3285 autem
387 3218 448 3284 bec
474 3238 495 3284 a
518 3217 612 3284 nobis
628 3216 719 3285 lacta
734 3217 871 3286 donacio
887 3217 986 3283 robur
1001 3214 1147 3284 obtineat
1162 3235 1231 3302 per-

100 3335 203 3416 petue
218 3325 392 3410 firmitatiq
416 3345 477 3392 nec
501 3325 607 3413 possit
621 3327 663 3393 ab
680 3326 791 3408 aliquo
815 3333 997 3412 temporum
1020 3363 1058 3372 -
1076 3362 1120 3374 —
1134 3323 1233 3389 -ir-

102 3437 203 3504 ritum
229 3434 390 3518 reuocari,
414 3434 503 3501 fideli
526 3440 639 3502 nostro
664 3435 822 3519 magistro
847 3435 1028 3502 Laurencio
1055 3432 1174 3500 domiti
1191 3431 1233 3498 de

102 3543 243 3612 Zaboch
271 3542 393 3610 nostris
418 3542 537 3610 litteris
563 3541 759 3609 dederamus
774 3543 807 3610 in
824 3540 999 3626 mandatis,
1025 3540 1114 3626 quod
1127 3539 1232 3626 prela·

101 3659 172 3720 tam
189 3650 303 3718 villam
319 3651 401 3735 Wys
417 3656 450 3717 et
465 3657 585 3716 terram
611 3649 747 3716 Ghenlre
771 3648 956 3718 memoratis
971 3648 1105 3734 Symoni
1121 3667 1161 3715 ac
1178 3649 1232 3716 Jo-
1352 3701 1356 3710 .

103 3758 208 3826 banni
222 3756 320 3845 patri,
337 3762 370 3824 et
384 3756 449 3825 Job
466 3757 532 3824 lilio
549 3755 694 3826 eiusdem
711 3756 873 3843 Symonis,
891 3776 1016 3825 necnon
1032 3756 1185 3824 Zwbunlo
1201 3759 1235 3820 et

103 3865 203 3934 alteri
219 3865 373 3950 lobanni,
399 3863 609 3952 ipsommque
633 3871 785 3952 posterys
810 3870 967 3933 statueret
992 3883 1101 3930 coram
1118 3861 1233 3930 vicinis

102 3983 135 4042 et
152 3973 407 4059 commeantis,
435 3974 491 4058 qui
508 3974 624 4042 (lomes
644 3974 846 4042 Laurencins
861 3974 956 4042 nobis
972 3973 1102 4040 dentum
1118 3972 1232 4038 rescri-

101 4082 172 4168 psit
187 4080 223 4149 in
239 4082 324 4149 buno
339 4079 482 4166 modum,
500 4089 534 4149 nt
550 4081 714 4168 prelatum
723 4081 806 4165 Wys
816 4080 985 4149 simnlcum
1000 4087 1087 4146 terra
1097 4077 1233 4146 Obenke

100 4191 166 4257 sub
190 4189 412 4276 predictarum
427 4195 585 4256 metarum
610 4188 759 4257 cursibus
774 4190 977 4274 existentem,
996 4207 1067 4254 cum
1084 4186 1233 4254 omnibus

103 4296 304 4365 vtilitatibus
321 4302 355 4364 et
370 4297 583 4384 pertineneijs
594 4297 796 4382 quibuslibet
808 4316 847 4364 ac
857 4297 942 4364 vado
954 4294 1140 4384 supradicto
1150 4294 1233 4382 ipsis

102 4405 289 4489 statuisset,
303 4407 508 4493 presentibus
534 4405 651 4473 vicinis
668 4412 701 4472 et
724 4405 957 4475 commetaneis
973 4402 1150 4472 emendem
1168 4403 1233 4470 rni-

105 4514 214 4584 uersis
229 4513 321 4583 nullo
347 4513 478 4602 penitus
500 4514 738 4584 contradictore
762 4513 843 4582 inibi
867 4519 1056 4601 apparente.
1083 4513 1122 4580 In
1138 4511 1231 4580 cuins

105 4623 155 4691 rei
179 4621 374 4693 memoriam
399 4622 648 4711 firmitatemque
673 4632 866 4713 perpetuam
884 4627 1055 4710 presen'es
1074 4621 1233 4690 concessi·
