3162 5188
554 365 711 466 „331—

57 559 126 624 rius
143 560 341 644 continetur,
360 561 576 630 concedentes
592 563 797 632 concedimus
814 571 847 632 et
862 565 1115 638 determinamus
1135 591 1189 638 no·

56 666 147 734 mine
164 675 201 735 et
218 667 289 734 viee
304 667 544 756 praedicturum
561 671 697 739 Comitis
712 680 746 740 et
761 672 1028 743 Consiliariorum
1050 683 1083 745 et
1099 676 1191 745 Com·

55 775 168 843 munis
179 776 317 862 Jadrae,
328 784 363 844 ut
378 775 497 845 amodo
509 778 722 848 Jadretiuide
739 773 909 868 mercibus,
921 804 1003 869 quas
1020 785 1195 853 detulerint

55 882 221 950 Venetiae
238 884 278 950 de
294 885 409 968 Regno
425 884 559 954 Siciliae
579 889 649 955 siue
665 889 816 975 Apuliae,
843 898 876 958 et
891 891 933 959 de
953 893 1029 961 aliis
1044 894 1192 979 partibus

55 988 289 1078 undecunque,
315 991 397 1058 illud
422 991 547 1060 datium
567 993 738 1064 Communi
757 997 968 1066 venetiarum
994 1000 1029 1067 in
1045 1000 1193 1069 Venetiis

57 1097 139 1166 dare
159 1106 197 1167 et
221 1099 348 1167 soluere
375 1098 517 1170 debeant
541 1110 574 1169 et
589 1111 769 1190 teneantur,
794 1105 881 1190 quud
899 1109 1108 1182 coustitutum
1131 1115 1190 1193 est,

56 1207 111 1272 vel
128 1206 174 1272 de
192 1215 301 1275 oetero
316 1208 414 1276 tuerit
428 1211 637 1279 eonstitutnm
652 1231 710 1300 per
725 1211 892 1282 domiuum
907 1217 1030 1283 Ducem
1050 1223 1083 1284 et
1097 1216 1190 1284 Com·

57 1333 158 1380 mune
169 1315 382 1383 Venetiurum
397 1318 499 1385 dandi
512 1325 544 1386 et
560 1320 710 1388 solvendi
726 1323 769 1389 ab
786 1322 971 1392 homiuibus
981 1325 1191 1393 Venetiarum

57 1422 92 1488 iu
108 1422 263 1491 Venetiis
279 1423 448 1493 Communi
464 1426 673 1496 Venetiarnm
698 1450 757 1514 pro
780 1429 869 1497 datio
895 1432 1055 1500 dictorum
1081 1434 1191 1503 merei-

58 1531 256 1614 mouiurum,
273 1551 356 1617 quas
370 1533 487 1601 Veneti
497 1535 654 1604 venetius
670 1543 900 1624 apportarent5
916 1541 964 1607 itu
980 1538 1193 1623 quodJudre-

58 1639 117 1705 tini
137 1639 173 1705 iu
201 1639 300 1706 dietis
325 1640 513 1708 dationibus
538 1643 694 1728 aequales
719 1663 792 1712 esse
817 1644 960 1714 deheuut
986 1649 1191 1715 Venetorum.

58 1749 169 1815 Tenon
185 1753 296 1815 autem
311 1749 561 1834 commissionis,
585 1753 679 1839 eujus
695 1756 746 1818 est
762 1750 875 1819 habitu
892 1754 1039 1840 superius
1058 1755 1190 1840 mentio,

60 1854 136 1922 talis
152 1861 226 1924 est:

168 1967 210 2032 Iu
225 1963 356 2032 nomine
370 1963 433 2032 Dei
443 1964 574 2031 Aeterni
583 1965 698 2033 Amen.
714 1966 809 2035 Auno
826 1968 870 2034 ab
885 1967 1114 2037 Iuearuatioue
1124 1970 1189 2037 Do-

61 2075 139 2142 mini
148 2074 264 2143 Nostri
274 2073 355 2142 Jesu
366 2072 485 2141 Christi
495 2073 668 2141 millesimo
685 2074 906 2143 ducentesimo
923 2076 1191 2163 quinquagesimo

61 2185 177 2270 primu,
193 2201 306 2250 mense
323 2182 403 2250 Julii
419 2181 472 2248 die
488 2189 604 2266 quarto
620 2182 772 2267 intrante,
787 2183 966 2252 ludiotioue
982 2186 1040 2252 IX.
1057 2184 1189 2252 Judrae.

62 2289 309 2359 Committentes
333 2289 562 2358 committimus
586 2309 647 2358 uos
672 2288 803 2376 quidem
828 2290 1016 2359 Baudniuus
1038 2292 1191 2372 Quirinus

64 2399 123 2466 Dei
139 2399 252 2484 gratia
268 2398 384 2467 Comes
399 2399 531 2484 Jadrae,
551 2406 585 2466 et
599 2399 744 2466 Joanues
760 2399 962 2485 Delphinus,
987 2419 1027 2466 ao
1042 2401 1192 2487 Raphael

64 2509 192 2592 Betani,
210 2508 306 2574 ambo
318 2505 517 2592 Consiliarii,
534 2514 633 2590 atque
658 2527 730 2575 enm
747 2507 866 2574 nostris
882 2507 1054 2574 Judieibus
1078 2507 1191 2576 Preste

64 2614 226 2699 ilatalari,
250 2617 341 2701 Papo
357 2615 551 2699 Pretoguae‚
575 2620 608 2680 et
624 2612 710 2681 Cosa
729 2611 891 2698 saladini,
909 2634 974 2682 uua
989 2634 1062 2680 enm
1078 2624 1190 2684 nostro

22 2736 27 2748 ·
65 2720 209 2791 Consilio
239 2721 392 2790 universo
423 2721 468 2789 ad
493 2741 607 2790 sonum
642 2739 826 2807 oampauae
851 2722 884 2787 iu
910 2721 1058 2790 Ecclesia
1081 2724 1192 2792 saneti

68 2830 153 2896 Petri
168 2830 248 2897 novi
273 2849 360 2896 more
385 2828 480 2896 solito
497 2834 705 2914 congregato,
731 2849 790 2917 per
805 2850 864 2897 uos
879 2836 912 2895 et
934 2829 1120 2898 universum
1135 2850 1190 2898 no-

66 2945 164 3005 strum
183 2936 363 3007 Commune
380 2935 562 3021 ladretiuo,
579 2936 673 3004 vobis
689 2954 830 3021 namque
849 2937 1012 3004 nobilibus
1029 2938 1107 3006 viris
1123 2940 1192 3006 Ste-

67 3043 173 3128 phano
192 3044 234 3112 de
249 3045 373 3130 Pieiga,
390 3051 423 3112 et
439 3043 542 3111 Cerne
558 3044 599 3111 de
615 3043 739 3128 Mergio
755 3042 884 3112 dileetis
901 3046 1020 3112 uostris
1041 3046 1191 3116 fidelihus

67 3157 97 3217 et
110 3151 240 3219 nnuoiis
264 3151 474 3239 specialibus,
499 3150 588 3236 quod
603 3150 650 3218 ire
666 3172 726 3238 pro
752 3150 846 3218 uobis
873 3161 905 3218 et
921 3157 1032 3218 nostro
1059 3153 1191 3222 nomine

68 3258 214 3330 debeatis
241 3259 285 3328 ud
309 3260 410 3348 pedes
435 3259 653 3327 Illustrissimi
679 3279 719 3326 ao
743 3259 910 3345 Magnifiui
935 3258 1058 3328 domini
1089 3261 1191 3329 nostri

67 3369 182 3436 llarini
207 3372 402 3448 Mauroeepo
418 3369 480 3466 Dei
507 3368 617 3452 gratia
632 3367 840 3436 Venetiarum
867 3375 927 3434 ete.
945 3368 1045 3436 Ducis
1070 3375 1130 3436 ete.
1148 3367 1189 3436 ad

67 3479 239 3561 petendum
265 3477 407 3564 gratiam
432 3485 465 3544 et
490 3475 748 3544 misericordiam
773 3476 945 3544 abeodem
970 3477 1012 3545 de
1030 3476 1191 3563 omuibus,

69 3605 147 3670 quae
163 3584 258 3654 vobis
274 3583 439 3653 uidebitur
464 3583 659 3652 eonveuiena
676 3592 776 3671 atque
793 3583 923 3668 decens,
942 3591 975 3651 et
990 3585 1024 3649 iu
1041 3585 1191 3671 augendo

69 3693 136 3762 sive
150 3693 326 3763 minuendo
336 3714 377 3762 ao
393 3691 585 3778 corrigendo
601 3699 733 3780 paetum
749 3691 997 3760 interVeuetias
1014 3701 1047 3761 et
1056 3693 1191 3761 Jadram

71 3801 256 3890 conlectum,
273 3803 499 3890 promittentes
514 3802 641 3868 firmum
658 3807 691 3868 et
705 3809 811 3868 ratum
827 3801 960 3885 habere,
982 3800 1141 3886 quidquid
1157 3801 1190 3866 iu

71 3915 212 3982 omuibus
238 3920 272 3980 et
286 3933 345 4000 per
361 3912 473 3981 omnia
489 3931 587 3998 super
602 3910 654 3978 his
671 3908 829 3978 duxeritis
854 3908 1050 3977 laciendum.
1074 3909 1190 3976 Actum

73 4029 116 4086 est
138 4023 200 4089 hoe
224 4020 257 4088 in
273 4022 392 4106 Majori
415 4020 571 4104 Consilio,
598 4026 630 4086 et
644 4020 806 4086 firmatum
834 4017 983 4086 omnibus
1011 4017 1189 4104 praeseuti-

73 4123 129 4194 hus
144 4129 177 4196 iu
189 4125 363 4217 praediola
378 4127 530 4198 Ecclesia
545 4128 660 4196 Sancti
675 4127 765 4194 Petri
781 4127 857 4196 novi
874 4125 916 4194 de
931 4123 1045 4193 Jadra.

173 4239 244 4324 Ego
254 4238 435 4306 Balduiuus
446 4235 582 4318 Quirino
593 4236 710 4306 Comes
719 4234 843 4302 Jadrae
860 4254 958 4301 mauu
971 4253 1046 4301 mea
1061 4232 1191 4319 seripsi.

75 4377 112 4392 -·
126 4345 194 4432 Ego
207 4349 352 4416 Joauues
362 4345 537 4433 Delphyne
551 4343 750 4412 Consiliator
764 4341 888 4409 Jadrae
904 4362 945 4409 m.
957 4361 998 4408 uu
1011 4361 1055 4409 ss.
1067 4341 1191 4424 —Ego

75 4451 215 4538 Rephael
231 4456 349 4524 Beleni
364 4455 563 4524 Consiliator
579 4475 620 4520 m.
633 4475 675 4520 m.
687 4472 731 4520 ss.
749 4487 794 4498 -
808 4451 942 4535 Signum
958 4450 1190 4536 suprascripto·

78 4577 137 4628 ruur
149 4565 261 4633 Preste
277 4570 309 4632 et
319 4564 426 4632 Cosee
436 4563 599 4646 Jndioum,
616 4559 671 4646 qui
687 4559 749 4626 hoo
764 4562 960 4644 rogaverunt
976 4555 1055 4623 lieri.
1066 4592 1111 4604 -
1121 4557 1192 4641 Ego

77 4664 156 4756 Papo
182 4671 223 4740 de
239 4673 380 4740 Petrona
396 4670 503 4738 ludex
529 4693 571 4738 nu.
588 4691 630 4736 ιιι.
646 4689 689 4736 ss.
708 4703 751 4716 -
767 4668 838 4751 Ego
855 4663 1125 4733 Bartholomaeus
1151 4663 1191 4729 de

116 4803 213 4845 norun.
229 4807 312 4846 nuru.
329 4806 399 4844 rursu.
417 4817 455 4829 -
474 4777 545 4844 nmu'.
564 4795 597 4835 1².
987 4783 1028 4840 22
