3162 5188
626 293 788 400 Q-

115 492 302 561 oracionis
326 501 360 559 et
385 491 645 560 confirmacionis
671 495 714 560 ah
739 492 855 563 eodem
879 495 1041 582 Episcopo
1072 499 1268 585 suscepturi.

115 595 206 668 Hec
225 602 336 670 omnia
346 600 546 688 supradicta,
564 611 632 671 tam
641 624 683 671 ex
698 610 794 691 parte
804 603 926 671 domini
936 605 1101 692 'lheguani
1113 608 1268 696 Episcopi

113 703 380 794 'l'ragnriensis
407 728 506 794 quam
523 729 564 776 ex
580 717 675 796 parte
691 710 963 798 Archipresbiteri
980 712 1149 780 Stanimiri
1175 721 1208 782 et
1223 725 1269 784 to-

113 814 206 885 cius
229 816 317 886 Cleri
341 819 562 888 Sihenieensis
588 825 726 906 accepta
752 826 837 905 sont,
864 825 1032 888 eteorum
1059 823 1266 908 beneplacito

114 926 303 996 stabiliter
313 927 667 1016 etiideliterroborata,
684 927 718 995 in
729 927 902 1016 presencia
912 935 944 995 et
956 929 1142 1000 testimonio
1154 931 1264 999 fratris

112 1033 246 1118 Magri
261 1033 323 1123 (et)
337 1033 450 1103 fratris
465 1035 545 1105 Jose
560 1035 602 1104 de
618 1037 733 1105 ordine
742 1038 995 1122 Prodicatorum,
1014 1039 1097 1106 Biue
1113 1045 1145 1106 et
1157 1013 1265 1108 hiicha

113 1144 315 1226 proborum
331 1145 492 1212 nobilium
507 1145 663 1230 virorum,
687 1145 858 1215 Michaelis
874 1146 1009 1214 comitis
1025 1148 1208 1215 castellani
1225 1149 1265 1216 de

113 1249 277 1335 Chlissa,
304 1257 338 1320 et
352 1252 557 1336 quorundam
573 1253 722 1348 aliorum.
750 1253 819 1320 Nos
844 1273 922 1322 vero
937 1255 1080 1323 Thomas
1096 1254 1264 1322 Archidia·

113 1377 247 1446 conus,
268 1361 437 1430 Prodanus
454 1362 626 1448 Sacerdos,
643 1362 820 1447 Petrosius,
847 1362 1020 1448 Radosiue,
1038 1363 1193 1434 Nicolaos
1208 1365 1264 1432 Sa-

113 1469 244 1554 crista,
261 1471 416 1555 ioannes,
429 1470 581 1555 Sunium,
599 1469 755 1559 lacobus,
772 1471 931 1556 curnalijs
947 1468 1102 1539 iratribus
1117 1471 1159 1539 dc
1170 1470 1264 1557 Capi-

116 1579 200 1644 tule
213 1577 413 1664 supradicto,
429 1577 535 1662 rogati
550 1579 592 1644 ab
607 1584 746 1662 utraque
761 1584 856 1664 parte
872 1577 936 1661 hijs
952 1577 1102 1645 omnibus
1119 1578 1263 1646 interfui-

116 1707 213 1772 mus,
232 1685 427 1752 etadrohur
439 1692 596 1772 perpetue
606 1685 768 1754 firmitatis
779 1692 963 1771 presentem
979 1686 1135 1773 pagiuam
1150 1687 1262 1774 sigillo

118 1793 277 1880 Capituli
293 1793 396 1862 nostri
411 1793 546 1861 fecimus
563 1793 766 1862 communiri.

118 2011 253 2076 (Lucius,
273 2011 406 2062 Memoris
423 2011 542 2064 storiche
564 2012 592 2062 di
604 2012 677 2063 'l'rau
697 2011 780 2074 73.1.;
806 2027 871 2062 esen
891 1970 1009 2076 olimhny
1028 2009 1169 2065 thredekst
1187 2012 1261 2065 irhali

402 2099 483 2169 Pejor
497 2102 563 2154 Cori.
576 2103 649 2169 Dipl.
663 2103 725 2153 Vll.
740 2101 796 2154 ket
811 2104 834 2152 l.
851 2117 870 2152 r.
887 2101 946 2153 lfll.
960 2099 990 2166 1.)

568 2403 821 2416 nnn—..w

124 3095 146 3159 Ι
151 3096 185 3160 V.
202 3096 285 3160 Be‘lc
310 3095 477 3181 lircilynok
486 3095 719 3183 pricilcpiuma,
745 3093 886 3179 mclplycl
900 3093 995 3178 Sceps
1018 3106 1126 3160 mester
1141 3095 1256 3162 Rohert

123 3201 281 3266 coracenelr
297 3201 363 3285 ficit
377 3201 517 3286 Kolpart
531 3207 562 3264 ds
582 3200 717 3266 Caeneos
743 3198 925 3266 hirtokrihan
947 3199 1128 3285 naepcrh'cz'ts'.
1158 3200 1252 3266 1252.

228 3397 311 3464 Bela
330 3397 394 3463 Dei
419 3395 534 3482 gracia
559 3394 735 3480 Huugarie,
759 3393 940 3478 Dalmaeie,
965 3391 1112 3480 Groacie,
1137 3397 1250 3484 Rome,

120 3503 248 3590 Seruio,
260 3507 411 3592 Gallicis,
428 3505 631 3592 Lodomerie,
649 3505 948 3590 CumaniequeRex
966 3503 1116 3572 omuibus
1132 3503 1251 3572 Christi

119 3614 273 3682 fidelibus
297 3621 484 3702 presentem
501 3613 659 3700 pagiuam
685 3609 881 3697 inspecturis
902 3612 1040 3678 salutem
1056 3611 1089 3677 in
1106 3612 1249 3679 omnium

118 3723 297 3790 saluatore.
323 3721 403 3788 Cum
419 3721 524 3804 Regia
548 3719 731 3787 liberalitas
748 3719 951 3806 singulorum
966 3718 1109 3786 fidelium
1132 3720 1248 3786 merita

118 3847 369 3915 recompensare
389 3827 492 3914 digna
517 3827 781 3896 remuneracione
807 3827 936 3911 debeat,
965 3834 997 3893 ct
1022 3827 1248 3894 munificencia

118 3937 272 4023 ampliori
286 3937 490 4020 instaurare3
507 3935 646 4023 proinde
663 3933 706 4002 ad
719 3934 943 4002 uniuersorum
960 3939 1027 4000 tam
1043 3933 1246 4018 presencium

116 4065 217 4129 quam
242 4044 424 4114 futurorum
448 4042 603 4111 noticiam
628 4043 744 4110 harum
771 4041 855 4109 serie
883 4041 1031 4108 volumus
1063 4042 1245 4128 peruenire,

117 4153 206 4238 quod
222 4151 383 4220 accedens
408 4151 452 4219 ad
467 4159 613 4219 nostram
636 4152 843 4239 presenciam
858 4150 1017 4235 Magister
1032 4149 1136 4236 Stepk
1161 4149 1246 4216 filius

115 4260 251 4330 Roberti
266 4258 414 4345 Comitis,
442 4257 579 4327 dilectus
606 4265 639 4326 ct
656 4258 763 4326 fidelis
778 4265 897 4342 noster,
923 4279 983 4325 nos
998 4256 1163 4324 humiliter
1188 4278 1244 4344 po·

116 4370 244 4436 stulans
261 4375 294 4434 et
309 4373 442 4452 attente,
459 4367 610 4454 exposuit
625 4365 729 4449 nobis,
748 4364 835 4452 quod
845 4365 958 4433 rolens
974 4362 1119 4432 remedio
1137 4364 1244 4430 anime

46 4491 49 4496 “
114 4498 172 4546 sue
198 4485 277 4544 ante
306 4475 393 4543 diem
409 4475 519 4541 obitus
545 4474 595 4541 sui
621 4473 804 4560 prouidere,
830 4471 991 4556 quasdam
1017 4470 1243 4557 possessiones

114 4607 192 4654 suas
209 4584 392 4672 Culpateuu
407 4582 649 4669 hereditariam,
675 4588 707 4648 et
723 4579 927 4672 Chenneteuu
946 4578 1133 4665 emptieiam
1150 4577 1241 4647 habi-
