3162 5188
861 315 1015 420 ..³:²32-

375 519 408 578 et
423 511 577 597 Boyaym,
594 531 633 578 ac
645 513 793 594 cognatis
808 513 992 598 eorundem,
1011 515 1066 601 qui
1076 537 1099 582 a
1113 515 1270 586 fidelitate
1281 517 1395 586 debita
1411 517 1519 586 aber·

293 683 296 690 r
375 626 503 704 rarent3
528 627 642 688 contra
658 621 776 689 multos
794 623 898 690 eciam
915 623 996 690 alios
1013 623 1171 694 aduersum
1188 628 1324 711 Regiam
1344 629 1517 695 Maiesta-

373 735 438 795 tem
464 728 658 796 resultantes
683 727 716 793 in
742 729 845 815 prelio
870 732 981 799 nauali
997 738 1030 798 et
1044 735 1189 802 terrestri
1215 753 1293 821 sepe
1320 755 1361 802 ac
1385 735 1517 822 sepius

374 835 510 904 uiriliter
534 835 747 919 dimicantes,
778 835 978 906 laudabilem
1005 841 1177 910 uictoriam
1208 843 1434 912 obtinuissent
1478 851 1516 909 et

372 943 602 1030 tribnmphum,
618 963 676 1030 per
692 963 788 1014 omne
802 947 951 1032 spacium
967 951 1123 1036 temporis
1142 951 1274 1018 inomni
1290 952 1436 1020 sernicio
1450 971 1514 1018 no-

373 1060 440 1120 stro
458 1052 640 1120 immobiles
648 1053 870 1138 perstiterunt.
883 1052 935 1122 Ad
946 1055 1005 1124 hee
1015 1077 1088 1126 cnm
1097 1065 1244 1146 tempore
1253 1059 1513 1146 persecucionis

372 1159 604 1230 lbrtbsrorum
615 1159 756 1246 qualitas
769 1165 922 1248 temporis
939 1173 970 1232 et
985 1167 1114 1249 negocii
1130 1167 1174 1234 ad
1184 1174 1297 1256 partes
1307 1168 1507 1237 maritimas

373 1288 433 1337 noe
449 1269 611 1356 exegisset
626 1266 800 1356 declinere,
824 1268 924 1356 ijdem
947 1272 1012 1358 ipsi
1027 1293 1087 1344 nos
1111 1281 1143 1343 et
1158 1281 1297 1359 nostros,
1324 1283 1509 1361 tamquam

372 1377 485 1446 fideles
501 1379 602 1446 nostri
617 1384 650 1446 et
665 1376 785 1462 deuoti,
810 1377 925 1447 sedulo
941 1388 1155 1468 receptantes,
1180 1387 1334 1453 uniuersa
1361 1405 1429 1472 que
1447 1386 1511 1452 ba-

374 1484 495 1554 bebant
510 1485 555 1552 ad
564 1492 709 1553 nostrum
724 1496 944 1574 exposuerunt
953 1496 1140 1576 preceptum
1158 1493 1399 1578 etmaudatum,
1417 1511 1507 1559 snas

372 1614 531 1682 personas
546 1602 660 1664 contra
672 1595 811 1663 insultus
825 1596 1037 1664 Tartharicos
1054 1606 1085 1665 et
1101 1599 1185 1668 alios
1195 1599 1346 1668 diuersos
1362 1599 1506 1668 fortune

373 1723 470 1772 casus
495 1703 717 1789 multipliciter
741 1703 953 1790 exponend03
979 1707 1138 1790 quosdam
1158 1708 1273 1792 ceiam,
1299 1709 1406 1795 quiin
1424 1709 1506 1795 ipso

373 1818 490 1880 euentu
514 1832 551 1881 se
575 1813 700 1898 erigere
716 1820 748 1880 et
772 1813 929 1881 extollere
953 1823 1066 1882 contra
1082 1837 1142 1885 nos
1165 1817 1382 1904 intentabant,
1409 1837 1503 1886 com·

373 1919 598 1988 mendabiliter
614 1927 845 2006 represserunt.
863 1920 931 1989 Nos
946 1921 1056 2007 igitur,
1073 1924 1190 2006 quibus
1206 1944 1247 1991 err
1263 1924 1369 1993 cilicio
1392 1924 1503 2009 aegre

373 2029 542 2114 dignitatis
557 2026 715 2094 incumbit
740 2025 846 2094 metiri
862 2029 978 2095 merita
993 2029 1204 2114 singulorum,
1230 2038 1262 2098 et
1277 2030 1418 2117 siugulis
1436 2052 1501 2116 pro

372 2136 495 2204 meritis
510 2132 718 2222 respondere,
742 2141 810 2202 tam
826 2136 980 2205 eximiam
996 2138 1152 2207 bonorum
1168 2145 1299 2208 actuum
1315 2140 1502 2227 prerogati-

371 2265 447 2313 uam
457 2242 639 2312 memoriter
652 2243 837 2327 retinentes,
852 2242 1046 2313 comiatum
1056 2246 1298 2316 Brcberiensem
1308 2267 1383 2315 cum
1394 2248 1501 2314 omni-

371 2356 431 2421 bus
457 2351 650 2420 utilitatibus
676 2357 708 2418 ct
723 2350 930 2437 pertinenciis
955 2353 1059 2421 suisa
1079 2355 1340 2441 progenitoribus
1367 2354 1496 2424 nostris
1524 2441 1528 2446 ¹

370 2462 417 2528 eis
427 2460 606 2529 liberaliter
621 2458 733 2526 datum
742 2468 775 2528 ct
784 2461 949 2546 collatum,
966 2481 1005 2528 ac
1015 2461 1127 2531 inclite
1138 2464 1379 2532 recordacionis
1389 2465 1498 2550 patris

369 2571 471 2640 nostri
495 2570 669 2658 priuilegio
685 2553 882 2656 roboratum,
908 2571 994 2656 quod
1008 2579 1119 2642 tamen
1145 2593 1223 2642 casu
1248 2574 1367 2641 dicitnr
1394 2573 1496 2641 amis-

368 2701 450 2764 sum,
466 2679 564 2766 plene
580 2685 613 2746 et
627 2677 763 2763 pacifice
778 2677 901 2746 eisdem
917 2679 1068 2748 duximus
1084 2679 1352 2768 confirmandum,
1372 2688 1409 2748 nt
1425 2689 1496 2749 tam

369 2790 434 2877 ipsi
447 2809 545 2874 quam
560 2788 705 2873 ipsorum
720 2785 856 2854 heredes
871 2786 1090 2872 heredumque
1105 2809 1312 2860 successores
1326 2791 1361 2856 in
1376 2808 1495 2877 perpe·

367 2906 458 2966 tuum
473 2894 664 2983 possideant
681 2895 775 2980 pleno
790 2894 868 2962 inre.
895 2897 933 2962 In
949 2897 1041 2966 cuius
1057 2899 1316 2968 confirmacionis
1340 2905 1374 2964 ct
1389 2899 1492 2966 colla·

368 3005 471 3076 cionis
485 3003 674 3072 memoriam
699 3011 731 3070 et
744 3008 933 3087 perpetuam
953 3005 1138 3074 firmitatem
1163 3012 1333 3091 presentes
1359 3023 1494 3072 conces-

367 3115 469 3184 simus
484 3113 611 3181 litteras
635 3109 850 3197 impressione
865 3129 964 3180 auree
980 3111 1068 3181 bulle
1091 3120 1202 3183 nostre
1217 3115 1401 3184 roboratas.
1423 3115 1493 3181 Da-

366 3230 434 3292 tum
461 3239 519 3307 per
545 3237 659 3286 manns
683 3215 878 3285 venerabilis
909 3218 1012 3304 patris
1039 3217 1209 3288 Benedicti
1234 3218 1490 3306 Arcbiepiseopi

367 3330 555 3402 Ooloeensis
578 3331 654 3398 aule
678 3335 787 3397 nostre
803 3325 1009 3416 Oancsllurij.
1034 3329 1225 3402 Reuerendo
1244 3331 1411 3418 Stephano
1429 3332 1490 3399 Ar-

366 3439 572 3527 cbicpiscopo
598 3435 824 3522 Strigoniensi,
848 3435 972 3507 Basilio
988 3439 1195 3525 cenadiensi,
1222 3435 1318 3508 Gallo
1335 3438 1488 3508 Vitrasil·

366 3568 462 3634 uano,
487 3547 633 3616 zelando
658 3545 912 3634 Wcsprimiensi,
939 3547 1106 3632 Heymonc
1131 3547 1307 3632 Wacicnsi,
1331 3546 1487 3635 Philippo

365 3657 589 3742 Zagrabiensi,
606 3655 780 3742 Lamperto
790 3654 953 3741 Agrieusi,
969 3655 1097 3724 Achille
1112 3655 1486 3742 Quinqueilcclesiensi

365 3765 524 3853 Artolpho
547 3762 721 3848 lauriensi,
738 3761 924 3831 Wincencio
939 3763 1148 3832 Waradieusi
1172 3763 1356 3850 Episcopis,
1376 3763 1489 3832 Eccle-

365 3872 433 3942 sias
456 3872 520 3940 Dei
542 3871 716 3941 salubriter
741 3869 1010 3956 gubernantibus,
1039 3871 1198 3957 Magistro
1224 3870 1286 3940 Job
1312 3873 1485 3960 Proposito

364 3981 507 4065 Albensi,
531 3980 606 4049 aule
630 3984 740 4048 noste
763 3977 1079 4062 vicecancellari03
1102 3977 1250 4047 Rolando
1275 3978 1429 4049 Palatino
1456 3989 1488 4049 et

363 4089 489 4160 comite
512 4088 715 4174 Posoniensi,
739 4085 907 4174 Stephano
931 4088 1023 4157 Bane
1047 4087 1153 4156 tocius
1178 4087 1362 4172 Solanonle,
1390 4087 1487 4157 cnse
1569 4071 1571 4080 ’

363 4198 520 4284 Magistro
546 4196 813 4265 'lawarnicorum
836 4203 1019 4265 nostrorum
1046 4205 1078 4265 et
1103 4197 1227 4266 Gemite
1257 4194 1484 4284 Supruniensi,

361 4305 544 4375 laurencio
555 4303 980 4391 WoyauodaVltrasiluano
996 4311 1029 4373 et
1043 4303 1170 4372 (lomite
1186 4304 1228 4371 de
1238 4303 1363 4390 chon,
1381 4305 1485 4374 Panlo

362 4412 479 4482 Judiee
503 4411 599 4482 curie
622 4418 733 4479 nostre
758 4419 790 4478 et
807 4408 933 4480 Gemite
957 4410 1155 4497 Zaladiensi,
1181 4409 1331 4480 Dionisio
1360 4411 1486 4482 Zonnn-

362 4521 499 4607 quieusi,
525 4518 661 4588 Hertico
685 4517 880 4603 Simigieosi,
906 4518 1043 4588 Nicolao
1068 4515 1224 4604 Magistro
1254 4516 1485 4604 Dspiierornm

361 4635 552 4712 nostrorum,
569 4628 682 4714 Bagou
692 4627 849 4711 Magistro
866 4626 1097 4696 Piuceruarum
1111 4634 1293 4696 nostrorum
1310 4633 1342 4694 et
1358 4627 1484 4696 comice
