3162 5188
545 383 701 484 Q

45 571 276 644 ducerrtesimo
297 579 567 664 quinquagesimo
584 579 684 646 tercio
702 578 807 666 pridie
824 580 983 651 kalendas
1001 585 1103 671 maij,
1129 587 1185 654 Re·

49 685 108 770 gni
128 691 242 754 eutem
258 686 361 752 nostri
379 684 608 753 nonodecimo
625 691 750 754 octauo.

48 880 194 948 (Ercdetic
208 879 381 950 bbrbrirtyiu,
397 884 510 950 usbggb
523 882 615 950 peostt
628 883 763 946 ciueszott
778 902 793 938 u
807 885 889 939 budsi
902 888 955 940 kir.
969 890 1091 942 kcmorui
1106 890 1188 942 leuel·
1234 885 1242 896 ’

564 971 684 1044 iirbbu.)

581 1732 658 1806 246.

54 1921 76 1985 Ι
79 1921 113 1988 V.
125 1920 221 1986 [ποτε
227 1923 316 2006 pcipe
326 1918 465 2004 ojdctuui
473 1916 612 1982 erubet
622 1916 818 2004 mybuyyja,
828 1915 909 2007 '¹⁰³
918 1917 1062 2006 bizonyou
1073 1919 1180 1986 betzur·

135 2029 211 2113 nciye'
225 2025 399 2112 ukudcinru
413 2030 504 2090 occec
523 2023 617 2090 Prius
626 2023 742 2108 jadrae*
756 2026 809 2088 not
816 2022 988 2108 felmeum.
1006 2024 1102 2091 1253.

166 2220 376 2292 Innocentius
393 2219 576 2309 Episcopus
600 2239 714 2288 seruus
738 2238 906 2290 servorum
928 2221 990 2291 Dei
1007 2223 1190 2291 venerabili

57 2333 151 2400 irntri
182 2379 246 2400 ...
273 2328 532 2416 Arcbicpiscopo
557 2327 711 2397 Jedrcnsi
742 2329 879 2398 salutem
905 2336 937 2396 et
962 2330 1187 2417 Apostolicum

58 2439 329 2509 benedictionem.
355 2437 473 2505 Petitio
491 2436 588 2504 Pride
614 2437 759 2506 mulieris
774 2434 945 2506 Jadrensis
971 2437 1065 2506 nobis
1088 2457 1186 2528 expo·

58 2549 121 2617 situ
137 2547 339 2632 continebat,
357 2545 446 2631 quod
461 2543 600 2613 condem
619 2545 804 2631 Stephanus
819 2549 914 2633 peter
929 2545 1001 2614 eius
1017 2545 1059 2615 de
1074 2548 1188 2617 volun·

61 2663 126 2725 tote
142 2656 263 2744 ipsius,
280 2653 455 2739 quodcum
472 2652 609 2724 condem
620 2653 761 2722 Pridano
780 2653 846 2720 ciui
862 2653 1014 2723 Jedrcnsi
1032 2654 1187 2742 mederet,

61 2771 92 2833 et
106 2763 200 2834 idem
215 2763 307 2848 civis,
333 2763 390 2848 qni
405 2781 479 2830 cem
495 2761 655 2849 reciperet
669 2761 702 2827 in
718 2782 862 2848 uxorem,
885 2761 1067 2833 iuramento
1083 2765 1188 2833 firmu-

62 2882 154 2961 runt;
181 2873 242 2941 sed
258 2871 464 2960 postmodum
489 2890 562 2938 cum
578 2870 652 2956 ipse
668 2880 700 2939 et
716 2870 822 2942 dictus
846 2869 928 2939 ciris
944 2892 1008 2942 non
1026 2876 1185 2943 consenti·

62 2991 128 3050 rcut
145 2981 191 3050 od
207 2979 345 3048 invicem
364 2978 645 3050 matrimonialiter
662 2978 819 3068 copulari,
846 2977 936 3048 dictu
952 2980 1067 3050 mulier
1087 3002 1126 3050 eo
1141 2984 1187 3050 ui·

62 3099 155 3159 rcntc
171 3089 339 3159 contraxit
353 3088 595 3159 matrimonium
611 3108 670 3175 per
687 3089 789 3156 uerba
805 3086 846 3156 de
865 3090 1008 3175 presenti
1024 3109 1098 3156 curu
1114 3090 1188 3158 Puc-

62 3200 181 3267 stuntio
199 3197 286 3268 luico
301 3196 467 3284 Judreusi,
492 3197 549 3284 qui
565 3195 651 3265 dicto
667 3197 732 3264 ciri
757 3203 875 3283 quarte
892 3197 1188 3282 consanguinitatis

63 3306 147 3374 linea
163 3305 336 3391 attinebat,
353 3305 478 3374 cernuli
495 3305 614 3392 copule
629 3305 821 3391 subsecutu;
850 3324 953 3390 quere
968 3304 1057 3373 dictu
1073 3304 1188 3374 mulier

64 3415 157 3484 uobis
182 3414 349 3483 humiliter
374 3413 582 3504 supplicavit,
612 3421 649 3482 ut
663 3435 736 3482 cum
751 3411 838 3482 idem
864 3412 945 3482 ciuis
961 3414 1048 3482 viem
1062 3414 1106 3484 sit
1121 3415 1188 3484 uui-

65 3543 156 3594 vcrse
183 3521 292 3592 carnis
317 3524 484 3611 ingressus
495 3576 504 3610 ,
536 3523 730 3612 dispensare
755 3543 829 3592 cum
855 3541 897 3591 ce
920 3529 953 3589 et
977 3521 1063 3591 dicto
1092 3521 1188 3608 luico,

66 3633 150 3718 quod
176 3653 242 3701 non
269 3633 420 3703 obstante
437 3635 567 3721 publice
592 3633 773 3705 honestetis
799 3632 924 3703 iustitio
942 3630 1069 3720 possint
1092 3630 1127 3698 in
1141 3630 1191 3699 sie

68 3747 232 3808 contracto
257 3741 461 3810 matrimonio
485 3740 573 3810 licite
590 3761 768 3827 remouere,
794 3741 835 3809 de
856 3738 1064 3828 benignitate
1094 3738 1191 3807 Sedis

67 3848 256 3936 Apostoliee
273 3852 490 3937 dignaremur.
517 3849 679 3932 Quocirca
696 3852 898 3937 mundamus,
915 3856 1077 3936 quotenus
1093 3867 1192 3937 super

68 3957 125 4026 hcc
141 3958 338 4030 auctoritate
354 3967 467 4028 nostre
490 3959 661 4046 dispenses
678 3980 750 4027 cum
771 3959 907 4027 muliere
923 3978 961 4026 ec
976 3958 1061 4025 inico
1077 3975 1190 4045 supru-

69 4062 171 4154 dictis‚
188 4066 219 4134 si
234 4064 325 4135 eliud
341 4088 404 4136 uon
422 4065 571 4137 obsistet.
594 4068 715 4138 Datum
732 4066 834 4134 Asisii
850 4065 957 4134 idibus
973 4065 1065 4152 tulii,
1083 4064 1191 4133 Ponti·

68 4169 179 4241 fluetus
196 4176 296 4244 nostri
314 4196 400 4246 anuo
420 4175 599 4244 undecimo.

70 4368 196 4434 (uncinos
208 4356 339 4440 Agneion,
359 4373 459 4428 Vetere
473 4375 650 4426 Monumentu
661 4370 803 4424 Siuuorum
822 4365 1040 4420 meridionalium
1053 4366 1191 4419 historiam

442 4465 609 4516 illustrantis
622 4464 642 4514 1.
655 4462 712 4514 kot.
726 4461 770 4514 80.
784 4459 814 4524 i.)

493 4647 755 4658 ....——-——-——-n

114 4832 213 4874 uorum.
229 4834 308 4873 uuuu.
326 4834 395 4871 uisu.
415 4843 451 4854 —
471 4833 542 4871 oren.
560 4823 593 4866 ¹8.
704 4819 707 4825 ’
