3226 5194
387 507 489 571 missa
515 505 652 573 eundem
679 507 862 591 dominam,
888 509 941 574 uel
968 509 1018 575 cni
1044 481 1117 594 ipsa
1143 506 1274 575 domina
1301 509 1343 575 ob
1369 509 1519 576 remedio

389 615 497 680 anime
513 633 571 680 sue
588 615 732 682 conferre
749 614 946 700 dignaretur,
962 617 1086 683 nullum
1107 615 1290 682 molestiam
1311 637 1369 700 pro
1388 636 1518 701 posses·

388 720 534 787 sionibus
560 743 660 809 snpra
685 723 779 790 (lictis
806 723 912 790 lacere
940 722 1107 800 deberent,
1132 743 1191 789 nec
1222 731 1430 806 conarentur,
1459 723 1518 788 scd

388 829 500 913 pocius
518 829 651 910 eisdem,
669 830 701 894 in
719 831 834 914 qrribns
851 837 994 917 possent,
1013 831 1171 898 auxilium
1186 839 1218 897 ct
1235 830 1388 896 iunamen
1405 830 1519 895 lacere

388 943 643 1022 assumpserunt.
671 937 841 1020 Obligauit
858 941 962 1005 eciam
979 961 1015 1006 se
1032 938 1147 1005 Comes
1163 938 1279 1004 Bukcn
1305 939 1440 1023 propria
1457 957 1520 1002 sna

389 1044 572 1122 uoluntate,
590 1042 676 1126 quod
688 1043 892 1129 priuilegium
909 1045 1037 1111 dominc
1054 1046 1167 1112 matris
1184 1065 1241 1112 sue
1258 1063 1315 1131 per
1324 1064 1384 1110 nos
1402 1045 1519 1110 datum

388 1171 459 1215 cum
484 1151 656 1236 priuilegio
684 1153 783 1236 Regis
810 1153 886 1218 Bcle
913 1160 1033 1238 quanio
1059 1153 1159 1219 cicius
1185 1158 1297 1239 posset
1320 1153 1520 1221 confirmare

387 1262 557 1323 teneretur.
584 1257 652 1322 Nec
678 1259 739 1326 hoc
764 1261 1042 1345 pretermittimus,
1069 1261 1155 1343 quod
1181 1259 1314 1327 domina
1341 1258 1519 1327 Elisabeth

388 1361 604 1450 personaliter
621 1383 729 1432 coram
746 1365 840 1432 nobis
856 1372 969 1433 astans
986 1386 1050 1433 rna
1074 1385 1145 1432 cum
1162 1364 1230 1432 filia
1246 1364 1382 1431 Comitis
1397 1364 1520 1430 Bnkcn

388 1469 499 1538 Kutha
515 1467 643 1535 nomine
659 1477 756 1558 nepte
772 1492 833 1538 sua
849 1473 1076 1558 possessiones
1093 1491 1194 1558 supra
1208 1471 1355 1556 scriptas,
1373 1491 1460 1552 quns
1475 1490 1519 1534 ex

389 1585 484 1665 purte
509 1577 566 1645 lilii
595 1577 643 1644 sui
660 1579 810 1646 recitauit
826 1601 861 1646 sc
877 1581 1044 1664 habuisse,
1071 1575 1115 1642 ad
1139 1585 1269 1664 neptem
1296 1597 1388 1643 suam
1404 1575 1522 1644 Katha

387 1685 527 1771 nomine,
546 1695 580 1754 ut
598 1686 749 1775 diximus,
776 1709 849 1754 cum
866 1687 1014 1756 omnibus
1031 1685 1254 1754 instrumentis
1272 1685 1350 1767 suis,
1376 1705 1439 1769 que
1457 1685 1515 1750 ha-

388 1791 457 1858 buit
473 1799 505 1858 et
521 1793 628 1863 adhue
645 1793 767 1863 habere
783 1795 912 1881 poterit,
929 1794 1043 1862 statuit
1057 1800 1089 1860 et
1105 1792 1241 1860 donauit
1256 1793 1344 1880 nepti
1361 1812 1419 1858 suc
1434 1813 1522 1878 sepe

387 1903 553 1970 nominate
570 1923 679 1970 coram
696 1903 800 1970 nobis.
830 1905 871 1970 Vt
886 1905 984 1987 igitur
1001 1903 1096 1971 huius
1113 1899 1363 1988 composicionis
1380 1909 1412 1966 ct
1428 1899 1514 1967 ordi·

388 2007 536 2075 nacionis
563 2009 695 2097 (series)
713 2012 810 2077 robur
835 2019 990 2097 perpetue
1009 2009 1171 2077 firmitatis
1197 2008 1354 2093 obtineat,
1380 2027 1439 2074 nec
1456 2029 1520 2094 per

387 2116 572 2202 qnempiam
599 2138 752 2205 processu
779 2127 959 2206 temporum
984 2119 1018 2184 in
1043 2117 1167 2184 irritum
1184 2117 1304 2183 waleet
1329 2116 1517 2200 retractari,

388 2221 430 2288 ad
446 2225 640 2294 instanciam
656 2233 689 2295 et
704 2227 898 2316 peticionem
916 2225 1052 2295 Comitis
1069 2225 1183 2294 Bulsen
1201 2232 1234 2292 et
1249 2223 1379 2291 domine
1399 2223 1520 2292 matris

388 2349 445 2396 sue
461 2339 631 2416 presentes
657 2333 878 2403 concessimus
903 2333 1004 2420 sigilli
1021 2333 1125 2402 nostri
1140 2333 1266 2399 litteras
1288 2331 1520 2418 priuilegiales

388 2438 564 2506 munimine
588 2443 769 2510 roboratas.
806 2443 927 2511 Datum
953 2463 1039 2510 anno
1064 2441 1195 2509 Domini
1221 2441 1266 2507 lll⁰
1291 2439 1520 2507 ducentesimo

387 2547 605 2630 sexagesimo.

390 2727 448 2780 W.
461 2725 528 2780 Bels
540 2725 686 2796 kirtlynslr
698 2726 887 2797 olrmrinyibol,
901 2729 971 2796 moly
984 2730 1075 2782 aunslr
1086 2725 1280 2796 megsrlisiiese
1291 2726 1385 2792 vegete
1396 2721 1518 2787 hessius,

524 2822 593 2870 mint
606 2815 687 2872 silbo
700 2821 762 2874 387.
776 2837 812 2870 rs.
825 2834 850 2871 ι
870 2819 950 2872 Kiluli
962 2816 1037 2872 meli.
1050 2815 1115 2871 otro
1129 2814 1222 2884 Nptiry
1234 2817 1330 2870 Albsrt
1341 2815 1384 2880 uir)
