3186 5188
855 363 1010 463 „Q

372 559 602 646 Dapiferorum
627 565 660 625 et
677 556 802 627 Gemite
820 559 1043 645 Suprunieusi,
1069 559 1226 626 Mauricio
1250 557 1411 644 Magistro
1429 559 1504 626 Pin·

371 687 541 734 comarum
567 672 598 734 et
615 665 739 734 Gemite
755 667 924 755 Jeuriensi,
943 668 1111 755 Stephano
1128 667 1289 753 Magistro
1310 667 1505 752 Agazouum

371 783 403 844 et
418 775 545 844 Gemite
562 776 602 843 de
619 777 737 866 Vrbaa,
763 776 923 846 Balduino
952 776 1077 846 Comite
1093 776 1258 864 Nitriensi,
1275 777 1425 862 UHenrioo
1442 776 1505 844 Go-

371 884 448 952 mite
463 887 586 972 Ferrey
603 883 718 974 Castri,
737 906 777 953 ac
793 886 907 954 ceteris
917 886 1128 973 Magistratus
1148 890 1181 953 et
1196 885 1379 953 Comitatus
1395 885 1504 971 Regni

371 990 476 1060 nostri
500 991 696 1062 tenentibus.
724 993 818 1062 Anno
837 991 878 1060 ab
904 992 1137 1060 incarnacione
1163 991 1296 1059 Domini
1324 991 1504 1060 millesimo

371 1099 606 1170 sexennis
618 1101 761 1171 seeundo
771 1100 930 1170 kalendas
939 1101 1150 1189 Nouembris,
1161 1101 1269 1188 Regni
1279 1105 1390 1169 autem
1399 1101 1505 1168 nostri

372 1229 457 1279 anne
475 1210 609 1280 decimo.

375 1405 411 1475 (A
424 1405 498 1465 baasi
511 1405 988 1480 utptalmnnkrans·1nauratlbcl,
1007 1411 1079 1479 moly
1092 1428 1109 1465 a
1123 1412 1204 1466 budai
1217 1412 1268 1465 kir.
1281 1412 1409 1464 lamanai
1421 1409 1506 1464 level-

802 1497 900 1555 aruan
921 1500 1069 1568 cruens.)

804 1779 1065 1793 *—

899 2254 977 2324 110.

370 2434 432 2502 IV.
442 2435 522 2503 Belo
530 2436 635 2526 lcirdly
645 2437 781 2524 Stephon
791 2437 964 2503 Rauennate
972 2438 1049 2520 ficit,
1067 2435 1508 2535 Uennonenses-birtelmus

783 2549 962 2635 composuistis.
986 2547 1085 2613 1244.

475 2743 557 2812 Bela
576 2744 640 2811 Dei
664 2743 779 2831 gracia
801 2741 979 2829 Hungarie,
1003 2741 1186 2830 Dalmaeie,
1211 2741 1359 2829 Oroacie,
1383 2743 1502 2832 Ranae,

371 2851 496 2940 Seruio,
513 2853 663 2940 Gallicis,
674 2853 868 2923 Lodomerie
878 2853 1100 2940 (inmaniaque
1115 2855 1186 2921 Rex
1202 2851 1365 2920 uniuersis
1377 2851 1503 2921 christi

370 2959 519 3030 fidelibus
528 2963 728 3050 presencium
738 2961 1065 3031 noticiamhabituris
1076 2962 1218 3030 salutem
1228 2962 1262 3029 in
1273 2981 1323 3046 co,
1339 2963 1394 3048 qni
1404 2965 1503 3050 Regi-

370 3070 433 3138 bus
458 3068 516 3137 dat
540 3071 690 3140 salutem.
706 3071 757 3136 Ex
778 3069 887 3138 debito
913 3068 1057 3156 suscepti
1082 3069 1252 3154 regiminis
1277 3077 1436 3156 tenemur,
1463 3079 1503 3138 vt

370 3176 645 3265 quemadmodum
661 3179 745 3263 legis
770 3178 888 3246 author
902 3199 1014 3246 snmus
1028 3199 1049 3244 a
1065 3179 1204 3246 Domino
1221 3198 1320 3266 snper
1342 3199 1435 3247 suam
1453 3179 1501 3246 ia-

372 3286 495 3355 miliam
516 3287 703 3371 constitum
729 3285 777 3354 sic
793 3285 937 3353 eiusdem
953 3285 1037 3370 legis
1053 3292 1265 3354 concarnatur
1288 3285 1389 3354 simus
1408 3283 1502 3354 beni-

371 3414 455 3479 gnus
481 3415 521 3460 ac
546 3395 649 3460 eciam
675 3391 939 3481 circumspectus.
965 3394 1143 3462 Nemeum
1167 3393 1273 3462 nostri
1298 3391 1412 3460 fideles
1437 3395 1501 3461 snb

371 3506 484 3570 nostro
492 3501 651 3589 regimine
661 3503 746 3588 juris
755 3502 912 3573 beneficio
928 3509 1158 3589 sustentantur,
1178 3523 1219 3571 cx
1234 3503 1295 3571 hoe
1311 3501 1429 3572 solium
1444 3525 1502 3572 no·

374 3617 440 3678 stre
457 3607 666 3680 Celsitudinis
680 3612 818 3680 nitorem
834 3612 972 3700 suscipit
986 3617 1018 3678 et
1033 3612 1189 3699 vigorem.
1215 3609 1357 3678 Proinde
1372 3608 1416 3676 ad
1430 3613 1503 3679 vni·

372 3736 537 3786 nersorum
567 3719 770 3805 presencium
794 3726 829 3788 et
852 3727 1055 3808 posterorum
1081 3720 1235 3788 noticiam
1265 3720 1383 3786 harum
1413 3718 1503 3786 serie

370 3826 521 3895 volumus
546 3827 735 3914 peruenire;
762 3827 850 3915 quod
875 3827 1035 3896 accedens
1061 3828 1106 3895 ad
1121 3833 1268 3896 nostram
1293 3826 1502 3914 presenciam

370 3935 477 4004 fidelis
501 3943 613 4004 noster
628 3937 770 4025 Stepheo
794 3937 879 4005 filius
896 3935 1029 4006 Reberti
1044 3957 1142 4024 super
1167 3937 1309 4022 quadam
1333 3943 1423 4003 terra
1438 3955 1502 4004 sna

370 4044 500 4112 nomine
516 4045 792 4130 Wslieherneueh‚
819 4066 916 4130 quam
933 4045 1112 4132 empcionis
1123 4046 1199 4129 jure
1214 4065 1250 4112 se
1266 4044 1435 4131 possidere
1450 4044 1499 4110 di·

369 4155 474 4238 cebat,
492 4154 593 4241 pecijt
609 4175 630 4221 a
644 4153 738 4222 nobis
763 4151 929 4222 concionis
953 4160 1111 4242 perpetue
1137 4152 1380 4220 munimentum.
1406 4151 1499 4220 (lete-

369 4283 440 4330 rum
455 4262 602 4330 volentes
617 4259 659 4329 de
674 4260 933 4348 circumstaueijs
949 4258 1096 4328 eiusdem
1107 4271 1190 4328 terre
1206 4259 1383 4346 certiorari,
1401 4256 1489 4326 dilec

368 4377 437 4439 tum
462 4375 495 4438 et
509 4369 637 4439 fidelem
665 4378 810 4441 nostrum
826 4369 999 4440 Nicolaum
1013 4369 1218 4455 Prepesitum
1236 4369 1431 4457 Agrionscm
1458 4366 1505 4434 ad

370 4479 591 4565 inspiciendas
617 4487 721 4548 metas
738 4480 883 4548 eiusdem
907 4484 993 4546 terre
1010 4478 1258 4563 transmisimus,
1286 4483 1319 4544 et
1338 4477 1383 4545 ad
1398 4477 1504 4564 inqui·

368 4586 506 4654 rendum
522 4585 710 4673 diligenter,
737 4608 801 4674 quo
812 4588 887 4672 jure
903 4593 992 4654 terra
1008 4585 1123 4654 sedeur
1149 4584 1193 4652 ad
1210 4586 1317 4674 ipsum
1337 4584 1503 4672 pertinere

369 4701 533 4766 noscatur.
551 4694 615 4774 Qui
630 4694 674 4764 ad
690 4695 845 4766 maiorem
861 4696 1024 4765 cautelam
1033 4696 1154 4783 petitos
1171 4715 1192 4762 a
1208 4691 1358 4762 fidelibus
1377 4693 1502 4761 nostris
