3186 5188
620 254 777 356 339-

130 445 236 516 dictns
253 447 415 519 Nicolaus
430 447 472 515 de
488 467 608 533 genero
623 450 756 537 Katpcn
772 452 894 518 nullam
919 451 1004 520 inter
1019 451 1110 539 ipsos
1127 473 1264 521 commc-

9 627 10 634 χ
128 563 247 625 taneos
272 560 408 627 baberet
435 559 634 646 porcionem,
661 567 770 646 preter
785 559 1006 647 qnadraginta
1030 562 1146 647 iugera
1164 569 1262 646 terre,

128 685 191 748 que
206 666 271 734 sub
297 675 406 735 monte
423 667 495 753 Nyr
510 667 545 734 in
559 673 687 755 partem
711 669 781 736 eins
797 668 952 736 deberent
969 668 1151 756 peruenire,
1168 668 1264 735 Nico-

128 773 183 841 lao
199 774 265 842 hoc
280 772 369 842 idern
393 774 584 861 confitente5
610 775 670 844 sed
685 777 743 844 illa
758 776 819 844 XL
834 775 949 861 iugera
964 783 1049 844 terre
1064 777 1152 845 idom
1166 777 1262 845 Nico-

128 879 215 968 lans,
232 890 350 951 contra
364 880 547 949 Mahariam
563 881 700 950 bilotum
716 882 757 949 de
773 885 867 952 Petet
883 884 1047 953 ordinario
1074 883 1195 952 iudicio
1211 904 1262 952 co·

126 1008 197 1056 ram
208 991 306 1058 nobis
315 1011 374 1078 pro
384 988 534 1077 predicta
543 1009 646 1060 cansa
659 997 746 1058 terre
754 991 949 1079 populorum
958 991 1085 1077 Regino
1095 993 1136 1060 de
1147 993 1262 1078 Boyon

125 1097 309 1184 conuictus,
326 1097 414 1166 dicto
430 1096 610 1186 Scenreyno
627 1097 743 1166 Gemiti
767 1121 827 1187 per
841 1099 1094 1170 eonnencionem
1122 1099 1157 1166 in
1179 1117 1262 1186 pace

126 1206 274 1293 dimisit;
290 1205 367 1291 quia
377 1205 421 1273 ad
437 1204 776 1292 perdendamomnem
787 1213 909 1275 terram
920 1206 1140 1292 suamfuerat,
1161 1225 1261 1293 snper

126 1315 246 1382 eadem
257 1333 359 1381 causa
374 1319 461 1380 terre
475 1332 535 1399 per
545 1313 726 1382 Mahariam
741 1315 941 1383 nominatum
952 1335 1062 1384 coram
1073 1314 1168 1382 nobis
1184 1333 1258 1381 con-

126 1423 246 1491 uictus.
263 1423 305 1489 lit
316 1423 365 1490 sic
371 1429 494 1490 terram
504 1423 698 1510 populorum
707 1425 833 1510 Regino
842 1425 939 1492 sitam
951 1424 984 1492 in
1000 1423 1214 1512 villassoyon,
1229 1429 1262 1489 et

126 1531 189 1598 illa
203 1531 356 1620 predicta
369 1532 429 1597 XL
439 1530 555 1615 iugera
570 1538 663 1618 terre,
680 1539 795 1602 contra
809 1533 1068 1620 prenominatum
1079 1533 1260 1600 Mahariam

126 1637 331 1725 pereuidens
341 1638 697 1727 testimoniumplenius
706 1641 739 1706 in
749 1640 1042 1727 nostrapresencia
1051 1640 1258 1706 iustificatam

126 1750 311 1834 Scemeyno
326 1745 447 1814 comici
463 1766 503 1814 ex
519 1754 673 1835 precepto
698 1747 822 1816 domini
837 1747 939 1832 Regis
958 1753 991 1814 ot
1005 1746 1130 1834 Regino
1148 1767 1259 1834 perpe-

127 1862 183 1924 tuo
199 1853 436 1943 possidendam
461 1857 559 1924 certis
573 1856 668 1925 metis
684 1859 869 1944 statuimus,
884 1857 974 1925 nulla
992 1856 1156 1944 particula
1176 1863 1261 1924 terre

128 1963 298 2051 sepedicto
313 1960 453 2032 Nicolao
470 1960 512 2031 de
528 1982 649 2048 genere
663 1965 798 2054 Katpan
814 1965 847 2033 in
864 1973 952 2035 terra
977 1965 1082 2052 ipsius
1097 1967 1260 2051 Scemeyn

130 2071 268 2140 Comitis
284 2077 492 2158 remanente3
518 2073 753 2159 prenominatis
769 2080 877 2142 autern
893 2073 1147 2142 commetuneisz
1172 2074 1259 2158 Jula,

129 2183 236 2266 Petro,
248 2179 366 2266 (lutus,
380 2179 528 2261 Nicolao,
544 2181 665 2269 Jegdo,
682 2187 714 2250 et
724 2182 875 2269 Roeslco,
885 2189 1115 2270 partemsnam
1131 2180 1174 2248 de
1186 2181 1261 2266 ipsa

128 2310 192 2358 non
218 2288 463 2377 separantibus,
494 2288 553 2356 sed
578 2291 792 2358 communiter
817 2309 890 2358 cnm
916 2291 1097 2376 Scemeyno
1123 2289 1258 2375 comite,

129 2401 212 2467 sicut
226 2398 320 2485 prius
336 2395 514 2481 habebant,
530 2395 564 2462 in
579 2416 663 2483 pace
677 2397 950 2485 permittentibus.
966 2397 1054 2465 Mete
1066 2397 1158 2465 cuius
1173 2404 1259 2465 terro

130 2505 272 2595 primum
287 2504 469 2592 incipiunt:
484 2501 681 2573 A'I'euercut
697 2505 740 2571 ab
758 2504 908 2572 orientali
923 2511 1027 2590 parte,
1052 2503 1107 2572 ubi
1123 2510 1197 2572 sunt
1213 2524 1261 2572 ar·

130 2615 226 2683 bores
242 2631 372 2696 nucum,
390 2619 423 2679 et
438 2611 484 2679 ibi
500 2619 577 2680 sont
592 2610 656 2680 dne
673 2617 777 2697 mete;
802 2620 835 2679 et
849 2621 967 2701 postea
982 2607 1191 2680 ascendendo
1204 2633 1262 2701 pa-

130 2743 201 2790 ram
217 2721 280 2789 snb
289 2721 377 2804 ylice
392 2724 468 2786 sunt
484 2718 548 2786 due
562 2726 667 2807 mete;
685 2718 805 2789 abinde
815 2721 918 2789 eciam
934 2721 1141 2790 ascendendo
1157 2720 1260 2788 alcius

130 2832 165 2899 in
182 2830 309 2900 uertice
335 2827 481 2896 eiusdem
496 2829 616 2897 montis
636 2836 712 2896 sunt
728 2830 791 2899 due
806 2835 910 2916 mete;
935 2831 1052 2898 iterum
1069 2829 1189 2898 abinde
1207 2827 1262 2896 da·

131 2935 319 3007 soendendo
334 2955 395 3024 per
420 2934 539 3003 uallem
555 2942 641 3004 retro
656 2935 787 3002 foueam
802 2935 980 3023 uinearum,
1002 2941 1132 3024 aparte
1151 2944 1262 3005 tamen

131 3043 284 3117 orientali
294 3044 329 3111 in
344 3043 448 3111 latere
458 3042 578 3110 montis
595 3041 639 3110 ad
655 3041 804 3112 arborem
824 3043 888 3131 piri
897 3048 974 3110 sunt
988 3042 1052 3109 due
1063 3051 1166 3130 mete;
1183 3043 1261 3109 item

133 3154 252 3223 abinde
268 3151 376 3221 eundo
401 3157 435 3218 et
451 3149 648 3218 transeundo
663 3149 809 3236 fluuium,
834 3151 890 3236 qui
910 3150 1079 3218 descendit
1103 3149 1145 3217 de
1159 3150 1259 3237 Pelis,

135 3272 166 3334 st
175 3263 267 3332 uenit
275 3261 317 3329 de
333 3258 429 3330 domo
444 3259 573 3327 Nicolai
590 3261 685 3327 iuxta
700 3257 836 3327 eundern
845 3258 977 3326 fluuium
996 3264 1072 3325 snnt
1083 3257 1146 3324 due
1157 3262 1261 3344 mete,

136 3374 214 3441 item
229 3367 353 3440 abinde
366 3369 460 3438 uadit
474 3368 569 3436 iuxta
582 3369 680 3453 niam,
707 3388 770 3455 quc
784 3365 889 3437 tendit
904 3385 1018 3435 uersus
1034 3364 1171 3454 Budam,
1188 3372 1265 3432 sunt

136 3481 198 3550 due
213 3485 318 3566 mete,
336 3485 368 3546 ct
383 3479 499 3545 iterum
514 3478 608 3544 iuxta
622 3476 761 3544 eandem
778 3476 867 3543 niam
883 3473 987 3542 tendit
1003 3475 1046 3542 ad
1061 3473 1178 3561 pirum,
1200 3474 1261 3540 sub

137 3611 201 3676 qna
216 3594 294 3658 sunt
308 3585 372 3654 due
386 3592 492 3670 mete,
521 3590 554 3651 et
569 3582 689 3651 abinde
704 3583 810 3651 tendit
825 3583 917 3650 iuxta
932 3587 1095 3667 stagnum,
1117 3589 1150 3650 et
1165 3582 1198 3648 in
1214 3599 1264 3647 ru-

136 3697 211 3764 beto
226 3699 304 3763 sont
314 3691 377 3760 dne
392 3695 497 3774 note,
515 3687 635 3757 deinde
651 3689 709 3756 ubi
718 3687 793 3755 fons
807 3687 921 3756 ebullit
937 3688 998 3756 sub
1013 3706 1096 3754 nuce
1107 3694 1185 3755 sunt
1199 3687 1263 3755 due

136 3809 235 3888 mete;
252 3807 286 3869 et
294 3795 415 3867 abinde
424 3793 752 3880 tenditadquasdam
761 3795 903 3882 arbores,
915 3793 973 3862 ubi
983 3795 1124 3883 populus
1135 3799 1168 3861 et
1178 3794 1263 3879 tylia

137 3912 318 3982 continetur
333 3905 482 3994 superius
497 3905 619 3973 fontem
636 3909 758 3990 poutou
769 3900 864 3992 (igy),
882 3908 915 3970 et
924 3910 999 3970 sunt
1013 3903 1061 3969 ibi
1080 3902 1144 3969 due
1161 3909 1263 3987 metc;

136 4029 169 4088 ct
181 4041 241 4108 per
251 4011 677 4104 eandemprcdictamuiam
692 4011 798 4081 cundo
809 4009 898 4079 cadit
909 4011 943 4078 in
953 4012 1089 4077 alteram
1108 4027 1262 4092 magnam

137 4130 235 4214 cmm,
260 4143 324 4212 qne
340 4124 402 4191 sub
418 4127 526 4190 monte
541 4120 613 4206 Nyr
630 4117 671 4187 de
687 4119 853 4204 Strigonio
878 4117 1030 4185 similiter
1046 4112 1139 4182 uadit
1156 4115 1190 4181 in
1206 4115 1266 4182 Bu-

138 4238 224 4322 dam,
251 4242 284 4304 et
299 4235 347 4302 sic
374 4239 462 4300 terra
487 4228 590 4318 ipsius
614 4231 773 4314 Scemeyn
789 4225 926 4294 Comitis
951 4245 972 4292 a
994 4231 1081 4290 terra
1106 4221 1265 4310 sepedicti

138 4344 266 4414 Nicolai
284 4344 348 4428 hys
365 4338 458 4407 metis
474 4345 506 4404 et
521 4335 670 4404 terminis
686 4333 906 4418 distinguitur.

141 4489 173 4556 (Δ
185 4486 360 4543 keresateaelr
373 4485 534 4552 ecatergcmi
557 4477 760 4548 kenrentjenek
783 4493 947 4548 ugysnauon
969 4475 1013 4528 tvi
1031 4468 1187 4537 Mirati-bol,
1201 4475 1269 4525 mint

313 4555 395 4610 alluh
411 4558 469 4608 121.
482 4572 518 4606 su.
531 4569 564 4616 a,
578 4569 596 4605 u
607 4553 691 4606 budrri
704 4553 755 4605 lrir.
768 4553 891 4604 kamarui
905 4545 1094 4612 leveltirban.)

1044 4642 1109 4702 ll*
