3168 5186
697 857 778 927 309.

176 1043 344 1130 Reperiam
347 1044 472 1129 palatui
481 1042 618 1107 erselnel·
632 1043 724 1107 lucos
737 1041 876 1126 pecudali
890 1041 1062 1106 kilcsdordl
1077 1041 1171 1106 sudllo'
1181 1039 1301 1106 lrdtelcz·

626 1157 727 1238 ce'ope.
751 1147 849 1214 1256.

281 1331 319 1396 In
336 1331 466 1397 nomine
483 1329 615 1396 Domini
630 1328 745 1396 Amen.
763 1329 834 1413 Ego
844 1328 1005 1412 Rogerins
1014 1328 1077 1394 Dei
1094 1327 1203 1411 gratia
1218 1327 1296 1413 Spa-

173 1440 311 1506 latensis
321 1439 593 1526 Archiepiscopus
605 1439 760 1507 confiteor
776 1457 834 1525 per
844 1438 904 1505 hoc
915 1438 1082 1524 scriptum,
1099 1437 1176 1521 qnia
1186 1436 1296 1522 recepi

172 1568 193 1615 a
211 1555 241 1614 to
267 1549 394 1616 Thoma
410 1547 648 1615 Archidlacono
664 1547 851 1633 Spalutensi
877 1547 1051 1633 sexaginta
1074 1547 1179 1615 libras
1196 1547 1293 1614 dena·
1331 1565 1333 1570 ·

169 1658 291 1726 riorum
307 1657 348 1724 de
363 1657 503 1744 pecunia
519 1656 640 1725 domini
656 1658 778 1743 Papae,
794 1678 852 1744 pro
869 1657 985 1741 quibus
1001 1655 1121 1723 tradidi
1139 1655 1200 1724 tibi
1217 1675 1294 1739 qua·

170 1773 243 1834 tnor
252 1786 334 1833 vasa
350 1774 508 1850 argentea
523 1787 582 1833 sex
598 1786 725 1834 marcas
734 1765 967 1854 ponderantia3
988 1765 1035 1832 ita
1050 1765 1137 1852 quod
1154 1765 1182 1831 si
1198 1783 1291 1851 prae-

169 1879 284 1940 taxata
300 1874 438 1958 pecunia
453 1880 547 1940 extra
562 1875 728 1942 civitatem
744 1872 905 1942 tradenda
920 1873 1027 1958 fucrit,
1044 1881 1078 1941 tu
1103 1871 1291 1958 assignabis

169 1982 285 2050 eadem
302 2003 383 2050 vasa
409 1980 451 2050 ad
467 2003 582 2050 manus
599 1981 710 2050 Gmcii
735 1984 786 2050 rel
807 1983 943 2050 alicuius
968 1982 1144 2050 amicorum
1168 2001 1289 2070 eorum,

170 2097 202 2158 ct
234 2089 370 2177 recipies
394 2092 565 2179 pecuniam
590 2099 813 2160 memoratam.
845 2091 880 2157 Si
905 2109 982 2158 vcro
1006 2111 1071 2158 non
1095 2089 1202 2171 luerit,
1235 2091 1290 2174 qni

167 2201 298 2267 nominc
322 2220 395 2265 meo
421 2219 502 2267 rasa
518 2200 657 2267 redimat
681 2201 890 2286 supradicta;
916 2205 994 2265 tunc
1017 2198 1142 2265 licitum
1167 2197 1227 2266 tibi
1247 2198 1289 2265 sit
1340 2289 1344 2294 Ι

165 2307 296 2374 tradere
321 2307 395 2394 ipsa
421 2308 570 2393 praecise
593 2331 652 2396 pro
677 2309 816 2397 pecnnia
842 2306 1042 2395 saepedicta,
1068 2327 1129 2373 nec
1144 2308 1286 2374 tenearis

166 2415 286 2484 exinde
301 2416 380 2482 mihi
397 2418 450 2483 vel
465 2417 564 2483 alicui
580 2417 716 2485 reddere
732 2419 901 2485 rationem.
920 2420 1036 2483 Actum
1051 2417 1086 2481 in
1102 2417 1287 2502 praesentia

165 2525 287 2592 domini
302 2524 447 2592 Prodani
472 2535 504 2592 et
518 2526 629 2593 fratris
649 2526 698 2593 sui
716 2525 838 2612 (irucii,
865 2532 897 2591 et
920 2525 982 2591 mei
998 2525 1034 2589 P.
1052 2522 1130 2590 dicti
1145 2523 1284 2592 Romani

164 2632 281 2700 Clerici
298 2630 339 2700 dc
356 2632 512 2720 Palianis‚
527 2635 582 2720 qui
598 2635 754 2721 scriptum
775 2653 933 2720 praesens
950 2634 1076 2720 scripsi.

271 2740 365 2809 Anno
389 2741 579 2809 Dominicae
603 2741 839 2811 Incamationis
863 2742 1036 2810 millesimo
1062 2741 1283 2811 ducentesimo

162 2848 433 2937 quinquagesimo
450 2858 541 2921 sexto
557 2854 737 2922 Indictione
752 2850 997 2937 quartadecima
1013 2852 1066 2919 die
1082 2852 1193 2937 quinto
1210 2872 1282 2920 exe·

162 2963 239 3023 unte
263 2957 442 3026 Februarii.
473 2960 644 3044 Regnante
670 2958 800 3027 domino
825 2966 935 3027 nostro
959 2960 1042 3028 Bela
1068 2961 1281 3031 serenissimo

53 3097 56 3114 ·
159 3065 250 3151 Rege
263 3066 437 3150 Ungariae,
454 3072 602 3155 tempore
618 3067 740 3136 domini
750 3067 880 3152 Rogerii
891 3067 1087 3136 venerabilis
1097 3068 1282 3156 archiepis-

160 3173 233 3261 copi
251 3174 465 3260 Spalateusis‚
482 3176 640 3262 Stephani
656 3176 797 3244 Illustris
814 3176 897 3242 Bani
914 3176 1118 3263 Sclauoniae,
1144 3175 1279 3244 Comitis

160 3281 280 3366 Duymi
305 3282 435 3367 lissam,
461 3283 567 3350 Michc
592 3284 703 3371 stadii,
733 3285 862 3353 Nicolai
887 3287 991 3353 Desse
1015 3286 1178 3353 Judicum.
1209 3287 1278 3356 Nos

160 3390 400 3476 suprascriptus
410 3390 569 3478 Rogcrius
580 3392 640 3459 Dei
658 3395 767 3479 gratia
777 3393 1052 3482 Arcniepimopus
1061 3394 1275 3481 spalatensis,

159 3519 216 3587 per
231 3499 291 3568 hoc
307 3519 464 3586 praesens
488 3502 734 3570 instrumentum
751 3507 938 3572 confitemur
955 3513 988 3572 et
1012 3505 1149 3572 iacimus
1174 3505 1275 3572 mani-

155 3609 247 3695 feste,
275 3629 334 3676 nos
359 3609 522 3695 recepisse
546 3631 567 3675 a
587 3612 680 3678 vobis
703 3612 830 3682 Thema
854 3613 1092 3682 Archidiacono
1119 3621 1151 3681 et
1175 3614 1277 3682 fratre

156 3720 252 3787 Jesse
277 3717 318 3784 dc
334 3717 456 3785 Ordine
475 3720 622 3784 Fratrum
647 3719 912 3789 Praedicatorum
937 3721 1122 3790 Conventus
1148 3723 1275 3810 Spalati

156 3827 283 3895 nominc
299 3826 467 3894 Ecclesiae
482 3830 648 3896 Romanae
673 3828 883 3898 demandato
904 3830 1025 3898 domini
1039 3833 1152 3919 Papae
1170 3831 1273 3900 trede-

155 3934 215 4002 cim
231 3934 332 4003 libras
349 3942 381 4002 et
397 3936 539 4022 quinque
554 3936 664 4006 soldos
681 3945 713 4005 ct
728 3938 870 4006 medium
888 3941 1043 4009 bonorum
1067 3940 1273 4008 denariorum

156 4063 338 4127 grossorum
355 4043 559 4129 Venetorum,
588 4065 669 4131 quos
686 4046 839 4114 denarios
856 4054 964 4116 mutuo
980 4069 1040 4115 nos
1057 4048 1178 4115 habere
1194 4047 1272 4116 dioi-

156 4169 241 4235 mus;
268 4150 460 4218 renuncians
484 4153 571 4220 omni
597 4155 780 4241 exceptioni
805 4177 869 4224 non
894 4155 992 4222 datae
1023 4161 1055 4222 et
1081 4163 1271 4223 numeratae

155 4256 309 4344 pecuniae
325 4266 469 4344 tempore
486 4267 679 4328 contractus.
707 4263 759 4328 Ad
774 4265 979 4331 securitatem
995 4272 1103 4332 autem
1126 4271 1268 4335 vestram

154 4365 224 4434 huic
249 4367 460 4438 instrumento
485 4375 631 4436 nostrum
656 4369 800 4456 sigillum
817 4373 963 4459 pendens
979 4373 1113 4442 lecimus
1134 4376 1267 4462 apponi.

153 4476 267 4543 Actum
284 4476 317 4542 in
333 4495 463 4545 camera
486 4476 589 4563 ipsius
605 4475 727 4545 domini
742 4481 989 4570 Archiepiscopi
1004 4483 1037 4549 in
1053 4484 1219 4569 presentia
1235 4493 1267 4552 et

154 4585 335 4652 testimonio
351 4586 480 4653 Nicolai
496 4586 671 4654 Pharensis
681 4587 846 4676 Episcopi,
863 4589 991 4660 Nicolai
1007 4591 1138 4681 Duymi,
1148 4591 1265 4661 Marini
