3186 5188
402 1025 425 1092 Ι
429 1026 463 1092 V.
479 1026 561 1094 Be'la
584 1025 751 1112 kirdipnak
767 1024 891 1091 Rauda
906 1025 1039 1091 dinotet
1053 1029 1205 1112 tdrppazd
1228 1025 1409 1112 adomoicya
1426 1023 1531 1112 Bopo·

706 1135 934 1200 matascense
949 1133 1106 1201 szdcrdra.
1122 1133 1221 1199 1244.

518 1332 600 1400 Bela
618 1329 680 1398 Dei
705 1329 820 1416 gracia
839 1328 1019 1417 Hungarie,
1044 1330 1224 1417 Dalmacie,
1240 1328 1387 1417 Croacie,
1413 1331 1529 1416 Reme,

398 1439 522 1526 Seruie,
540 1438 675 1526 (ialicie,
694 1435 887 1507 Lodomerie
905 1436 1126 1526 (inmaniaque
1141 1441 1212 1506 Rex
1226 1438 1387 1507 vniuersis
1403 1437 1526 1506 Christi

397 1547 550 1618 fidelibus
566 1566 703 1634 presens
719 1545 875 1635 scriptum
884 1546 1083 1634 inspecturis
1099 1546 1240 1617 salutem
1253 1548 1289 1614 in
1305 1546 1449 1615 omnium
1464 1544 1531 1612 sal-

397 1662 521 1723 uatore.
539 1653 619 1723 Cum
637 1674 687 1744 ea,
704 1674 768 1740 que
783 1652 941 1721 bonorum
958 1652 1200 1722 deliberacione
1215 1655 1440 1743 disponuntur,
1458 1674 1526 1720 ma·

397 1764 484 1831 xime
499 1783 563 1850 que
578 1763 688 1848 legum
704 1763 895 1850 imperatrix
911 1761 1017 1846 Regia
1031 1766 1211 1850 pertractat
1223 1763 1411 1848 arroteritae,
1428 1762 1525 1829 salua

399 1891 526 1958 semper
551 1876 584 1937 et
607 1868 801 1938 inconcussa
824 1889 1016 1957 permanere
1041 1869 1201 1954 debeant,
1226 1868 1271 1936 ad
1300 1869 1530 1939 uniuersorum

398 1977 602 2064 presencium
628 1982 726 2063 atque
750 1982 954 2063 posterorum
980 1976 1134 2044 noticiam
1161 1976 1334 2064 peruenire
1364 1979 1529 2062 uolumus,

397 2085 485 2173 quod
502 2107 574 2154 cum
590 2091 723 2173 propter
748 2083 921 2153 indecidne
945 2085 1115 2152 fidelitatis
1140 2085 1362 2154 constanciam
1387 2093 1421 2152 et
1436 2084 1529 2152 innu-

397 2214 489 2262 mera
504 2194 700 2282 probitatum
716 2194 842 2280 merita,
863 2193 979 2278 quihus
996 2200 1073 2261 ante
1089 2192 1201 2262 oculos
1217 2201 1333 2262 nosue
1343 2193 1531 2262 Maiestatis

397 2309 506 2372 noster
521 2301 629 2371 tidelis
654 2309 687 2370 et
711 2300 849 2370 dilectus
865 2301 1077 2387 Bogomerins
1093 2301 1210 2370 Comes
1235 2310 1304 2371 tam
1328 2302 1361 2369 in
1383 2301 1528 2390 puhlicis

399 2431 496 2498 quam
512 2409 650 2497 priuatis
665 2408 772 2496 Regni
787 2409 892 2478 nostri
912 2409 1058 2496 negocijs
1074 2409 1107 2478 in
1122 2408 1269 2494 Polonia,
1288 2411 1458 2499 Balgatia,
1478 2431 1529 2478 ce·

395 2520 539 2604 terisque
564 2521 749 2604 Regnorum
775 2518 961 2586 climatibus
986 2518 1260 2587 excellentissime
1286 2519 1473 2606 claruisset,
1498 2526 1530 2585 et

396 2627 537 2696 maxime
553 2627 631 2712 quia
655 2627 751 2697 nobis
767 2633 800 2695 et
815 2627 940 2697 Oorone
955 2627 989 2694 in
1005 2627 1129 2715 impetu
1149 2629 1359 2696 Tartarorum
1384 2627 1530 2698 seruicia

397 2740 493 2821 grata
518 2734 675 2822 exhibuit,
702 2755 738 2804 se
758 2741 791 2802 et
814 2755 874 2803 sua
899 2735 987 2803 omni
1012 2734 1157 2823 periculo
1183 2734 1385 2824 exponendo,
1412 2755 1528 2802 verum

399 2841 504 2910 eciam
520 2843 670 2928 quamuis
694 2843 841 2930 priuatus
863 2844 1052 2932 parentibus
1068 2849 1101 2910 et
1116 2844 1275 2931 cognatis,
1302 2843 1528 2929 gradibusque

394 2949 583 3018 uulneribus
600 2971 777 3037 oppressus
792 2972 909 3019 manus
925 2952 1032 3037 gentis
1048 2950 1149 3037 impie
1157 2951 1372 3020 'tartarorum
1381 2951 1440 3017 uix
1451 2971 1528 3018 eua-

396 3057 486 3146 serit,
512 3064 621 3124 tamen
639 3058 680 3126 ob
696 3059 759 3126 hoc
780 3078 844 3126 non
869 3059 1061 3145 perterritas
1086 3059 1228 3128 confinia
1251 3065 1364 3128 nostra
1387 3060 1454 3126 sihi
1469 3079 1529 3148 per

396 3189 456 3236 nos
474 3169 647 3236 commissa
671 3167 901 3238 nichilominus
917 3169 1056 3236 inimicis
1072 3168 1203 3255 nostris,
1223 3169 1277 3254 qui
1294 3167 1409 3235 eadem
1425 3188 1528 3256 oppn·

397 3296 500 3362 gnare
525 3275 748 3365 conabantur,
774 3277 914 3345 uiriliter
938 3278 1138 3365 resistendo,
1169 3277 1373 3364 integraliter
1401 3278 1529 3364 absque

398 3385 540 3470 dampno
566 3389 599 3450 et
623 3384 749 3453 lesione
774 3385 887 3470 aliqua
912 3386 1128 3456 conseruauit
1153 3387 1224 3455 Nec
1247 3386 1527 3474 pretermittimus,

396 3512 470 3558 oum
493 3491 630 3559 eundem
656 3492 691 3559 in
706 3512 875 3562 sucursum
899 3493 1068 3562 karissimi
1088 3495 1202 3581 generi
1225 3495 1327 3563 nostri
1345 3494 1527 3581 (Boleslai)

394 3597 535 3667 Illustris
553 3600 655 3668 Ducis
674 3601 810 3671 Polouie
826 3608 941 3671 contra
961 3602 1144 3672 conradum
1156 3605 1279 3672 Ducem
1301 3602 1524 3689 misissemus;

393 3706 440 3775 ibi
454 3707 566 3775 taliter
576 3729 634 3777 sue
649 3709 821 3797 probitatis
833 3711 978 3780 exercuit
993 3732 1102 3800 opera,
1124 3712 1211 3797 qnod
1226 3711 1356 3778 abinde
1371 3733 1438 3780 non
1454 3711 1526 3778 sine

391 3835 513 3901 magno
529 3823 638 3886 nostre
649 3818 859 3889 Celsitndiuis
874 3821 1007 3889 honoris
1023 3819 1122 3908 redijt
1137 3821 1346 3887 incremento.
1368 3819 1419 3886 Ob
1431 3820 1525 3887 cuins

391 3922 560 3992 fidelitatis
576 3933 608 3994 et
623 3927 795 4014 probitatis
820 3929 946 4015 merita,
972 3929 1036 3997 sibi
1052 3936 1086 3999 et
1100 3949 1160 4016 per
1182 3929 1289 4017 ipsum
1304 3930 1373 4000 suis
1395 3929 1523 3996 heredi·

390 4033 452 4100 bns
470 4033 635 4118 quandam
651 4043 771 4104 terram
780 4034 945 4124 Lenstacij
961 4038 1019 4123 filij
1037 4037 1141 4106 lllend
1159 4036 1231 4106 sine
1246 4037 1366 4108 herede
1377 4035 1524 4107 defuncti

391 4141 523 4212 nominc
539 4144 669 4212 Proslxa
684 4145 718 4211 in
737 4145 900 4217 comitatu
912 4145 1151 4214 Trinohiniensi
1166 4145 1370 4232 existentem,
1387 4166 1486 4232 quam
1502 4167 1524 4212 a

390 4246 511 4319 dilecto
538 4256 569 4320 ct
594 4250 683 4320 lideli
709 4261 822 4322 nostro
846 4254 978 4322 Matheo
1004 4254 1160 4339 Magistro
1175 4254 1443 4324 Tanamicornm
1468 4274 1523 4323 no·

388 4359 528 4428 atrorum
546 4367 578 4428 et
594 4359 720 4431 comite
735 4361 929 4432 Posoniensi
954 4362 988 4430 in
1004 4363 1229 4434 concambium
1244 4370 1330 4432 terre
1345 4365 1456 4449 Tunig
1475 4384 1522 4432 re·

387 4467 544 4552 cepimus,
572 4467 764 4539 contulimus
790 4472 851 4539 sub
868 4473 989 4542 elsdem
1016 4475 1121 4559 metis,
1147 4474 1209 4541 sub
1235 4473 1352 4560 quibus
1375 4473 1464 4542 idem
1484 4476 1522 4542 L.

388 4573 591 4662 possidebat,
602 4587 769 4666 perpetuo,
790 4579 924 4666 pacifice
934 4586 967 4647 et
982 4580 1088 4667 quiete
1098 4578 1342 4669 possidendam.
1359 4584 1402 4651 Vt
1418 4580 1522 4670 igitur
