3186 5188
625 912 701 983 lte.

87 1092 158 1162 IV.
173 1093 266 1159 Iocac
278 1099 369 1182 pcipe
392 1093 532 1180 Vifatorfi
546 1091 657 1162 chilc
669 1095 809 1183 pappos,
827 1097 861 1162 fei
879 1093 1087 1165 Gclfcziddcn
1104 1122 1143 1165 aa
1160 1119 1229 1186 cpp-

86 1201 167 1268 luizs'
188 1204 266 1268 caio
290 1203 467 1289 tdrppdban
490 1209 601 1290 mapdt
622 1203 788 1272 mildredam
811 1206 994 1288 crdemcsftc',
1013 1205 1229 1292 yatafmcedsa

462 1314 551 1380 fedat
564 1310 741 1378 incalcata
757 1309 856 1378 1247.

201 1506 410 1575 Innocentius
425 1506 608 1595 Episcopus
624 1526 738 1576 seruus
764 1527 931 1578 seruorum
955 1511 1018 1576 Dei
1044 1511 1225 1580 venerabili

87 1611 214 1683 fratri.
235 1665 244 1681 .
262 1665 271 1681 .
291 1614 546 1705 Archiepiscopo
570 1615 761 1702 Moguutino
787 1617 927 1686 salutem
951 1624 984 1684 et
1004 1615 1225 1704 Apostolicam

90 1721 350 1790 beneditionem.
376 1723 523 1792 Dilectus
538 1723 623 1792 tillus
648 1722 767 1793 Herelo
792 1722 835 1792 de
860 1723 999 1792 Vilstcrf
1018 1724 1167 1807 clericus,
1192 1726 1225 1792 iu

89 1837 207 1899 nostra
234 1832 406 1920 proposuit
431 1832 598 1919 presentia
625 1831 827 1919 constitutus,
852 1833 939 1919 quod
963 1851 1036 1900 cum
1060 1852 1121 1900 uos
1147 1833 1225 1902 olim

87 1939 151 2006 tibi
167 1959 228 2026 per
252 1945 382 2010 nostras
406 1939 534 2008 litteras
558 1940 747 2010 duxerimus
771 1939 1024 2026 concedendum,
1049 1948 1086 2008 ut
1109 1961 1226 2029 posses

90 2045 221 2116 duobus
236 2047 291 2115 rel
317 2047 424 2116 tribus
448 2047 482 2115 in
508 2045 695 2118 Coloniensi
722 2053 756 2116 et
778 2047 967 2117 Trevireusi
993 2049 1167 2138 prouinciis
1191 2049 1226 2118 iu

91 2153 330 2224 ecclesiasticis
363 2153 542 2225 benediciis
566 2174 679 2224 eorum
712 2155 846 2225 cuilibet
871 2156 1041 2243 usquead
1065 2178 1226 2228 summam

89 2262 228 2350 triginta
243 2261 449 2332 marcharum
464 2263 594 2350 argenti
610 2264 645 2332 in
660 2284 734 2352 uns,
752 2264 805 2333 vel
821 2264 967 2353 pluribus
982 2265 1139 2337 Ecclesiis
1155 2289 1224 2357 pro-

92 2372 229 2459 ridere3
257 2371 394 2440 dilectus
419 2373 506 2441 filius
523 2423 530 2440 .
548 2423 556 2440 .
573 2424 581 2442 .
599 2371 799 2443 Scolasticus
824 2373 1044 2461 Maguntinus,
1072 2376 1124 2444 cui
1139 2396 1224 2446 com-

91 2482 234 2550 miseras
252 2479 287 2547 iu
304 2479 490 2549 huiusmodi
505 2483 636 2567 negotio
647 2481 795 2552 totaliter
809 2481 896 2550 uices
910 2488 996 2568 tuas,
1014 2533 1022 2549 .
1040 2532 1048 2550 .
1065 2534 1074 2552 .
1090 2486 1224 2554 Decauc

90 2597 124 2658 et
138 2588 295 2676 capitulo
312 2589 426 2658 Sancti
449 2589 633 2659 'l'heobaldi
648 2591 816 2675 Metennio,
844 2594 880 2657 ut
907 2590 1045 2658 eundem
1072 2591 1225 2661 clericum

89 2697 289 2784 recipientes
304 2696 340 2765 iu
366 2697 557 2767 canonicum
571 2705 604 2767 et
628 2697 663 2766 iu
679 2697 810 2768 fratrem
836 2699 1045 2787 prebendam,
1062 2700 1092 2768 si
1107 2721 1173 2786 qus
1187 2701 1222 2769 in

91 2825 203 2875 eorum
220 2807 370 2876 Ecclesia
384 2812 462 2874 tuuc
478 2807 631 2893 uacabat,
655 2807 707 2875 uel
724 2827 821 2894 qnam
846 2807 912 2878 cito
937 2827 973 2876 se
998 2807 1091 2878 adid
1109 2807 1224 2878 offeret

90 2915 309 3005 oportunitas,
331 2915 509 2985 liberaliter
525 2917 741 3004 assignarent,
756 2936 796 2985 ac
813 2966 822 2984 .
840 2966 848 2985 .
866 2967 874 2986 .
900 2915 1077 2986 Abbatisse
1092 2923 1124 2987 et
1143 2918 1224 2987 con-

88 3024 205 3094 ventui
220 3024 286 3094 loci
302 3023 459 3112 ejusdem,
477 3030 513 3093 ut
528 3025 616 3094 dicto
632 3026 751 3094 clerico
766 3025 801 3093 in
817 3024 930 3110 aliqua
946 3024 1165 3094 Ecclesiamm
1180 3025 1224 3094 ad

92 3133 306 3203 donatiouem
322 3154 416 3202 suam
432 3131 656 3222 spectantium,
676 3136 769 3222 cujus
785 3130 931 3201 redditus
947 3130 1059 3200 decem
1074 3132 1222 3201 marcha-

90 3263 163 3311 rum
182 3241 327 3310 valorem
340 3241 540 3330 attingerent
554 3242 732 3330 annuatim,
744 3238 916 3331 providere
932 3240 1110 3309 mandavit.
1128 3239 1223 3320 Quod

91 3350 173 3438 quia
188 3355 257 3418 tam
273 3351 434 3437 Decesse,
452 3357 485 3419 et
501 3349 697 3438 Capitulum,
714 3369 813 3438 quam
828 3347 1019 3436 Abbatissa,
1036 3356 1069 3417 et
1079 3347 1223 3419 conven-

89 3467 142 3528 tus
160 3455 301 3545 predicti
315 3457 424 3527 facere
444 3459 677 3529 contumaciter
689 3460 902 3548 denegarunt,
917 3452 1007 3526 idem
1022 3457 1222 3528 Scolasticus

85 3569 121 3634 in
152 3587 211 3637 eos
227 3567 314 3655 pimo
331 3567 565 3656 suspensionis,
581 3587 621 3636 ac
637 3566 767 3636 demum
782 3567 1129 3637 excommunicationis
1150 3587 1220 3636 seu-

90 3676 217 3744 tentias
232 3673 460 3762 promulgarit
476 3675 595 3744 Verum
611 3695 684 3744 cum
700 3675 907 3764 postmodum
923 3694 981 3764 per
997 3673 1134 3744 eundem
1148 3673 1223 3746 Sco·

92 3781 245 3850 laeticum
262 3800 449 3870 processum
464 3781 650 3870 huiusmodi
666 3782 736 3851 siue
755 3781 908 3869 judiciali
924 3781 1073 3871 strepitu,
1098 3803 1138 3852 ac
1153 3789 1221 3851 tau·

90 3891 175 3978 dem,
191 3911 231 3960 eo
247 3889 284 3957 id
299 3889 429 3959 efficere
444 3910 509 3959 non
526 3897 668 3979 curante,
687 3909 770 3979 per.
789 3940 797 3958 .
814 3939 822 3957 .
839 3893 1006 3960 Decumum
1021 3891 1134 3959 Sancti
1149 3891 1220 3959 Sal-

89 3997 216 4067 ratoris
232 3997 389 4066 Maiensis
414 3995 677 4068 mandaverimus
692 3999 852 4085 reuocari,
882 4017 923 4066 ac
937 3997 1043 4067 dictus
1069 4000 1221 4066 Deoauus

89 4128 146 4192 per
163 4159 171 4176 .
189 4157 199 4172 .
215 4155 224 4173 .
241 4105 417 4176 officialem
433 4107 612 4175 lietensem
627 4105 789 4195 prefatam
813 4105 1007 4174 seutentiam
1032 4103 1146 4174 fecerit
1170 4127 1218 4174 re·

89 4214 206 4300 laxari,
233 4213 328 4282 uobis
350 4213 496 4302 prefatus
520 4213 656 4283 clericus
682 4212 846 4282 humiliter
861 4211 1071 4300 supplicarit,
1097 4218 1132 4280 ut
1156 4212 1219 4282 sibi

87 4345 185 4411 super
211 4324 275 4392 hoe
301 4323 472 4410 providere
507 4330 648 4410 patema
672 4321 845 4391 clementia
870 4339 1065 4389 curaremus.
1101 4319 1220 4391 Dilecti

87 4435 200 4522 itaque
226 4431 287 4500 filii
311 4429 463 4519 Gregorii
488 4430 628 4498 Abbatis
660 4429 700 4497 de
725 4429 834 4497 Monte
858 4428 970 4496 Sancti
995 4427 1161 4514 Danielis,
1188 4435 1221 4496 et

86 4545 223 4613 fratrum
240 4539 281 4608 H.
299 4547 333 4605 et
347 4537 387 4605 A.
404 4537 446 4605 de
463 4537 577 4607 ordine
591 4537 727 4605 fratrum
744 4535 997 4624 Predicatorum,
1010 4535 1170 4604 carissimi
1187 4535 1220 4604 iu

87 4651 216 4720 Christo
233 4644 293 4714 tilii
302 4643 452 4713 Danielis
462 4645 561 4732 Regis
577 4645 694 4713 Russie
705 4643 898 4732 nuntiorum,
917 4662 990 4711 cum
1006 4642 1222 4731 quibusidem
