3168 5186
845 343 1001 456 Q

358 555 447 620 Aron
465 553 614 634 Castore,
641 553 767 620 Thoma
782 554 883 620 tercio
900 550 1050 634 Custode,
1071 549 1201 616 Matheo
1226 547 1396 617 sacerdote
1422 551 1486 616 De·

360 681 453 746 cano,
470 659 574 745 Gurk,
591 661 710 764 Hyscc,
728 663 760 728 et
775 661 851 728 aliis
868 660 1042 728 Canonicis
1058 659 1281 728 existentibus.

392 859 534 930 (Ersdstie
549 858 723 926 hh'rhdrtydn,
738 859 865 928 molynok
879 862 963 928 tuggo
975 859 1097 928 pecsdtjc
1110 860 1248 922 circszatt,
1268 860 1377 910 ahudai
1392 859 1448 908 lrir.

758 952 879 1002 hamarui
896 950 1082 1018 lorditdrban.)

788 1241 1045 1250 ι-ι-ο-ι--α-ῳ-κ-ι-κ,

254 1870 255 1876 '
359 1873 407 1936 Aa
425 1875 492 1957 apri
506 1872 718 1959 kdptolouuuk
734 1874 1000 1958 hizoopadpleuele,
1016 1875 1096 1956 kopp
1113 1869 1173 1934 IV.
1193 1870 1272 1934 Be'la
1287 1870 1391 1954 tir-utp
1411 1891 1487 1930 ren-

357 1979 505 2044 delete'ueh
512 1980 642 2066 solptu‘rt
652 1980 815 2044 Hermann
824 1980 1048 2066 nomactoe'qbelt'
1058 1980 1206 2043 Antoleus
1225 2000 1320 2042 corrues
1332 1977 1488 2040 szdrrrdru

540 2091 652 2154 Merces
668 2089 847 2154 hr'rtodo'hun
863 2088 1043 2172 iaeotdry'a‘rds
1060 2091 1176 2152 tritte'nt.
1196 2085 1293 2151 1255.

463 2287 630 2354 Vniuersis
641 2285 760 2352 Christi
776 2287 927 2353 fidelibus
944 2293 1012 2352 tam
1029 2285 1233 2371 presentibus
1249 2303 1344 2368 quam
1359 2282 1487 2350 futuris

357 2393 540 2481 Capitulum
557 2393 702 2461 Ecclesia
718 2393 887 2478 Agriensis
912 2393 1052 2461 salutem
1075 2394 1108 2459 in
1134 2391 1276 2460 omnium
1302 2391 1487 2458 saluatore.

356 2504 519 2590 Scriptura
530 2499 747 2569 testimonium
758 2501 1129 2586 momoricsuffragatur,
1149 2508 1181 2568 ct
1196 2502 1374 2568 futurorum
1385 2519 1485 2564 man-

356 2611 413 2678 dat
426 2608 544 2679 noticia
559 2610 718 2696 presentis
735 2610 889 2696 temporis
908 2612 1056 2679 acciones
1072 2645 1414 2658 ------
1433 2645 1486 2654 -

354 2756 933 2768 ----------
943 2774 952 2806 ,
978 2717 1064 2811 quod
1080 2718 1239 2785 accedens
1264 2717 1308 2782 ad
1331 2723 1487 2782 nostram

356 2828 555 2915 presenciam
566 2825 681 2896 Comes
692 2827 848 2898 Antolcua
865 2828 965 2896 frater
975 2828 1097 2895 Mathia
1112 2825 1274 2912 Propositi
1290 2824 1330 2892 de
1340 2825 1485 2910 Scepus,

355 2935 500 3002 exhibuit
519 2935 612 3002 nobis
637 2935 763 3004 litteras
779 2937 857 3004 Bele
873 2937 1015 3004 Illustris
1031 2936 1131 3021 Regis
1148 2934 1290 3019 Vngarie
1310 2933 1486 2999 continen-

354 3050 401 3109 tes
418 3042 452 3110 in
469 3045 528 3111 hoc
543 3045 662 3110 verba:

463 3151 544 3219 Bela
559 3152 621 3219 Dei
637 3153 752 3236 gracia
768 3153 831 3220 sth.
849 3151 1062 3239 (kovettsuilr
1078 3152 1158 3220 csta
1180 3152 1356 3236 kirtlynak
1375 3153 1485 3218 1255.

355 3277 525 3345 pascuosa,
543 3258 625 3326 ruint
642 3257 775 3326 fentebb
791 3260 866 3326 atu.
883 3279 927 3326 az.
942 3260 988 3346 a.)

460 3366 529 3433 Nos
544 3366 642 3452 igitur
658 3368 820 3454 preceptis
836 3366 1119 3436 eiusdenconint
1135 3369 1214 3434 Belo
1225 3368 1323 3451 Regis
1338 3365 1485 3433 obedire

352 3475 529 3562 cupientes,
555 3482 590 3542 rt
604 3483 761 3561 tenemur,
785 3495 851 3556 rna
868 3495 939 3542 curu
956 3475 1086 3563 prefato
1101 3475 1267 3561 Stephano
1283 3474 1349 3542 filio
1364 3471 1488 3540 cadas

352 3583 393 3648 de
408 3582 587 3650 'Pholchwa
608 3583 740 3651 homine
755 3581 878 3651 domini
894 3584 994 3671 Regis
1010 3605 1106 3650 vnum
1133 3603 1174 3649 err
1195 3582 1298 3666 nohis,
1324 3579 1488 3650 videlicet

351 3691 543 3774 Magistrum
559 3693 703 3758 Marcum
728 3690 851 3758 socium
866 3699 1010 3759 nostrum
1030 3690 1302 3759 Archidiaconum
1320 3689 1361 3756 de
1377 3690 1485 3774 Vngh

352 3799 394 3865 ad
412 3801 637 3884 exequendum
653 3798 814 3886 premissa
830 3799 983 3866 duximus
999 3798 1247 3884 destinandum,
1271 3800 1326 3883 qui
1343 3797 1484 3866 demum

350 3910 424 3996 pari
440 3947 484 3959 —
499 3947 543 3959 —
559 3947 602 3956 —
619 3909 755 3976 deuntes
771 3909 865 3975 nohis
882 3908 1082 3977 concorditer
1096 3909 1283 3993 retulerunt,
1300 3906 1386 3991 quod
1399 3908 1486 3974 sab-

351 4019 426 4086 bato
444 4019 590 4105 proximo
614 4026 689 4104 post
704 4017 885 4102 quindenas
910 4017 1054 4085 eiusdem
1071 4017 1165 4086 Beati
1188 4016 1307 4086 Jacohi
1322 4018 1484 4102 Apostoli

350 4146 448 4213 super
464 4163 748 4178 -----
763 4125 981 4212 possessionis
997 4127 1121 4193 Mescea
1137 4133 1253 4193 vocato
1277 4123 1485 4192 accedentes

349 4235 595 4302 conuocatis-
611 4273 653 4282 -
670 4271 713 4282 ·--
733 4273 770 4283 -
790 4235 953 4302 nobilibus
970 4234 1011 4303 de
1026 4235 1225 4320 Tholchwa,
1249 4233 1335 4300 Prud
1355 4234 1397 4300 dc
1412 4235 1484 4300 Ke-

349 4348 465 4410 reutwr
480 4343 552 4427 Buq
567 4379 849 4392 —————
865 4333 1044 4412 Comitibus
1060 4343 1268 4428 ethiagistris
1288 4341 1483 4430 specialiter

348 4449 395 4517 ibi
410 4450 652 4539 adherentibus,
678 4471 815 4519 necnon
842 4451 919 4538 alijs
936 4451 1097 4521 uniuersis
1112 4451 1230 4521 vicinis
1255 4459 1289 4519 et
1303 4457 1482 4519 commota-

350 4557 420 4624 neis
436 4558 581 4626 ciusdem
605 4559 697 4626 iuxta
712 4559 819 4644 Regni
835 4560 1100 4629 consuetudinem
1123 4559 1384 4628 rsamhulassent
1399 4577 1482 4625 ean-

350 4664 423 4732 dem
442 4671 473 4732 et
489 4664 715 4734 distinxisscnt
739 4668 835 4733 cortis
853 4667 946 4734 ruetis
963 4688 983 4733 a
999 4666 1125 4753 vicinis,
1152 4667 1398 4752 erexissentque
1414 4691 1477 4738 no-
