3168 5186
909 281 974 346 400

380 485 476 564 petuo
495 474 737 561 possidendam.
756 477 874 542 Verum
891 495 950 566 nos
967 474 1131 541 mandatis
1147 477 1252 561 ipsius
1267 475 1388 542 domini
1399 476 1485 558 Regis

379 587 640 670 obtemperantes
655 585 690 650 in
706 583 768 650 bau
784 591 888 670 parte,
913 586 1104 669 magistrum
1121 584 1274 668 Vglinum
1292 583 1486 651 Ambidiaoo

379 715 454 762 num
471 693 512 760 de
528 695 679 762 Rabaeuz
705 694 857 762 dilectum
873 701 905 760 et
927 693 1055 760 fidelem
1082 695 1204 761 sosium
1230 699 1373 760 nostram
1389 699 1486 758 traus-

271 835 275 844 ·
381 803 528 870 misimus
544 821 641 887 super
656 801 762 888 ipsam
778 808 907 886 terram,
934 802 989 887 qui
1006 801 1050 867 ad
1063 822 1121 868 nos
1138 801 1277 886 rediens,
1304 803 1390 868 sient
1404 801 1487 867 nobis

379 911 472 994 dixit,
501 910 688 978 conuocatis
705 909 853 976 omnibus
878 909 1119 994 nommetaneis,
1147 917 1180 976 et
1194 911 1380 977 constitutis
1398 912 1431 975 in
1445 929 1486 991 ea,

379 1021 484 1107 ipsam
509 1027 630 1086 terram
656 1017 831 1104 diligenter
856 1018 1036 1104 inspeotam
1053 1039 1092 1086 ao
1116 1018 1254 1086 fideliter
1278 1025 1486 1086 mensuratam

379 1127 502 1194 inuenit
526 1133 664 1211 quatuor
690 1131 870 1194 aratrorum
886 1128 958 1193 usui
974 1125 1193 1212 suffieientem,
1218 1135 1250 1194 et
1267 1148 1370 1194 nouas
1395 1133 1487 1192 metas

377 1239 470 1303 iuxta
484 1242 611 1303 veteres
627 1235 730 1302 erexit
743 1235 778 1300 in
794 1234 919 1320 eadem,
942 1239 974 1301 et
989 1235 1036 1301 sio
1052 1255 1111 1302 nos
1127 1235 1233 1322 ipsam
1251 1241 1370 1302 terram
1386 1255 1487 1320 supra-

376 1344 465 1412 dieto
482 1341 626 1428 Georgio
642 1341 795 1411 mandato
812 1350 845 1411 et
861 1344 1052 1410 auctoritate
1067 1343 1170 1428 Regia
1186 1343 1360 1410 statuimus
1379 1342 1488 1410 sibiae

373 1452 442 1520 suis
468 1452 707 1519 suecessoribus
724 1453 859 1538 paoifiee
875 1450 1118 1538 possidendam.
1148 1450 1247 1518 Cuius
1264 1459 1349 1518 mete
1372 1452 1431 1517 boe
1445 1472 1486 1517 or·

376 1562 452 1628 dine
468 1560 687 1646 distinguntur
704 1585 712 1625 :
729 1562 841 1628 Prima
857 1567 945 1628 meta
958 1562 1074 1647 insipit
1090 1562 1131 1627 ab
1148 1560 1326 1646 ooeidente,
1351 1561 1407 1628 vbi
1421 1564 1486 1626 sunt

375 1677 442 1738 tres
462 1675 547 1736 mete
571 1669 662 1736 insta
678 1689 831 1754 magnam
847 1670 946 1756 uiam,
973 1690 1109 1756 quarum
1133 1691 1199 1738 nna
1220 1677 1354 1757 separat
1378 1675 1486 1734 terram

375 1779 452 1846 uilla
467 1778 600 1864 Mezlen,
618 1776 762 1845 seeundo
772 1785 891 1846 terram
901 1778 1048 1847 Johanee
1063 1779 1120 1866 filij
1131 1781 1326 1863 Salomonis,
1344 1779 1377 1845 in
1393 1777 1486 1844 tercia

375 1909 451 1956 uero
477 1887 645 1955 inchoatur
677 1887 791 1954 eadem
817 1893 903 1954 terra
929 1887 1099 1974 Oblaneh3
1133 1887 1248 1956 deinde
1274 1908 1332 1974 per
1358 1883 1484 1953 moden

373 1997 462 2063 uiam
486 1995 578 2062 uadit
602 2015 715 2062 uersus
742 1997 1003 2082 septemtrionem
1029 1996 1071 2062 ad
1098 1996 1259 2082 quendam
1285 1995 1410 2077 locum,
1437 1989 1485 2074 qni

374 2107 555 2188 Megezorm
572 2105 767 2191 nominatur,
783 2104 877 2172 stibi
893 2112 968 2171 sunt
984 2104 1048 2170 due
1062 2112 1145 2171 mete
1162 2105 1293 2188 antique
1306 2105 1398 2170 iuxta
1412 2101 1485 2168 rino

373 2212 439 2279 ium
455 2211 613 2299 Oblanob,
641 2221 673 2280 et
691 2233 749 2299 per
765 2212 903 2280 eundem
918 2214 1056 2280 riuulum
1083 2212 1175 2279 uadit
1189 2233 1302 2282 uersus
1325 2213 1483 2290 orientem,

373 2329 405 2388 et
420 2321 569 2408 peruenit
584 2319 628 2387 ad
653 2319 816 2406 quandam
833 2321 964 2407 uallem,
981 2342 1043 2409 que
1064 2322 1272 2408 Ozyobianob
1298 2323 1483 2402 nominatur,

373 2437 405 2496 et
427 2429 473 2496 ibi
499 2435 573 2497 sunt
597 2429 661 2496 due
685 2436 789 2514 mete;
816 2437 848 2496 et
873 2450 930 2516 per
956 2430 1091 2497 eandem
1119 2431 1239 2498 uallem
1263 2429 1356 2498 uadit
1382 2449 1484 2496 uersus

373 2537 643 2625 septemtrionem,
669 2545 701 2604 et
725 2538 771 2604 ibi
795 2543 871 2605 sunt
894 2543 960 2606 tres
985 2545 1079 2624 mete,
1107 2559 1243 2623 quarum
1272 2558 1336 2605 una
1362 2543 1483 2625 separat

371 2653 490 2714 terram
501 2646 681 2735 Ghepereg,
698 2649 803 2714 attera
819 2655 941 2714 terram
957 2648 1054 2715 castri
1064 2647 1249 2733 Luobmau3
1266 2646 1386 2714 deinde
1402 2645 1484 2714 uadit

372 2753 415 2823 ad
431 2754 594 2841 quandam
620 2754 766 2822 arborem
784 2754 914 2822 nomine
927 2757 1147 2843 pbamotctpo,
1173 2755 1227 2822 ubi
1245 2760 1294 2823 est
1309 2761 1414 2839 meta,
1438 2751 1483 2818 de·

371 2864 447 2931 inde
463 2853 553 2931 uenit
569 2862 612 2931 ad
629 2863 778 2931 arborem
794 2862 892 2949 pomi,
911 2863 964 2930 ubi
980 2869 1056 2931 suut
1070 2862 1134 2929 dne
1151 2870 1254 2946 mete;
1271 2863 1390 2930 deinde
1405 2858 1483 2927 uenit

371 2973 414 3040 ad
430 2971 594 3057 quandam
610 2972 739 3058 ylioem,
767 2971 823 3038 ubi
839 2976 914 3040 sunt
929 2970 992 3039 due
1008 2978 1111 3057 mete,
1139 2970 1256 3040 deinde
1271 2973 1314 3039 ad
1333 2972 1416 3039 duas
1429 2969 1482 3055 yli-

372 3101 436 3165 ees,
455 3087 487 3148 et
503 3079 548 3147 ibi
565 3087 639 3148 suut
654 3086 757 3164 mete;
784 3079 902 3148 deinde
918 3079 1087 3149 deseendit
1101 3080 1145 3148 ad
1161 3081 1318 3166 arborem,
1337 3099 1402 3165 que
1415 3075 1483 3142 dioi-

371 3195 423 3257 tnr
437 3213 506 3277 apr,
523 3193 555 3255 et
570 3187 615 3255 ibi
630 3193 705 3255 sunt
720 3195 823 3274 mete;
850 3186 968 3256 deinde
984 3188 1163 3274 digreditur
1190 3209 1304 3258 uersus
1324 3187 1482 3256 meridiem

371 3297 414 3365 ad
439 3303 543 3366 metas
568 3295 739 3383 antiquas,
772 3316 834 3381 que
859 3296 1039 3384 distingunt
1065 3297 1141 3383 filijs
1167 3299 1322 3385 Demetrij
1356 3306 1389 3366 et
1412 3295 1481 3362 uilte

370 3402 548 3492 Cheykad5
566 3401 685 3472 deinde
700 3403 792 3471 uadit
807 3403 945 3472 adduas
962 3411 1066 3472 metas
1083 3406 1253 3492 antiquas,
1274 3402 1482 3472 deindeuenit

372 3513 415 3581 ad
440 3513 580 3583 riuulnm
606 3513 756 3592 Oblanob
781 3515 991 3600 antediotum,
1018 3523 1050 3582 et
1064 3515 1111 3584 ibi
1135 3515 1170 3582 in
1185 3537 1283 3603 pomo
1307 3522 1383 3584 sunt
1406 3517 1481 3580 mete

369 3623 521 3709 autique;
547 3621 665 3690 deinde
689 3623 852 3691 transiens
877 3622 1015 3692 eundem
1039 3623 1177 3691 riuulum
1202 3625 1349 3693 aseendit
1378 3637 1481 3690 uersus

369 3730 538 3798 meridiem
554 3729 597 3796 ad
613 3725 714 3796 metas
730 3730 891 3814 antiquas,
908 3750 971 3816 que
986 3739 1062 3800 sunt
1078 3733 1138 3799 sub
1148 3733 1236 3818 ylice
1252 3731 1479 3818 distinguentes

367 3849 486 3910 terram
500 3837 616 3906 nonan
631 3843 664 3904 et
679 3837 818 3905 tiliorum
834 3840 1011 3925 Demetrtj5
1035 3840 1153 3909 deinde
1169 3841 1262 3910 uadit
1278 3861 1390 3910 uersus
1405 3837 1478 3908 oeni·

370 3950 498 4017 dentem
514 3945 557 4015 ad
573 3967 672 4014 unam
697 3967 849 4032 magnam
866 3954 985 4016 metam
1001 3949 1199 4017 diuidentem
1222 3961 1340 4019 terram
1359 3945 1479 4024 Aebad,

368 4058 491 4126 Mealen
507 4063 541 4124 et
555 4055 724 4140 Oblanob3
751 4055 868 4124 deinde
884 4057 976 4124 uadit
1000 4058 1044 4126 ad
1058 4079 1157 4128 unam
1182 4065 1300 4128 metam
1320 4059 1478 4144 uunquam

370 4166 623 4250 distinguentem
648 4171 767 4232 terram
794 4165 916 4234 Manlau
942 4173 974 4233 et
994 4166 1161 4253 Oblanob;
1187 4166 1305 4236 deinde
1330 4167 1420 4235 uadit
1440 4159 1479 4230 ad

369 4295 467 4344 unam
492 4294 646 4359 magnam
669 4279 798 4358 metam,
823 4293 885 4358 que
902 4257 1073 4362 distinguit
1097 4283 1217 4344 terram
1232 4277 1356 4358 Mezlen
1379 4283 1411 4344 et
1425 4270 1477 4339 Ob·

369 4385 482 4468 taueb3
510 4382 628 4451 deinde
652 4381 855 4470 protenditur
875 4390 908 4452 et
924 4385 1013 4452 uenit
1036 4383 1080 4452 ad
1105 4393 1209 4454 metus
1224 4388 1368 4474 priorem
1392 4381 1478 4454 etsie

369 4492 569 4563 terminatur.
594 4493 633 4560 In
649 4492 740 4562 ouius
757 4493 804 4561 rei
822 4495 1009 4563 memoriam
1024 4513 1159 4581 presens
1181 4497 1340 4582 seriptum
1355 4490 1476 4562 eontuli-

369 4621 440 4670 mus
456 4601 557 4686 sigilli
572 4602 675 4669 nostri
699 4601 876 4671 munimine
891 4604 1086 4672 roboratum.
1113 4605 1233 4672 Datum
1249 4603 1283 4671 in
1298 4603 1431 4674 Sabaria
1446 4601 1473 4666 in
