3162 5188
885 335 1041 442 joe-

394 538 516 600 sterum
533 532 752 602 sollicitudine
768 533 1109 623 providereroleutes,
1124 535 1320 603 auctoritate
1330 535 1524 623 apostoliea

392 639 614 726 prohibemus,
638 651 674 710 ut
688 642 774 710 infra
789 644 961 712 clausuras
987 646 1141 730 locorum,
1167 665 1225 744 seu
1242 644 1463 731 grangiarum
1478 664 1525 712 re

393 755 534 816 stratum
552 751 660 820 nullus
675 752 825 839 rapinam
842 751 912 822 sive
928 752 1047 820 furtum
1064 752 1184 838 faeere,
1209 755 1320 838 ignem
1345 773 1525 841 apponere,

379 857 586 943 ,sanguinem
602 858 746 946 fundere,
773 860 937 929 hominem
954 868 1075 929 temere
1099 879 1228 946 capere,
1256 861 1309 928 rel
1328 859 1526 942 interficere,

392 985 452 1034 seu
468 967 657 1035 violentiam
673 969 794 1037 audeat
809 988 972 1040 exercere.
998 971 1153 1037 Preterea
1168 968 1407 1056 exemptiones,
1434 969 1525 1035 liber·

392 1081 476 1143 tates
494 1083 526 1142 et
542 1075 773 1164 immunitates,
795 1098 816 1144 a
831 1077 1117 1164 predecessoribus
1134 1079 1253 1145 nostris
1263 1078 1427 1145 Romanis
1444 1078 1526 1144 Pon-

393 1182 532 1252 tificibus
550 1186 749 1254 Monasterio
775 1191 883 1254 restro
908 1205 1091 1271 concessas,
1123 1205 1183 1253 nec
1202 1207 1268 1254 non
1294 1186 1471 1254 libertates
1496 1193 1527 1252 et

392 1293 615 1378 exemptiones
632 1293 826 1360 secularium
843 1295 1050 1362 exactionum
1067 1315 1089 1360 a
1099 1294 1242 1380 Regibus
1258 1293 1524 1379 etPrincipibua,

393 1400 448 1466 rel
464 1399 539 1467 aliis
555 1400 705 1470 fidelibus
721 1401 901 1471 liberaliter
916 1402 1010 1469 robis
1027 1402 1183 1489 indultas,
1201 1403 1399 1488 Apostolica
1416 1408 1526 1470 aueto-

393 1507 490 1594 ritate
514 1510 753 1598 confirmamus,
780 1516 813 1576 et
828 1511 990 1598 presentis
1007 1511 1121 1598 scripti
1146 1511 1320 1596 privilegio
1347 1511 1527 1578 commuui-

393 1635 474 1682 mus.
492 1618 703 1686 Deceruimus
718 1640 797 1704 ergo
813 1627 848 1688 ut
865 1619 946 1686 nulli
961 1620 1092 1688 omnino
1110 1619 1275 1687 hominum
1300 1619 1402 1686 liceat
1419 1618 1525 1706 presa·

391 1729 459 1792 tum
484 1725 716 1794 llonasterinm
739 1734 860 1794 temere
887 1727 1089 1814 perturbare,
1116 1734 1173 1794 ant
1197 1727 1266 1814 ejus
1293 1727 1525 1812 possessiones

393 1832 532 1918 auferre,
559 1833 611 1900 rel
626 1834 756 1903 ablatas
772 1833 922 1920 retinere,
950 1835 1093 1902 minuere
1112 1855 1170 1902 seu
1196 1834 1401 1917 quibuslibet
1427 1855 1519 1902 vexa·

394 1941 537 2009 tionibus
563 1941 751 2028 possidere;
777 1943 836 2010 sed
853 1943 963 2010 omnia
987 1941 1116 2029 integra
1139 1949 1372 2012 conserventur
1399 1961 1524 2026 eornm,

391 2068 451 2136 pro
468 2071 605 2137 quorum
620 2051 858 2136 gubernatione
874 2072 914 2119 ac
924 2053 1163 2122 sustentatione
1179 2071 1337 2121 concessa
1352 2059 1444 2138 sunt,
1462 2051 1523 2118 nsi·

393 2159 455 2226 bus
481 2158 676 2228 omnimodis
700 2159 888 2248 profutura,
922 2161 1017 2228 salua
1041 2160 1136 2228 Sedis
1162 2160 1351 2246 Apostolice
1383 2159 1513 2228 auctori

391 2272 470 2353 tate,
485 2272 516 2333 et
533 2267 709 2336 Dioeesani
724 2267 880 2355 Episcopi
896 2269 1056 2336 canonica
1067 2268 1208 2353 justitia.
1236 2267 1271 2334 Si
1288 2290 1354 2353 qua
1370 2269 1521 2355 igitnriu

393 2378 535 2444 futurum
561 2375 785 2442 ecelesiastica
812 2376 1034 2461 secularisque
1050 2397 1191 2462 persona
1215 2377 1299 2444 hanc
1317 2387 1434 2446 nostre
1451 2399 1521 2448 con·

391 2484 568 2552 stitutionis
584 2482 739 2569 paginam
764 2485 881 2569 sciens,
898 2493 1012 2552 contra
1028 2505 1099 2552 eam
1115 2491 1238 2552 temere
1254 2487 1366 2554 venire
1384 2493 1520 2573 tempta·

393 2591 487 2677 verit,
504 2597 537 2658 et
553 2589 708 2679 secundo,
724 2593 867 2660 tenuiore
885 2593 1091 2678 commonita,
1112 2592 1176 2660 uisi
1192 2601 1318 2661 reatum
1333 2615 1433 2662 snum
1450 2615 1521 2663 con-

392 2719 473 2784 grua
490 2697 716 2766 satisfactione
732 2699 919 2783 correxerit,
937 2699 1109 2786 potestatis
1125 2699 1322 2785 honorisque
1338 2701 1392 2767 sui
1409 2707 1521 2776 ¹careat

392 2805 564 2893 dignitate,
582 2825 734 2889 reamque
746 2825 781 2872 se
793 2805 912 2874 Divino
919 2806 1044 2892 judicio
1060 2807 1201 2875 existere
1212 2807 1253 2874 de
1263 2816 1455 2895 perpetrata
1466 2808 1520 2875 ini·

392 2915 516 2999 quitate
532 2921 718 2999 cognoscat,
733 2919 765 2982 et
782 2912 1045 2982 asnar-artissimo
1056 2914 1199 3001 Corpore
1216 2922 1248 2981 et
1266 2917 1446 3001 Somguine
1458 2918 1520 2983 Dei

392 3028 425 3090 et
441 3023 571 3090 Domini
583 3021 810 3107 Redemptoris
821 3021 924 3089 nostri
936 3022 1016 3088 Jesu
1028 3023 1147 3090 Christi
1164 3022 1275 3089 aliena
1285 3023 1351 3110 fiat,
1369 3031 1472 3110 atque
1488 3026 1519 3090 iu

393 3137 538 3201 extremo
555 3131 704 3200 examine
715 3129 861 3197 districte
877 3130 1046 3197 subiaceat
1061 3129 1185 3196 ultioni.
1202 3129 1334 3198 Cunctis
1345 3140 1460 3200 autem
1478 3133 1520 3200 ei-

391 3239 465 3308 (lem
476 3238 696 3324 locosuajura
705 3236 912 3305 servantibus
923 3237 1178 3325 sitpaxDomini
1189 3237 1290 3304 nostri
1298 3240 1377 3312 Jesu
1386 3238 1518 3327 Christi,

392 3355 553 3434 quatenus
570 3353 603 3413 et
617 3345 670 3413 hic
686 3343 823 3412 fructum
841 3345 923 3413 bone
942 3343 1081 3413 actionis
1098 3344 1297 3430 percipiant,
1315 3353 1349 3412 et
1365 3345 1458 3433 apud
1476 3347 1520 3414 di·

394 3457 540 3524 strictuuu
551 3453 697 3541 judicem
707 3455 834 3542 premia
849 3461 958 3522 eterne
975 3453 1067 3539 pacis
1084 3453 1258 3520 inveniant.
1275 3453 1391 3523 Amen.
1402 3458 1518 3524 Amen.

501 3566 571 3649 Ego
588 3563 794 3632 Innocentius
819 3561 986 3630 catholice
1002 3562 1148 3629 Ecclesie
1164 3561 1355 3650 Episcopus.

501 3673 571 3758 Ego
586 3671 766 3740 Rainaldus
783 3667 953 3756 Ostiensis,
971 3679 1004 3738 et
1019 3671 1230 3738 velletrensis
1245 3670 1441 3758 Episcopus.

500 3782 570 3867 ligo
586 3781 771 3868 Stephanus
788 3780 999 3849 Prenestiuus
1015 3780 1209 3867 Episcopus.

498 3891 568 3976 ligo
584 3889 770 3976 Stephanus
794 3891 913 3956 Sancte
932 3888 1034 3955 llarie
1050 3927 1093 3936 -
1111 3923 1154 3936 —-
1170 3923 1213 3936 -
1230 3923 1273 3938 -
1288 3894 1325 3955 tt.
1350 3890 1518 3958 Presbiter

391 4000 585 4070 Cardinalis.

498 4114 570 4198 ugo
595 4111 695 4182 trater
719 4109 865 4179 Joannes
889 4109 974 4177 tituli
998 4109 1108 4180 Sancti
1131 4109 1299 4177 Laurentii
1331 4110 1365 4176 in
1392 4107 1516 4177 Lucina

391 4219 558 4289 Presbiter
574 4217 768 4288 cardinatis.

501 4325 1514 4416 EgoiraterHugctituliSancteSabincPresbiterGardinalis.

499 4435 570 4521 Ego
587 4435 746 4503 Ricardus
763 4437 875 4502 Sancti
892 4436 1011 4519 Angeli
1028 4437 1193 4502 Diaconus
1210 4407 1409 4501 Cardinalis.

499 4541 571 4627 Ego
597 4543 796 4613 Octavianus
821 4547 940 4614 Sancte
964 4545 1068 4612 Marie
1092 4542 1125 4609 in
1150 4541 1212 4608 Via
1237 4543 1322 4610 Lata
1347 4541 1513 4608 Diaconus

393 4648 589 4720 Cardinalis.
