3226 5194
805 302 961 408 ...Q

317 504 472 590 umpbum
497 505 677 584 tenuerunt,
702 496 916 567 debellantur.
945 501 1019 570 Nou
1035 509 1085 570 ert
1109 523 1228 589 magne
1248 503 1449 592 apparenuie

317 610 479 679 exereitus
494 610 715 692 Tartarum,
732 607 788 692 qui
804 628 895 677 omes
911 611 1009 678 simnl
1024 618 1057 678 et
1072 613 1262 698 congregati
1281 612 1449 698 incedunt,

317 721 365 788 ita
379 718 467 806 quod
483 719 573 785 auies
598 716 686 784 mille
706 715 915 784 Tartarurum
940 718 1191 804 quingentorum
1210 720 1449 808 appareneiam

315 848 380 894 nun
396 824 539 894 babebit.
556 823 688 890 Tartari
704 823 869 891 curialiter
883 825 1030 911 hospites
1045 827 1237 913 suseipinnt,
1255 832 1288 896 et
1303 828 1448 896 libenter

316 935 423 1002 eibum
439 933 590 1002 dividunt
613 952 687 999 oum
702 931 845 1016 eisdem;
870 939 903 998 et
927 935 1040 1000 volunt
1065 954 1122 1020 per
1147 937 1278 1002 modum
1303 937 1447 1003 similem

315 1040 516 1130 responderi,
544 1041 691 1125 alioquin
716 1039 845 1125 rapiunt
870 1040 1037 1107 violenter.
1062 1041 1192 1110 Tartari
1223 1043 1308 1112 alias
1336 1050 1447 1110 terras

315 1152 423 1217 seiunt
437 1149 578 1218 faciliter
593 1167 763 1234 oueupare,
790 1147 848 1214 sed
864 1154 1037 1234 postquam
1057 1149 1301 1235 acquisiverint,
1329 1152 1447 1218 nolunt

316 1257 497 1344 obaudire,
513 1258 594 1342 qnia
608 1258 640 1323 in
657 1254 773 1324 eastris
791 1263 824 1322 et
835 1256 1022 1324 eivitatibus
1037 1259 1185 1325 nesciunt
1193 1258 1356 1341 babitare,
1377 1259 1446 1323 imu

315 1387 445 1454 semper
460 1367 572 1433 volunt
587 1384 660 1432 esse
676 1365 710 1430 in
727 1362 874 1431 tentoriis
891 1371 923 1432 et
939 1364 972 1430 in
983 1365 1118 1452 eampis.
1134 1367 1264 1433 Tartari
1282 1365 1441 1433 mirabili-

315 1483 364 1542 ter
379 1481 455 1542 snut
472 1473 585 1560 eupidi
602 1479 636 1539 et
650 1471 755 1554 avari,
771 1478 805 1542 et
819 1492 1010 1557 quoeunque
1026 1472 1123 1542 modo
1138 1475 1281 1558 valeant,
1300 1472 1444 1540 libenter

315 1583 480 1670 arripiunt
494 1582 615 1666 aliena,
641 1601 701 1648 sua
716 1585 826 1647 tamen
842 1579 1026 1668 expendere
1041 1601 1103 1648 neo
1119 1581 1235 1665 sciunt,
1258 1599 1318 1647 nee
1333 1581 1443 1648 eoiam

315 1690 487 1775 custodire,
513 1689 578 1757 imo
595 1688 783 1775 permittunt
806 1689 918 1757 omnia
932 1688 1109 1757 devastari.
1130 1689 1269 1772 Tartari,
1296 1689 1376 1756 siin
1392 1709 1445 1756 so·

315 1797 581 1865 uietateuliorum
591 1795 754 1881 incedunt,
775 1796 805 1862 si
820 1795 941 1862 luerint
950 1795 1135 1883 debiliores,
1152 1796 1444 1864 valdeeflioiuntur

314 1904 454 1972 humiles
466 1910 499 1972 et
514 1904 666 1990 benigni,
683 1903 800 1970 sivero
817 1922 854 1969 se
863 1904 1013 1970 noverint
1020 1903 1182 1991 fortiores,
1199 1910 1292 1971 erunt
1302 1903 1442 1989 pessimi

313 2018 346 2079 et
361 2011 504 2098 superbi.
521 2009 653 2078 Tartari
667 2031 726 2096 pru
737 2009 850 2096 aliquo
860 2011 1066 2081 incommodo
1081 2031 1191 2080 eornm
1203 2013 1342 2079 libenter
1352 2031 1442 2078 men-

313 2119 457 2204 utuntur,
485 2124 642 2186 ettamen
668 2120 700 2184 in
727 2119 855 2186 duobus
880 2119 1010 2188 mentiri
1035 2141 1100 2188 uon
1124 2121 1265 2206 audent3
1292 2121 1327 2184 in
1350 2119 1440 2184 sacto

313 2245 475 2292 armorum
492 2225 654 2310 videlieet,
681 2225 770 2311 quod
784 2227 894 2294 nullus
916 2246 1016 2295 ausus
1032 2235 1120 2295 esset
1144 2226 1186 2296 de
1201 2227 1366 2314 probitate
1382 2233 1443 2292 aut

312 2332 462 2399 inmerito
478 2351 514 2400 se
529 2333 664 2419 iactare,
689 2338 748 2399 aut
763 2352 885 2417 negare
905 2334 934 2400 si
950 2334 1092 2420 fugerint
1113 2336 1164 2402 vel
1180 2333 1285 2401 seiam
1300 2333 1440 2401 seuerint

312 2440 480 2506 vilitatem.
506 2439 605 2506 Aliud
632 2444 691 2524 ost,
717 2439 853 2526 quodsi
878 2444 1036 2509 Tartarus
1059 2443 1148 2509 solus
1173 2440 1297 2527 aliquid
1323 2459 1440 2526 perpe·

312 2548 455 2636 traverit,
484 2547 526 2614 de
550 2568 613 2631 quo
633 2547 753 2614 debeat
778 2548 1021 2634 condempnari,
1047 2550 1265 2633 interrogatus
1290 2569 1311 2615 a
1323 2549 1440 2633 judice

311 2675 376 2722 non
400 2655 546 2740 negabit,
571 2654 636 2721 imo
663 2656 834 2723 veritatem
861 2657 1013 2724 continuo
1038 2659 1217 2724 confltetur.
1244 2656 1284 2721 lit
1308 2654 1370 2722 beo
1396 2655 1440 2722 de

310 2761 458 2830 Tartaris
470 2763 575 2830 modis
591 2763 765 2849 sufficiant,
783 2763 861 2848 quia
871 2766 1003 2848 longum
1013 2770 1110 2848 esset,
1130 2761 1243 2831 modos
1257 2783 1316 2850 per
1326 2763 1439 2830 omnia

311 2870 522 2956 singulariter
537 2889 698 2938 enarrare.
718 2907 1116 2922 -------

418 2980 468 3046 De
483 2977 627 3048 seeundo
652 2979 719 3046 filio
735 2978 891 3064 Oetuean,
917 2980 973 3063 qui
989 2980 1170 3047 vocabatur
1189 2978 1304 3044 Batho.
1330 2977 1437 3043 Batbu

311 3087 473 3156 seeundus
497 3087 583 3155 filins
599 3088 755 3173 Oetuean,
781 3108 853 3154 eum
869 3094 966 3171 gente
991 3087 1059 3172 illa,
1087 3106 1184 3171 quam
1210 3085 1273 3152 sibi
1297 3083 1437 3151 dederat

310 3201 405 3282 pater
419 3215 508 3280 suus,
525 3187 684 3281 equitabit
696 3214 809 3262 versus
826 3203 936 3282 partes
952 3193 1206 3280 septemtrionis,
1222 3189 1436 3276 quoadusque

309 3302 456 3390 peruenit
471 3302 514 3369 ad
527 3303 675 3388 Regnum
690 3301 857 3369 (lomenia.
878 3300 1013 3369 Comani
1029 3321 1117 3388 vero,
1133 3301 1190 3386 qui
1207 3318 1362 3385 magnam
1377 3297 1433 3364 ba·

226 3431 232 3444 ·
309 3409 430 3477 bebaut
444 3409 572 3495 oupiam
595 3415 803 3496 armatorum,
821 3408 1028 3476 erediderunt
1043 3409 1126 3476 bene
1144 3426 1242 3495 posse
1256 3402 1435 3472 defendere

309 3523 541 3600 terramsuam,
555 3521 588 3582 et
603 3521 824 3603 opposuerunt
838 3515 1049 3602 seTartaris,
1066 3514 1126 3583 sed
1140 3514 1183 3582 de
1196 3513 1287 3580 iauili
1304 3511 1437 3579 suerum

309 3622 465 3692 debellati
490 3630 523 3690 et
537 3622 691 3710 ingerunt
715 3643 819 3709 nsque
842 3624 887 3691 ad
902 3625 1049 3709 Βοειιιιιιι
1066 3621 1245 3706 Hnugarie,
1271 3625 1304 3687 et
1325 3619 1435 3687 adhue

309 3748 411 3814 usquo
426 3728 470 3799 ad
484 3729 674 3799 hodiernum
690 3729 777 3799 diem
793 3737 870 3799 sunt
885 3730 977 3799 multi
993 3728 1129 3797 (tomani
1146 3725 1268 3795 ibidem
1283 3725 1435 3794 babitan-

307 3844 367 3907 tee.
387 3838 564 3922 Postquam
580 3837 879 3907 veroBatboextra
888 3838 1035 3923 Regnum
1045 3834 1323 3904 (lomanieomnes
1342 3831 1434 3916 luga-

307 3945 356 4012 vit
366 3945 540 4031 Cumanos,
557 3946 880 4032 adReguumRusye
895 3945 1124 4031 retranstulit,
1141 3942 1228 4012 etde
1245 3939 1337 4008 lauili
1351 3939 1435 4006 illud

306 4051 504 4138 subiugavit
529 4053 710 4140 Ououpavit
734 4053 867 4141 insuper
890 4061 1011 4121 terram
1038 4050 1209 4134 Gauaarie,
1234 4053 1268 4115 et
1282 4049 1434 4132 Regnum

307 4159 475 4245 Balgarie.
500 4160 562 4226 Per
577 4159 665 4228 viam
681 4179 774 4228 suam
791 4157 943 4244 ingerant
958 4157 1104 4244 Comani,
1130 4153 1290 4242 equitavit
1304 4157 1339 4220 st
1360 4173 1433 4239 per·

306 4269 395 4336 venit
420 4287 523 4352 usque
548 4268 591 4336 ad
606 4271 755 4353 Regnum
770 4269 926 4352 Ungarie,
952 4268 1066 4353 ibique
1088 4263 1212 4333 invenit
1236 4261 1366 4345 aliquos
1391 4258 1434 4326 de

306 4376 459 4446 (iomanis
475 4377 562 4444 eirea
575 4377 704 4462 flumen,
721 4397 802 4463 qnos
818 4377 922 4463 oepit;
940 4377 998 4443 alii
1014 4395 1090 4444 veru
1101 4372 1238 4442 (lumeni
1254 4371 1432 4456 lugierunt,

305 4483 383 4569 quia
398 4485 529 4553 Tartari
555 4505 618 4552 non
643 4492 818 4572 potueruut
844 4484 964 4550 flumen
990 4483 1144 4565 transire,
1160 4497 1274 4546 versus
1300 4476 1433 4542 Alama-

304 4593 414 4676 uiam,
442 4611 611 4677 quousque
635 4597 854 4678 pervenerunt
880 4591 923 4657 ad
949 4593 1055 4677 ripam
1082 4587 1252 4656 cuiusdam
1277 4582 1433 4668 fluminis,
