3210 5194
583 856 639 924 92.

15 1083 16 1088 κ
60 1038 291 1130 dsputsrpumi
315 1037 476 1125 hdptclou
497 1058 537 1100 oa
561 1037 746 1122 acterpcmi
769 1035 950 1100 cdrooterco
974 1033 1043 1098 leod
1069 1032 1178 1098 idacit

179 1143 322 1210 Hsrbold
338 1145 371 1209 οι
386 1143 468 1208 reor
482 1140 705 1228 polpdroleaolr
719 1140 808 1207 biche
823 1141 911 1228 adju.
927 1141 1026 1204 1243.

150 1339 339 1427 Capitulum
363 1337 590 1422 strigoniense
609 1335 769 1404 uniuersis
794 1340 961 1420 presentes
985 1335 1111 1403 litteras
1128 1335 1173 1401 in-

15 1515 17 1528 ,
58 1451 202 1536 spectaris
218 1448 361 1515 salutem
378 1446 412 1512 in
421 1444 573 1514 Domino.
591 1444 644 1510 Ad
658 1443 882 1510 uniuersitatis
891 1448 1001 1509 vestre
1017 1442 1174 1510 noticiam

15 1545 16 1554 ³
56 1556 190 1624 uolumus
201 1555 386 1641 peruenire,
401 1551 488 1639 quod
503 1573 564 1621 nos
575 1551 704 1618 dilectis
717 1549 838 1619 nostris
847 1550 1018 1618 Harbordo
1029 1556 1062 1617 et
1072 1549 1173 1631 Ybur,

57 1663 121 1730 iliis
135 1663 302 1748 quondam
317 1659 489 1748 Stephani,
500 1659 626 1727 ciuibus
642 1658 933 1744 strigoniensibus,
951 1659 1097 1726 locamus
1117 1656 1173 1724 do·

56 1791 130 1838 muru
143 1775 292 1838 nostram
307 1768 473 1854 lapideam
491 1786 564 1833 cum
580 1767 672 1834 curia
688 1766 947 1850 circumlucente,
964 1765 1060 1832 sitam
1074 1779 1173 1850 super

15 1959 16 1964 Ἰ
55 1877 148 1945 iorum
158 1877 366 1962 Strigoniese
377 1896 481 1963 prope
496 1877 659 1962 palacium
670 1875 784 1960 lienis,
801 1874 971 1959 longitudo
982 1874 1074 1940 cuius
1085 1871 1173 1940 curie

15 2001 16 2046 ῑ
54 1992 98 2052 cst
107 1985 319 2073 septuaginta
328 1984 519 2067 cubitorum,
535 1983 591 2070 qui
601 1983 701 2068 uulgo
710 1983 919 2070 appellantur
928 1981 1011 2069 rayf,
1033 1980 1171 2048 latitudo

55 2112 121 2159 nero
145 2091 370 2178 quadraginta
385 2097 418 2158 et
433 2090 528 2157 unius
545 2091 684 2157 cubitus.
708 2093 791 2156 Item
808 2088 971 2173 quandam
990 2086 1114 2153 curiam
1131 2106 1173 2153 en

54 2201 219 2286 posteriori
247 2205 342 2284 parte
357 2198 444 2265 dicte
460 2199 571 2265 domui
587 2199 717 2285 lapidee
733 2196 942 2282 continguam
960 2216 1075 2263 uersus
1093 2197 1173 2262 San·

15 2317 17 2342 ¹
52 2313 129 2374 ctum
144 2305 365 2373 Laurencium
390 2305 532 2390 quadam
547 2305 604 2371 via
620 2305 824 2373 solummodo
849 2303 1054 2388 intermedia,
1080 2303 1172 2370 cuius

51 2412 212 2499 longitudo
240 2418 292 2479 est
316 2412 610 2498 trigintaquinque
636 2412 828 2495 cubitorum,
855 2410 994 2478 latitudo
1017 2428 1094 2475 uero
1118 2411 1172 2476 tri·

51 2521 130 2603 ginta
157 2526 297 2604 quatuor
314 2519 514 2606 cubitorum,
539 2542 599 2609 pro
616 2540 653 2588 se
670 2528 702 2587 et
720 2519 896 2587 heredibus
920 2520 988 2587 suis
1003 2518 1171 2603 legitimis,

51 2634 153 2693 cinon
170 2627 351 2712 extraneis,
367 2635 525 2714 perpetuo
540 2627 770 2715 possidendas:
785 2629 856 2694 Hoc
866 2634 963 2713 pacto
980 2628 1082 2712 ethys
1098 2647 1171 2694 con·

15 2769 16 2812 ο
52 2733 228 2803 dicionibus
244 2733 550 2819 interuenientibus,
576 2734 661 2818 quod
676 2734 815 2821 predicti
830 2734 1017 2802 Herbordus
1033 2740 1065 2800 et
1080 2734 1172 2799 Ybor

50 2849 212 2908 eteorum
237 2841 378 2908 heredes
409 2846 582 2908 teneantur
607 2840 702 2908 nobis
728 2842 857 2909 solvere
887 2843 1056 2908 annuatim
1088 2842 1171 2909 duas

51 2966 172 3014 marcas
198 2946 331 3030 argenti
355 2967 415 3033 pro
432 2946 521 3012 dicta
545 2946 641 3015 domo
667 2947 811 3033 lapidea,
840 2953 873 3013 et
890 2967 988 3014 unum
1012 2948 1171 3016 fertonem

48 3054 204 3137 prodicta
220 3053 321 3137 cuda,
350 3053 481 3120 nomine
496 3055 665 3140 pensionis
681 3072 784 3136 usque
800 3053 844 3118 ad
866 3054 1051 3137 quindecim
1067 3075 1170 3122 annos

48 3162 212 3247 videlicet3
243 3161 429 3246 quindecim
455 3162 550 3229 annis
575 3182 653 3230 nero
679 3162 850 3248 completis
876 3161 1018 3228 debeant
1042 3161 1171 3229 soluere

48 3268 180 3354 singulis
199 3269 298 3335 annis
314 3288 416 3352 usque
431 3268 673 3356 inperpetuum
688 3275 754 3337 tres
771 3287 898 3335 marcas
909 3269 1039 3353 argenti
1058 3275 1090 3334 et
1106 3267 1170 3334 dio-

47 3383 104 3440 tum
120 3375 306 3461 fertonem,
332 3375 471 3461 primam
488 3381 616 3461 partem
631 3376 664 3442 in
681 3375 766 3444 festo
783 3375 895 3442 Sancti
911 3375 1094 3460 Michaelis,
1122 3395 1170 3443 se-

46 3481 181 3548 cundam
210 3490 335 3567 partem
359 3481 394 3548 iu
410 3482 584 3549 Dominioa
610 3483 716 3568 prima
739 3481 1009 3568 Quadrageslme,
1034 3482 1170 3550 terciam

45 3597 166 3674 partem
195 3588 230 3654 in
255 3589 339 3658 festo
355 3587 469 3655 Sancti
495 3588 656 3656 iohannis
672 3589 830 3676 Baptista
857 3592 898 3656 lit
917 3575 977 3656 hec
1003 3591 1170 3659 attendere

44 3701 235 3783 promittunt
250 3697 311 3764 suh
325 3715 412 3780 pena
428 3695 530 3784 dupli.
547 3697 607 3764 Est
623 3697 727 3764 eciam
738 3697 911 3782 adiectum,
929 3699 1017 3781 quod
1032 3719 1093 3767 nec
1109 3700 1168 3783 eis,

43 3823 96 3872 nec
110 3803 293 3873 heredibus
308 3803 454 3889 ipsorum
479 3803 578 3872 liceat
593 3803 735 3872 vendere
752 3806 807 3872 uel
823 3806 969 3872 alienare
989 3804 1169 3890 predictam

42 3909 181 3996 domum,
198 3929 306 3995 neque
315 3910 497 3997 predictam
515 3913 651 3996 curiam,
668 3911 732 3979 nisi
748 3931 849 3980 causa
861 3911 1067 3980 necessitatis
1083 3911 1169 3999 ipso·

42 4039 124 4106 rum;
152 4025 190 4087 et
205 4025 282 4085 tnnc
306 4018 348 4086 de
374 4023 486 4087 nostra
509 4019 648 4086 licencia
674 4020 829 4106 speciali,
856 4019 953 4088 aliter
978 4038 1055 4088 uero
1081 4020 1171 4088 iactu

43 4127 189 4196 uendicio
205 4127 260 4194 uel
284 4125 446 4193 alienacio
462 4147 528 4194 non
543 4128 663 4211 valeat,
688 4135 722 4195 et
737 4126 766 4193 si
783 4127 999 4214 uendiderint,
1024 4128 1078 4196 uel
1094 4129 1170 4196 alie-

43 4234 199 4318 narerint,
228 4238 356 4322 emptor
372 4234 542 4302 nobiscum
567 4234 609 4302 de
624 4254 708 4303 novo
729 4233 903 4304 conuenire
929 4234 1049 4303 debeat
1073 4253 1172 4321 super

42 4344 192 4425 pensione
220 4342 319 4412 nobis
334 4339 566 4428 persoluenda.
592 4341 629 4408 Si
643 4360 707 4428 que
722 4361 800 4410 vero
826 4339 982 4408 hedificia
1004 4343 1040 4409 in
1056 4340 1170 4411 codem

44 4445 135 4518 londo
151 4447 385 4518 edificaverint
409 4447 542 4535 lapidea
556 4451 610 4517 uel
626 4449 737 4536 lignea
753 4449 795 4516 de
812 4468 908 4533 nouo,
925 4465 965 4514 ea
984 4468 1043 4536 pro
1059 4451 1171 4517 volun-
