3210 5194
592 287 750 392 *iil-

103 482 284 572 patroeinio
310 483 516 553 roborantes.
542 484 665 552 Datum
680 483 810 554 lamini
834 505 920 554 anno
945 487 989 556 ab
1003 487 1237 558 lnomnaoione

105 593 236 662 Domini
250 595 297 662 lt⁰
308 591 549 662 OG⁹XXXIX9

150 769 287 841 (Ersdelie
300 771 482 840 blirhtrtyin,
502 774 614 840 melyrlil
627 789 658 826 sn
671 776 775 842 egylxor
788 773 874 842 illggli
886 772 978 841 pessit
992 772 1050 827 mir
1063 773 1191 827 slvssnett

371 877 389 914 a
400 863 596 930 pannonhalmi
609 859 753 929 stapitsig
765 859 974 929 leviltlriban.)

648 1627 704 1696 ts.

102 1810 213 1874 illudes
229 1808 496 1895 oresdybtrouak,
522 1831 542 1871 α
557 1809 663 1873 sudor
678 1829 865 1894 uqyoouzon
887 1810 1093 1876 iutssksdesit
1113 1811 1241 1897 lcolybsn

507 1914 612 2001 iuqyo
625 1917 737 1982 itelets.
755 1916 852 1980 1239.

213 2110 369 2179 Andreas
395 2110 481 2178 filius
507 2109 681 2197 Seraphini
699 2108 795 2176 Ourie
819 2110 923 2196 Regio
937 2110 1046 2180 ludex
1071 2119 1105 2180 et
1124 2112 1240 2181 Comes

101 2223 144 2289 (le
159 2223 277 2288 Poson
303 2219 454 2285 omnibns
469 2226 638 2304 presentes
654 2215 781 2286 litteras
797 2216 994 2305 inspecturis
1013 2222 1161 2289 salutem.
1187 2221 1241 2289 Au

103 2331 337 2397 uniuersorum
364 2334 433 2393 tom
457 2327 660 2413 presencium
687 2345 783 2408 quam
807 2325 986 2396 futurorum
1001 2329 1148 2398 volumus
1172 2350 1241 2418 per-

102 2440 220 2505 uenire
239 2435 406 2518 noticiam,
430 2435 518 2519 quod
533 2453 606 2501 enm
622 2432 756 2518 quidum
771 2434 908 2502 elerious
922 2435 1040 2505 Pouka
1054 2437 1184 2504 nomine
1201 2437 1241 2504 de

6 2613 7 2624 ,
102 2545 186 2612 silla
203 2544 347 2627 Kayser
362 2541 525 2608 Abbstem
542 2540 660 2608 saneti
669 2540 802 2606 Martini
820 2541 862 2608 de
876 2543 976 2610 Sauro
993 2545 1102 2612 Monte
1117 2545 1242 2614 Panno·

103 2653 158 2720 nie
175 2651 319 2718 oitatum
334 2651 369 2716 in
393 2647 517 2715 domini
532 2648 632 2734 Regis
649 2647 786 2714 traxerit
800 2649 1017 2737 presencium,
1043 2660 1241 2738 conquestus

104 2769 157 2828 est
173 2759 340 2829 obiioiens
357 2757 473 2839 eidem,
490 2753 578 2839 qnod
593 2762 714 2822 terrum
724 2774 817 2822 suam
833 2762 1006 2825 etsnorum
1018 2765 1241 2847 cognatorum,

102 2871 138 2934 in
153 2867 277 2935 eadem
294 2864 375 2931 villa
390 2865 528 2947 Kayser
551 2860 755 2946 existentem,
770 2862 930 2931 violenter
956 2872 988 2933 et
1003 2867 1085 2934 eitrs
1104 2868 1161 2952 jus
1177 2869 1241 2935 sibi

105 2982 305 3063 usurpatam
320 2969 488 3052 detineret,
507 2977 600 3050 etse,
617 2966 741 3034 seiliest
755 2969 864 3055 ipsum
883 2971 1036 3058 Poueam,
1063 2981 1095 3040 et
1109 2975 1242 3042 fratrem

105 3105 205 3151 sunm
221 3083 310 3148 Pons
325 3079 466 3163 nomine,
491 3095 552 3142 neo
568 3095 634 3142 non
648 3075 753 3162 ipsius
769 3087 937 3162 cognatos,
958 3099 1094 3164 quorum
1111 3085 1244 3150 nomina

105 3199 184 3260 sunt
201 3191 285 3258 hee:
302 3185 490 3267 (inmanius,
501 3183 642 3252 lliohael
658 3191 690 3251 et
699 3185 911 3272 Laurentius,
922 3206 994 3253 oum
1004 3189 1081 3275 filijs
1099 3189 1243 3276 ipsorum

107 3311 228 3368 eontra
238 3298 296 3384 jus
312 3297 348 3361 in
371 3292 597 3360 libertinorum
616 3291 716 3358 vellet
739 3293 889 3378 redigere
912 3296 1165 3382 seruitudinem;
1191 3318 1244 3365 vo

106 3407 223 3474 luntas
250 3409 361 3472 numm
387 3399 509 3468 domini
525 3397 625 3482 Regis
651 3405 684 3465 et
698 3400 951 3488 oiroumspeeoio
977 3423 1110 3474 oausam
1131 3425 1244 3474 eorun-

109 3512 188 3582 dem
205 3518 320 3579 nostro
336 3505 498 3576 eommisit
522 3504 666 3572 examini
682 3503 935 3576 diseueiendam.
961 3511 1109 3580 Instante
1131 3512 1243 3599 itaque

108 3619 254 3688 termino
271 3622 305 3683 et
322 3615 379 3681 die
395 3610 622 3698 respondendi,
647 3611 796 3695 pertibus
812 3633 921 3682 eorum
938 3616 1032 3684 nobis
1047 3619 1242 3704 constitutis,

109 3732 228 3798 Abbas
244 3728 313 3793 iam
329 3722 435 3789 dietus
451 3719 579 3786 litteras
595 3718 819 3805 priuilegiales
835 3723 988 3809 Dionysii
1000 3726 1136 3794 comitis
1151 3729 1244 3796 Pala-

107 3841 170 3906 tini
199 3833 320 3914 suunt,
347 3836 381 3896 et
405 3826 498 3893 nobis
522 3823 697 3892 manifeste
722 3830 943 3916 presentauit;
969 3852 1107 3915 quarum
1132 3841 1244 3900 tenore

107 3948 263 4032 inspeoto
285 3936 517 4013 intelleximus,
546 3934 688 3999 Pouesm
714 3935 950 4005 elerionmvna
968 3940 1157 4009 cumfratre
1182 3959 1242 4006 suo

109 4063 145 4120 et
170 4047 325 4135 eognatis
356 4039 590 4131 prenominatis
618 4057 660 4106 ex
692 4042 834 4110 euidenti
868 4052 899 4111 et
929 4047 1077 4132 legitima
1106 4045 1245 4133 predioti

108 4159 258 4226 Abbatis
282 4148 564 4238 comprobatione,
591 4147 674 4214 siout
690 4167 731 4215 ex
756 4150 880 4218 eisdem
903 4153 1020 4222 litteris
1043 4154 1159 4241 potuit,
1185 4173 1244 4240 per

108 4269 228 4338 omnia
252 4263 322 4332 iore
348 4257 550 4337 oonuietum,
578 4263 609 4320 et
635 4261 833 4326 monasterio
856 4263 967 4329 Sanoti
994 4263 1125 4330 Martini
1150 4261 1245 4329 simul

109 4375 307 4444 cumfratre
333 4374 367 4434 et
383 4363 452 4431 suis
477 4361 627 4446 cognatis
653 4361 833 4434 iamdictis
857 4369 1080 4437 libertinorum
1107 4370 1245 4437 seruioio

108 4485 233 4550 merito
258 4478 441 4563 subiacere.
468 4473 537 4538 Nos
563 4468 663 4552 igitur
686 4471 806 4540 litteris
825 4476 966 4546 Palatini
992 4477 1137 4562 Comitis,
1164 4477 1249 4544 siout

110 4594 220 4673 decet,
236 4611 302 4656 non
317 4583 500 4664 obuientos‚
526 4576 586 4645 sed
602 4577 705 4664 ipsius
721 4601 891 4652 censuram
906 4587 1016 4655 debito
1032 4587 1146 4656 fauore
1161 4605 1249 4654 oom-

159 4727 264 4765 stom.
281 4725 364 4763 mu.
380 4721 451 4758 nisu.
471 4725 507 4734 ····
527 4713 598 4750 niun.
617 4706 649 4746 12.
1067 4706 1084 4760 6
