3226 5194
862 323 1023 426 juo-

378 541 443 591 nou
459 519 683 590 satisfactione
700 543 845 606 congrua
860 523 1092 607 emendaverit,
1118 522 1294 608 potestatis
1310 520 1515 602 honorisque

379 629 429 695 sui
455 628 616 714 dignitate
641 637 762 717 careat,
788 650 943 717 reamque
968 650 1004 697 se
1019 631 1139 697 Divino
1164 629 1287 695 iudicio
1311 629 1455 695 existere
1472 626 1514 692 de

379 745 569 824 perpetrata
581 737 753 824 iniquitate
773 744 960 829 cognoseat,
986 747 1019 806 et
1035 761 1056 806 a
1072 738 1296 806 sacratissimo
1322 756 1462 823 corpore
1479 741 1512 800 et

378 847 538 930 sauguine
563 845 626 912 Dei
652 853 684 912 et
707 847 840 914 Domini
867 847 1095 934 Redemptoris
1126 845 1228 914 nostri
1252 842 1354 912 Jhesn
1387 842 1511 911 Christi

380 955 571 1040 alienafiat,
600 963 698 1040 atque
714 956 748 1021 in
765 961 909 1023 extremo
927 956 1077 1022 examine
1103 954 1249 1022 districtc
1265 952 1383 1019 ultioni
1401 951 1514 1018 subia-

380 1067 462 1128 ceat.
487 1060 618 1130 Cunctis
634 1068 743 1130 antem
760 1064 865 1132 eidem
889 1063 962 1133 loco
979 1085 1039 1132 sua
1055 1067 1129 1132 iura
1149 1063 1357 1131 servantibus
1381 1061 1427 1127 sit
1443 1081 1510 1146 pas

381 1170 510 1236 Domini
535 1171 638 1237 nostri
662 1172 764 1239 Jhcsn
792 1171 922 1256 Christi,
949 1181 1108 1258 qnatenus
1134 1183 1167 1239 et
1181 1173 1234 1238 hic
1259 1171 1397 1239 fructum
1426 1169 1510 1236 bone

380 1277 518 1345 actionis
534 1279 728 1366 percipiant,
746 1286 778 1347 et
794 1281 883 1367 apud
893 1280 1074 1348 districtum
1089 1280 1109 1347 J
1114 1281 1238 1347 udicem
1257 1281 1385 1365 premia
1396 1285 1509 1344 eterne

380 1386 472 1475 pacis
487 1387 665 1452 inveniant.
683 1385 798 1456 Amen.
823 1390 944 1454 Datum
961 1389 1112 1471 Anagnie
1135 1408 1192 1475 per
1209 1407 1340 1455 manum
1357 1387 1509 1471 Magistri

380 1493 515 1562 Jordani
540 1495 662 1561 Sancte
685 1495 831 1562 Romane
857 1495 1003 1563 Ecclesie
1027 1496 1156 1563 Notarii
1184 1503 1217 1563 et
1237 1494 1509 1581 vicecancellarii

382 1603 438 1669 111.
455 1601 528 1668 idus
553 1600 654 1686 lunii,
679 1601 933 1671 Indictionelll.
959 1606 1199 1671 Incaruationis
1224 1605 1395 1672 Dominioe
1423 1625 1510 1669 anno

380 1711 422 1778 M.
434 1708 496 1776 00.
509 1711 577 1776 LX.
585 1762 595 1795 ,
620 1709 831 1780 Pontificatus
858 1735 933 1782 vero
959 1713 1082 1780 domiui
1109 1712 1288 1781 Alexandri
1314 1715 1408 1800 Pape
1435 1713 1509 1778 llll.

380 1841 488 1888 annno
506 1825 608 1888 sexto.

382 2001 520 2069 (Tlrsiusr,
531 2002 632 2054 Vetera
641 2002 819 2056 Monuments
827 2004 969 2056 Slurorum
980 2005 1235 2057 lter-idiousliumV.
1246 2005 1271 2054 lr.
1281 2005 1324 2056 te.
1335 2003 1391 2055 1.-
1406 2003 1511 2058 Furlati

704 2092 843 2159 Illyricum
857 2095 968 2148 Sacrum
981 2095 1014 2147 V.
1029 2095 1084 2148 kct.
1097 2096 1140 2148 ts.
1155 2093 1184 2160 l.)

903 2849 981 2918 376.

384 3031 466 3096 Zeno
489 3031 603 3097 Renier
625 3030 769 3096 celeoczea'
783 3029 923 3116 dcqeonk
941 3035 1181 3119 priuilepinota,
1206 3035 1347 3120 tnelplyel
1369 3057 1390 3098 α
1406 3033 1513 3098 Fran·

429 3139 529 3224 pepdu
546 3138 685 3202 csolddot
702 3137 796 3225 Veqlc
813 3139 961 3224 sziqetnek
976 3141 1157 3207 birtoldban
1173 3143 1353 3229 raepedsr'ti.
1370 3143 1469 3206 1260.

474 3332 512 3398 In
523 3329 644 3399 Christi
654 3335 783 3403 nomine
794 3337 908 3403 Amen.
919 3337 1023 3405 Decet
1032 3338 1166 3404 cuilibet
1178 3338 1419 3405 Dominationis
1431 3339 1514 3405 arbi-

384 3441 480 3507 trium
497 3442 649 3528 amplecti
665 3441 843 3510 liberaliter
860 3442 906 3534 (t)
923 3447 1096 3531 petitiones
1112 3449 1292 3515 rationibus
1309 3445 1515 3530 devotorum,

387 3549 1515 3642 eosprecipneadexauditionisgratiam,admittendaqnenonmiuus

386 3655 594 3740 regnantium
609 3659 734 3747 laudes,
752 3681 836 3746 qnae
852 3671 1006 3731 eteorum
1022 3663 1191 3732 commoda
1202 3667 1381 3733 ethonores
1399 3665 1515 3752 digno-

385 3769 526 3831 scuntur.
537 3765 622 3832 Hinc
637 3773 696 3854 est,
713 3770 801 3850 quod
817 3791 875 3836 nos
892 3773 1055 3857 Raynerio
1067 3773 1158 3841 (leno
1169 3773 1232 3838 Dei
1242 3773 1351 3857 gratia
1361 3773 1516 3840 Venetia·

384 3891 455 3938 rum
470 3873 697 3942 etDalmatiae
713 3881 810 3961 atque
820 3878 972 3947 Oroatiae
987 3883 1073 3967 Dux,
1089 3882 1248 3948 Dominus
1259 3885 1397 3966 quartae
1409 3881 1516 3966 partis

387 3986 419 4044 et
435 3978 567 4046 dimidie
580 3983 678 4052 totins
688 3983 820 4072 Imperii
838 3987 1028 4076 Romaniae
1053 4011 1124 4057 cum
1140 3991 1259 4058 nostris
1279 3985 1465 4070 tuditibus,
1485 3997 1516 4053 et

389 4086 598 4174 Sapientibns
606 4093 728 4158 nostris
742 4092 782 4159 de
796 4096 924 4182 Majori,
937 4105 969 4164 et
978 4099 1095 4164 Minori
1106 4109 1217 4166 nostro
1228 4095 1384 4181 Consilio,
1402 4105 1436 4162 et
1453 4095 1515 4162 col-

384 4192 573 4263 laudatione
580 4199 693 4285 populi
704 4203 737 4268 in
748 4203 878 4288 publica
889 4209 1056 4294 concione5
1070 4207 1271 4276 attendentes
1277 4227 1394 4294 puram
1406 4207 1513 4289 fidem,

385 4308 418 4369 et
428 4310 550 4370 rectam
560 4303 879 4398 devotionem,qnam
890 4318 1016 4403 egregii
1026 4318 1087 4384 viri
1098 4319 1252 4405 loannes,
1261 4319 1379 4402 (tuido,
1389 4327 1421 4387 et
1432 4321 1516 4386 Hen-

388 4411 484 4496 ricus,
502 4412 580 4478 olim
591 4412 733 4486 Comites
747 4421 881 4508 Veglae,
899 4443 939 4489 ac
951 4425 1092 4511 ipsorum
1108 4427 1380 4512 praedecessores
1396 4427 1512 4495 adnos

386 4523 422 4584 et
433 4519 699 4601 praedecessores
712 4535 840 4594 nostros
858 4549 896 4594 ac
912 4529 1054 4598 Oomune
1064 4535 1274 4605 venetiarum
1288 4537 1447 4608 hactenns
1458 4539 1514 4606 ha-

387 4625 544 4710 buerunt;
561 4629 705 4713 ipsorum
722 4631 879 4702 Comitum
896 4639 1021 4706 meritis
1038 4639 1253 4730 inspiciendo,
1271 4653 1303 4712 et
1319 4645 1515 4716 benevolen-
