3210 5194
856 353 1013 456 -1-6-0-

373 547 615 634 posscssionem
632 548 901 634 predecessorum
925 551 1070 635 ipsorum
1086 550 1316 618 hereditariam
1332 549 1505 636 prefuisse,

371 663 404 722 et
420 655 636 722 instrumenta
652 655 808 722 litteralia
824 676 923 742 super
938 658 1013 742 ipsa
1029 660 1239 744 possessione
1255 665 1411 724 emanata
1426 658 1506 724 arni-

371 763 457 829 sissc
473 761 693 847 affirmabant,
713 772 808 848 prout
824 765 928 831 ceiam
944 769 986 832 ab
1007 765 1156 831 omnibus
1173 763 1405 832 commetaneis
1421 764 1506 831 eius-

371 870 447 936 dem
473 871 693 957 possessionis
708 871 959 957 circumquaque
978 873 1192 940 existentibus
1208 875 1298 939 iuxta
1314 872 1505 939 fidelitatem

370 980 516 1064 ipsorum
540 979 635 1045 nobis
661 977 806 1045 debitam
832 981 892 1046 heo
916 979 986 1047 fore
1010 981 1223 1064 reseiuimus,
1258 981 1430 1046 restituere
1456 977 1503 1045 di·

375 1105 560 1170 gnaremur.
577 1087 646 1153 Nos
657 1086 819 1171 siquidem
829 1087 924 1154 iustis
934 1095 967 1155 et
982 1090 1136 1172 legitimis
1154 1087 1419 1173 admissioneqne
1430 1107 1504 1153 con·

369 1195 479 1279 dignis
505 1193 722 1281 peticionibus
749 1206 780 1261 et
796 1194 966 1281 mouneijs
982 1217 1021 1263 ae
1041 1199 1338 1283 supplicacionibus
1353 1197 1501 1282 ipsorum

368 1303 546 1385 Samsonis,
573 1303 706 1386 Georgi,
733 1302 811 1367 Wlk
827 1310 860 1368 et
875 1303 1033 1386 Wlohete,
1051 1324 1111 1389 per
1125 1325 1263 1387 quorum
1280 1307 1383 1372 eciam
1400 1303 1503 1369 serui-

369 1410 420 1478 cia
446 1409 558 1477 fidelia
581 1409 674 1476 nobis
700 1414 732 1475 et
757 1407 933 1477 Colomcno
959 1411 1043 1477 Duci
1070 1411 1163 1477 fratri
1188 1420 1299 1478 nostro
1323 1411 1500 1478 karissimo

370 1527 467 1602 grate
483 1524 516 1583 et
530 1515 708 1600 laudanda,
720 1535 872 1602 suprema
881 1517 1099 1585 sollieitudine
1109 1538 1168 1603 per
1178 1520 1268 1605 ipsos
1281 1517 1436 1600 exhibita,
1447 1539 1502 1584 no

367 1633 435 1691 ster
451 1624 573 1708 Regius
590 1626 718 1690 animus
736 1625 904 1691 mitissime
924 1625 1118 1711 conquieuit,
1145 1625 1258 1694 fauore
1275 1626 1384 1694 debito
1408 1626 1502 1692 incli-

365 1735 445 1815 nati,
473 1740 505 1799 et
520 1733 672 1820 precipue
688 1732 732 1798 ad
748 1732 940 1818 peticionem
967 1733 1113 1800 eiusdem
1128 1732 1298 1802 Oolomeni
1314 1734 1417 1800 Ducis
1436 1733 1501 1798 fra-

366 1829 429 1905 tris
458 1841 561 1907 nostri
585 1841 771 1918 karissimi,
804 1840 981 1926 predictam
1016 1843 1259 1927 possessionem
1292 1841 1500 1927 Superiorem

365 1945 496 2015 Zdenoh
513 1957 672 2036 noceam,
689 1968 761 2014 eum
778 1948 929 2016 omnibus
944 1949 1011 2017 suis
1028 1949 1235 2034 utilitatibus,
1258 1949 1385 2017 scilicet
1400 1949 1499 2014 terris

368 2055 559 2138 arabilibus,
577 2058 677 2140 egris,
693 2056 805 2141 pratis,
822 2055 989 2139 fenilibus,
1013 2055 1209 2132 nemoribus,
1226 2063 1259 2122 et
1275 2057 1350 2140 alijs
1367 2054 1500 2140 quibus·

364 2161 445 2228 libet
470 2163 512 2228 ad
537 2162 675 2229 eandem
700 2162 933 2249 pertineneijs,
956 2164 1017 2229 sub
1045 2164 1139 2230 metis
1165 2171 1198 2230 et
1222 2164 1368 2231 terminis
1392 2163 1497 2229 inira-

363 2271 503 2357 soriptis,
519 2270 675 2336 indicium
699 2279 811 2338 nostre
826 2271 946 2353 gracie,
964 2270 1152 2338 dileccionis
1173 2270 1296 2356 pariter
1311 2275 1344 2336 et
1359 2269 1495 2352 fauoris,

366 2377 515 2465 ampliori
541 2376 655 2444 fauore
677 2377 780 2463 Regie
796 2377 1010 2461 benignitatis
1035 2378 1178 2463 ipsorum
1195 2377 1349 2444 uirtuosis
1365 2377 1497 2443 actibus

363 2492 396 2552 et
411 2485 638 2568 obsequiorum
655 2483 777 2550 meritis
795 2485 946 2567 gratuitis
973 2485 1180 2570 exigentibus
1195 2484 1229 2550 in
1246 2491 1344 2550 antea
1359 2481 1495 2550 eosdem

362 2592 515 2677 prosequi
542 2592 742 2659 intendimus
766 2599 798 2659 et
821 2592 985 2678 amplecti,
1007 2593 1210 2660 continentes
1227 2599 1259 2660 et
1279 2591 1495 2676 designantes

363 2699 487 2765 eisdem
509 2701 657 2784 Samson,
674 2699 827 2784 Georgio,
851 2699 928 2766 Wlk
945 2707 978 2767 et
993 2700 1140 2767 chbete
1155 2700 1234 2784 filijs
1251 2700 1293 2766 de
1308 2699 1493 2781 Deuecber‚

361 2813 394 2871 et
409 2826 468 2892 per
483 2807 573 2893 ipsos
598 2808 742 2892 ipsorum
768 2806 942 2873 heredibus
967 2806 1037 2873 iure
1056 2814 1215 2893 perpetuo
1232 2805 1417 2872 habendam
1433 2825 1494 2891 pa·

359 2911 439 2978 riter
454 2920 487 2979 et
501 2911 733 2997 possidendam
753 2912 905 2980 duximus
931 2911 1172 2978 concedendam
1188 2931 1228 2977 ao
1243 2909 1493 2978 restituendam.

360 3018 459 3085 (iuius
485 3020 614 3103 quidem
639 3019 786 3105 predicte
800 3018 1029 3104 possessionis,
1050 3028 1147 3105 prout
1162 3018 1304 3085 uidimus
1320 3019 1355 3083 in
1366 3017 1492 3116 litteris

363 3125 507 3212 Capituli
517 3126 738 3209 Chazmensis,
749 3131 834 3192 mete
845 3132 950 3192 erecte
959 3126 1006 3191 sie
1022 3126 1260 3208 dishnguntur:
1276 3124 1492 3212 Quodprima

360 3243 448 3302 meta
462 3235 577 3322 incipit
588 3235 622 3301 in
638 3233 778 3318 quodam
794 3232 895 3316 riwlo,
923 3231 978 3298 ubi
993 3232 1066 3319 ipse
1085 3233 1195 3300 riwlus
1212 3233 1303 3300 cadit
1316 3233 1350 3298 in
1366 3251 1490 3318 aquam

357 3341 509 3407 Endench
536 3347 685 3409 uocatam
709 3340 800 3406 iuxta
824 3340 1064 3425 possessionem
1082 3341 1232 3426 Magistri
1251 3342 1344 3424 Moys
1360 3337 1489 3406 ludiois

357 3447 454 3514 Curie
468 3454 579 3514 nostre
603 3447 792 3514 Interiorem
816 3448 948 3513 Zdench
974 3457 1123 3514 uocatam
1139 3468 1161 3513 a
1180 3457 1272 3533 parte
1297 3446 1488 3530 occidentis,

358 3565 390 3621 et
414 3574 473 3638 per
498 3555 635 3621 eundem
660 3555 798 3622 riuulum
815 3555 961 3641 procedit
984 3575 1084 3642 supra
1099 3556 1144 3621 ad
1158 3554 1435 3641 septemtrionem,
1454 3566 1488 3621 et

356 3665 505 3748 peruenit
519 3665 564 3729 ad
578 3663 709 3730 fluuium
725 3663 911 3730 Melichnek
932 3670 1161 3750 aucupatum,
1180 3672 1213 3729 et
1227 3663 1334 3748 ipsum
1350 3663 1487 3728 fluuium

353 3770 528 3856 prosiliens
545 3773 693 3858 peruenit
709 3773 751 3838 ad
768 3772 915 3838 arborem
936 3786 1077 3858 percipere
1093 3791 1187 3838 eruce
1202 3771 1368 3855 signatam
1384 3777 1486 3836 meta·

354 3897 417 3962 que
433 3889 538 3946 terrea
553 3880 799 3962 circumfusam
826 3881 946 3946 abhinc
968 3880 1114 3966 procedit
1128 3880 1221 3946 iuxta
1236 3885 1342 3946 metas
1354 3897 1485 3964 posses·

353 3988 453 4054 sionis
478 3989 615 4075 predicti
632 3989 781 4072 Magistri
800 3990 903 4072 bloys,
933 3994 966 4054 et
980 3989 1130 4073 peruenit
1145 3987 1188 4053 ad
1205 3996 1304 4072 caput
1319 3987 1411 4071 fluuij
1427 4009 1484 4056 no·

352 4095 440 4160 mine
454 4097 603 4178 Raduan,
622 4101 655 4160 et
670 4114 728 4181 per
743 4095 849 4179 ipsum
866 4094 999 4161 fluuium
1010 4094 1157 4179 procedit
1172 4093 1258 4160 inira
1273 4113 1389 4160 uersus
1400 4095 1484 4162 oeci-

352 4201 480 4268 dentem
508 4204 552 4269 ad
575 4222 695 4287 aquam
721 4199 863 4267 Obazma
880 4239 918 4250 -
937 4237 981 4250 -
998 4237 1042 4250 -
1059 4220 1175 4287 -per
1198 4200 1336 4267 eandem
1360 4219 1484 4282 aquam

351 4311 487 4376 uertitur
495 4331 595 4396 supra
605 4309 649 4376 ad
661 4320 784 4394 partem
797 4310 932 4376 orientis
943 4343 1095 4356 ---
1106 4307 1362 4393 caputeiusdem
1374 4327 1481 4392 aque3

350 4417 469 4484 abhinc
485 4421 552 4485 exit
567 4425 600 4486 et
614 4418 759 4504 procedit
778 4436 879 4503 supra
897 4451 1180 4464 -----
1194 4415 1414 4501 possessionis
1437 4415 1483 4482 ad

351 4525 508 4592 celarium
522 4531 634 4592 nostre
642 4523 824 4591 blaiestetis
847 4561 885 4572 —
904 4559 949 4570 -
967 4561 1006 4572 -
1025 4559 1069 4570 -—
1086 4529 1209 4607 uocate,
1229 4528 1261 4589 et
1275 4521 1426 4608 peruenit
1437 4520 1483 4587 ad

350 4640 449 4715 eaput
464 4633 568 4697 minor
584 4669 623 4680 -
644 4667 682 4678 -
702 4667 743 4678 -
762 4630 827 4714 ati,
853 4630 928 4696 inde
953 4649 1012 4715 per
1027 4628 1164 4696 eundem
1181 4629 1314 4695 fluuium
1330 4628 1484 4714 procedit
