3210 5194
899 299 943 366 66

847 391 1003 404 ...---,..

359 502 470 588 gracie
483 504 529 569 Μο
538 501 603 569 CC⁰
614 500 723 567 XXX⁰
733 499 821 564 VIII.
847 493 1046 562 Venerabile
1071 499 1165 578 putre
1190 495 1302 559 nostro
1318 487 1490 556 Bartholo-

359 633 430 681 meo
446 612 620 700 Episcopo,
638 606 804 677 Cazmerio
820 603 1004 691 Preposito,
1020 601 1170 670 Jolranne
1187 599 1339 682 Contere,
1356 595 1486 664 Mathia

360 719 500 786 Custode
516 715 740 786 existentibus.

360 897 395 964 (Δ
407 897 555 967 vesnprdmi
569 896 756 967 ktptnlannak
772 897 803 948 ta
812 895 884 946 ru-ti
896 887 1052 951 astruuntur,
1070 890 1142 955 moly
1154 887 1212 940 lrelt
1226 890 1270 953 „in
1282 887 1352 939 festo
1365 887 1397 939 B.
1410 886 1488 952 Dyn-

359 991 422 1056 nisij
437 990 573 1044 martiris“
586 987 670 1053 Laios
683 983 772 1052 kirtly
785 984 895 1049 „Budas
908 985 992 1034 toreio
1007 979 1050 1031 die
1063 979 1126 1030 festi
1138 979 1168 1029 B.
1182 977 1274 1046 ngimj
1289 978 1404 1030 Abbatis
1417 992 1436 1030 a
1448 978 1489 1028 D.

362 1081 458 1131 1346.“
469 1081 575 1132 kiadott
584 1079 721 1130 lrsrestetd'
731 1071 896 1144 paranoslra
907 1069 1268 1138 ‚,vlrMagnilieusNieoleus
1278 1067 1490 1133 filiusstophani

361 1169 497 1236 quondum
509 1169 600 1221 Barrus
612 1169 702 1219 tonius
712 1165 856 1218 Selevonie
869 1169 897 1216 et
906 1161 1057 1216 Croaehie“
1070 1155 1196 1211 strenuus
1205 1155 1320 1228 lrdszttlt,
1332 1172 1349 1208 a
1362 1156 1446 1208 budai
1456 1155 1494 1206 lr.

762 1253 887 1305 kamarai
896 1247 1086 1316 lerdlttrban.)

794 1551 1056 1566 ...q-..n———n——u

899 2054 956 2122 lo.

363 2240 385 2304 1
389 2239 422 2310 V.
439 2237 521 2304 Belo
537 2235 645 2323 kirdly
669 2258 708 2302 aa
722 2234 905 2322 mztmqami
919 2231 1071 2320 eyyhdrat
1085 2232 1152 2319 Sey
1167 2233 1199 2297 6⁸
1215 2231 1302 2296 Elea
1323 2231 1406 2296 nevil
1420 2227 1494 2316 [δί-

557 2345 677 2410 dskuek
692 2343 881 2410 Mmokdbaa
895 2341 983 2430 ujbdl
997 2341 1184 2428 msqerdrtti.
1199 2341 1296 2406 1239.

471 2541 553 2609 Bela
567 2540 630 2607 Dei
654 2540 769 2625 grania
792 2537 970 2622 Hungarie‚
996 2535 1175 2622 Dalmaeie,
1202 2534 1348 2620 Croaoie,
1376 2535 1492 2618 Reme,

365 2646 488 2732 Seruis,
514 2645 653 2715 Callieie
678 2647 899 2732 Cumanieque
926 2647 994 2712 Rex
1019 2643 1168 2712 omnibus
1191 2642 1311 2710 Christi
1336 2640 1491 2709 fidelibus

365 2760 532 2840 presentes
557 2757 682 2823 litteras
708 2753 912 2840 inspecturis,
936 2751 1074 2818 salutem
1090 2750 1123 2817 in
1139 2771 1218 2817 vero
1241 2750 1383 2819 omnium
1401 2750 1490 2816 salu-

364 2864 437 2929 tari.
456 2863 507 2930 Ad
523 2864 676 2932 noticiam
693 2862 926 2944 uniuersorum,
952 2866 1020 2927 tam
1037 2859 1271 2944 modemornm,
1292 2879 1392 2942 quam
1407 2858 1492 2925 futu·

364 2991 484 3056 rorum,
511 2971 624 3038 harum
640 2971 724 3038 serie
741 2969 890 3038 uolumus
906 2966 1088 3056 peruenire,
1113 2967 1201 3052 quod
1217 2987 1290 3035 enm
1305 2967 1427 3033 Diuina
1442 2966 1490 3035 sa·

365 3087 462 3147 nente
478 3081 590 3165 grania
605 3101 663 3168 per
689 3079 929 3148 suueessionem
951 3067 1123 3164 paternam
1138 3077 1243 3162 Regni
1269 3078 1427 3164 regimine
1444 3075 1491 3143 ad

364 3208 426 3256 nos
441 3188 607 3275 deuolute,
623 3189 806 3275 superfluas
823 3192 855 3254 et
874 3186 1006 3253 illieitas
1020 3184 1217 3253 donaciones
1233 3186 1491 3272 perpetuitatem

364 3315 608 3382 reuocaremus;
636 3295 714 3381 quia
738 3293 920 3362 Euelesiam
940 3291 1196 3377 Strigoniensem
1219 3293 1252 3360 in
1267 3293 1428 3380 omnibns,
1456 3292 1493 3358 in

368 3401 485 3484 quibus
500 3423 684 3488 possumus,
701 3401 839 3486 diligere
854 3400 1063 3484 intendimus,
1080 3399 1163 3465 duas
1179 3406 1284 3466 terras
1300 3398 1417 3488 Castri,
1433 3421 1495 3468 no·

366 3507 452 3572 mine
477 3507 545 3592 Sag
571 3514 603 3574 et
627 3505 730 3592 Ebed,
758 3527 839 3590 quas
856 3507 909 3592 pie
934 3503 1087 3573 memorie
1105 3505 1255 3574 Andreas
1279 3508 1369 3591 Rex,
1396 3515 1495 3594 pater

366 3622 486 3698 noster,
505 3621 603 3683 antea
617 3613 746 3701 prefate
760 3615 907 3681 Eeolesie
924 3616 1113 3698 eontulerat,
1139 3636 1199 3682 nos
1215 3615 1347 3700 cognita
1366 3616 1494 3701 quanti·

367 3727 435 3788 tate
455 3727 487 3788 et
502 3722 661 3806 qualitate
677 3721 816 3806 illarum,
834 3743 892 3807 per
907 3724 1029 3788 Lunam
1046 3721 1204 3790 Comitem
1219 3720 1261 3788 de
1276 3723 1397 3809 anth,
1414 3723 1493 3790 tide·

366 3832 430 3897 lem
446 3839 601 3914 nostrum,
616 3830 736 3898 dietam
751 3836 871 3898 terram
887 3833 965 3916 Sag,
982 3831 1026 3898 ad
1042 3831 1192 3898 Castrum
1209 3831 1496 3919 Hunthpertinen·

365 3947 442 4024 tem,
467 3957 529 4022 que
545 3945 655 4022 potest
678 3939 827 4006 sustinere
843 3941 914 4006 usui
938 3940 1075 4008 duorum
1097 3948 1280 4008 aratrorum
1297 3948 1329 4008 et
1352 3940 1495 4026 dimidij,

366 4055 399 4113 et
423 4044 529 4112 looum
554 4046 729 4113 molendini
755 4067 853 4133 snper
878 4067 997 4132 aquam
1013 4047 1110 4134 Ypul,
1127 4053 1159 4115 et
1183 4048 1345 4136 senetum3
1370 4055 1495 4116 terram

365 4172 445 4221 uero
470 4152 561 4219 Ebed
586 4154 794 4240 antedictum,
822 4157 865 4222 ad
895 4156 1045 4223 Castrum
1072 4157 1242 4240 Golgoueh
1266 4158 1494 4244 pertinentem,
1521 4223 1532 4236 ,

365 4261 409 4326 ad
424 4267 495 4329 ooto
520 4269 632 4329 aratra
657 4262 880 4346 sufficientem,
907 4284 980 4331 enm
1005 4270 1077 4332 octo
1101 4264 1325 4332 mansionibus
1350 4273 1496 4334 castren-

335 4429 339 4434 .
365 4367 449 4434 sium
474 4367 593 4436 ibidem
614 4371 838 4456 existeneium,
862 4390 944 4454 qnos
959 4370 1075 4438 eodem
1091 4372 1229 4439 serrieio
1246 4372 1393 4440 lleelesie
1414 4373 1496 4440 Stri-

365 4475 514 4556 goniensi
541 4477 642 4544 teneri
669 4477 907 4564 dopuuuimus,
934 4498 997 4561 quo
1016 4477 1131 4546 Castro
1157 4480 1353 4548 tenebantur
1377 4500 1496 4566 supra-

363 4581 468 4668 diet03
495 4584 542 4650 ita
557 4591 678 4670 tamen,
695 4585 782 4668 quod
798 4584 912 4652 eadem
928 4586 1079 4654 lloelesia
1096 4607 1152 4656 eos
1171 4588 1342 4678 uendendi,
1360 4603 1419 4656 seu
1436 4589 1498 4656 do-
