3168 5186
855 352 1013 458 -4—18-

372 554 492 642 sigillo,
519 551 823 636 venerabiliumque
851 527 980 639 petrum
1006 549 1266 638 supradictorum
1280 552 1317 617 F.
1334 550 1492 636 Arobiepi·

372 663 483 750 scopi,
513 669 547 730 et
570 663 607 728 P.
635 660 866 729 Gracouiensis
892 659 1047 748 Episcopi
1073 659 1192 746 sigillis
1217 657 1370 726 duximus
1397 659 1492 725 muni·
1563 717 1565 721 .

371 771 499 839 endum.

374 933 515 1000 (Eredetie
528 928 705 999 bb'rhdrtydn,
727 932 835 1000 molyen
847 929 941 984 hirom
956 931 1048 999 pecsdt
1066 931 1240 1000 νῦνὸς-θίγῃ
1258 932 1382 984 asindron
1401 931 1496 995 lugon,

475 1023 508 1077 de
521 1038 538 1074 a
550 1021 669 1088 kozlpsd
681 1018 739 1073 mir
753 1021 893 1090 elveszett,
912 1039 929 1074 a
941 1021 1039 1075 krakdi
1050 1021 1182 1112 liptalan
1195 1018 1400 1085 lordltdrdban.)

812 1307 1065 1320 ..........--.—-

896 1789 975 1857 298.

377 1970 399 2034 I
405 1969 438 2035 V.
454 1971 534 2036 Belo
549 1971 654 2057 Rrolp
674 1970 762 2035 Peter
776 1971 864 2034 boati
885 1969 1148 2055 odrp'obbdpynnk‚
1172 1970 1253 2034 oislr'
1269 1967 1504 2033 reszbe'rtoln'ert

376 2101 454 2143 come
469 2079 591 2164 fejo'ben
607 2103 627 2144 a
641 2079 729 2143 horati
752 2079 867 2143 odrboz
892 2079 1013 2142 tnrtozd
1036 2077 1105 2163 Sa'y
1121 2077 1255 2163 stildnelr
1271 2077 1351 2162 fele't
1374 2076 1502 2140 adomni-

820 2209 948 2272 nyozza.
966 2183 1063 2250 1256.

484 2381 567 2449 Bela
588 2382 650 2450 Dei
674 2381 789 2466 gracia
813 2380 989 2465 Hungarie,
1016 2380 1196 2466 Dalmacie,
1222 2377 1367 2463 Oroaoie,
1391 2381 1502 2462 Reme

377 2491 501 2575 Sernie,
519 2489 668 2576 Gallicis,
685 2489 879 2559 Lodomerie
895 2489 1116 2575 (inmaniaque
1127 2491 1197 2556 Rex
1212 2488 1373 2555 uniuersis
1384 2485 1505 2554 (lbristi

378 2597 527 2665 fidelibus
543 2604 725 2683 presentem
740 2598 896 2683 paginam
912 2595 1107 2683 inspecturis
1130 2597 1271 2663 salutem
1288 2602 1322 2662 et
1336 2615 1434 2664 omne
1451 2596 1504 2660 bo

378 2725 464 2774 num.
481 2705 615 2791 Regalis
631 2705 818 2790 benignitas
834 2723 915 2788 erga
930 2711 1051 2772 statum
1077 2705 1295 2772 subiectorum
1311 2705 1368 2790 pia
1383 2703 1503 2771 sollici-

378 2811 492 2880 tudine
507 2811 774 2899 promouendum‚
795 2832 924 2880 manum
942 2811 1110 2880 consueuit
1119 2812 1287 2898 porrigere
1300 2811 1503 2893 adiutricem,

379 2925 414 2988 nt
429 2918 566 2988 subiecti
581 2920 691 3004 quiete
707 2921 830 3006 uiuant,
857 2921 958 3006 Regio
974 2919 1167 2988 serenitatis
1186 2919 1300 3003 gracia
1323 2917 1505 2986 fomentati.

380 3026 522 3096 Proinde
549 3027 593 3094 ad
617 3027 843 3096 uniuersorum
870 3028 1045 3112 noticiam,
1077 3035 1144 3094 tam
1168 3026 1383 3112 presencium,
1409 3043 1507 3108 quam

261 3199 263 3204 ,
380 3136 562 3204 futurorum
577 3133 691 3202 barum
717 3136 942 3206 insinnaoione
958 3137 1107 3203 uolumus
1124 3135 1305 3222 peruenire,
1331 3132 1507 3218 quodcum

379 3263 440 3312 nos
457 3243 687 3329 petiuissemus
703 3264 723 3310 n
739 3245 833 3311 Petro
849 3245 918 3312 filio
935 3243 1125 3312 Mocbwrlsa
1141 3243 1181 3309 de
1190 3241 1308 3328 Wyslr,
1324 3241 1508 3325 jobagione

379 3352 487 3420 (lustri
512 3350 615 3418 nostri
640 3351 853 3437 Hnntbensis‚
879 3359 915 3418 ut
933 3351 1120 3443 porcionem
1145 3370 1237 3418 sunm
1262 3348 1508 3428 hereditariam,

379 3479 477 3543 quam
493 3457 593 3524 habet
609 3459 650 3526 de
665 3466 756 3527 terra
766 3459 870 3544 Wysls
886 3465 1013 3543 vocata,
1030 3459 1182 3526 videlicet
1197 3456 1367 3523 dimidiam
1376 3463 1507 3542 partem

378 3565 484 3633 tocius
498 3571 584 3632 terre
599 3565 717 3650 Wyslr‚
743 3566 785 3632 ab
803 3566 879 3652 alijs
898 3565 1047 3652 cognatis
1072 3564 1142 3632 anis
1161 3564 1298 3631 recisam
1317 3567 1351 3629 et
1369 3581 1508 3649 separa-

378 3682 457 3756 tum,
484 3672 529 3739 ad
543 3691 578 3739 se
602 3672 708 3739 solnm
732 3673 948 3758 pertinentem
971 3671 1006 3738 in
1022 3671 1185 3739 Comitatu
1201 3669 1394 3752 Honthensi,
1420 3669 1509 3735 eirea

378 3780 513 3847 fluuium
529 3779 601 3866 Ipol
626 3779 734 3863 sitam,
758 3778 853 3848 nobis
877 3778 971 3846 daret
997 3787 1029 3846 et
1045 3778 1206 3846 conferret
1230 3799 1289 3865 pro
1315 3777 1509 3846 concambio

378 3888 513 3956 alterins
529 3895 637 3973 terre;
661 3887 749 3955 idem
765 3890 880 3956 Petrus
896 3887 937 3955 de
953 3889 1040 3956 bona
1055 3907 1118 3955 sna
1141 3889 1309 3956 uoluntate
1324 3893 1358 3952 et
1371 3884 1510 3972 propria

377 3994 547 4079 fidelitate,
573 4015 632 4080 pro
648 4001 761 4063 nostra
776 3994 955 4063 dilecoione
973 4002 1006 4060 et
1021 3994 1063 4063 ob
1078 3995 1378 4062 remuneracionem
1397 3999 1510 4061 nostre

379 4101 500 4187 gracie,
517 4103 653 4189 cupiens
669 4103 861 4170 satisfacere
879 4104 983 4187 Regio
998 4102 1169 4188 uoluntati,
1192 4109 1226 4168 et
1235 4100 1435 4169 desiderans
1450 4100 1511 4165 im-

379 4210 524 4295 pendere
548 4210 668 4298 Regali
693 4210 819 4279 Corone
845 4210 1053 4294 fidelitatem
1082 4210 1243 4297 prelatum
1269 4228 1362 4276 suam
1387 4215 1509 4275 terram

378 4318 487 4403 Wyslr
503 4317 598 4385 nobis
614 4319 783 4404 concessit,
799 4319 948 4404 permisit
965 4327 998 4387 et
1014 4317 1104 4385 dedit
1118 4317 1359 4404 possidendam,
1383 4324 1418 4385 et
1433 4333 1509 4384 con-

381 4423 562 4510 ferendam,
588 4426 778 4513 cuicumque
804 4426 971 4512 uellemns,
996 4447 1069 4494 cnm
1085 4425 1234 4494 omnibus
1260 4425 1458 4496 utilitatibus
1475 4432 1510 4494 et

380 4534 593 4622 pertinenciis
617 4535 697 4621 suis,
721 4535 839 4619 quibus
863 4537 934 4622 ipse
960 4535 1160 4622 possidebat.
1186 4535 1228 4601 llt
1250 4533 1330 4619 qnia
1352 4536 1451 4603 nobis
1477 4543 1510 4602 et

378 4639 514 4710 Gorone
539 4647 664 4708 tantam
680 4642 758 4710 fecit
772 4643 973 4730 fidelitatem,
1001 4663 1061 4713 nos
1077 4663 1096 4711 e
1112 4661 1269 4712 conuerso
1291 4662 1352 4729 pro
1370 4661 1508 4710 concam
