3226 5194
844 235 997 337 2³2..

361 431 460 498 oessit
474 451 572 518 super
587 431 739 518 poroione
753 437 838 497 terre
854 430 957 518 ipsius
975 429 1108 500 Comitis
1121 428 1267 497 Parmani
1283 435 1317 496 et
1327 426 1487 512 Zounuk;

359 545 392 606 et
406 539 482 606 lieet
497 539 548 607 ius
564 543 757 625 patronatus
774 537 817 604 sit
833 538 880 604 eis
896 540 1076 604 eommunis
1092 536 1189 625 (lgy),
1206 543 1395 605 nontamen
1411 555 1482 622 pre-

358 644 443 714 diete
460 642 523 714 due
539 651 649 731 partes
673 644 799 732 possint
818 665 920 731 prope
936 645 1107 712 ecelesiam
1131 643 1354 713 mausiuoulas
1370 640 1483 711 bediti·

358 773 442 821 earo.
459 754 541 820 item
557 771 758 820 communem
783 750 870 818 uiam
887 753 929 819 ad
946 752 1118 820 eeclesiam
1142 753 1293 820 ueniendi
1308 752 1432 819 habeut
1448 750 1482 816 in

356 857 467 945 spaoio
483 859 543 925 XL
558 859 766 944 amplexuum
793 877 908 926 manus
925 879 988 927 vno
1004 859 1038 924 in
1063 857 1244 944 latitudine,
1270 859 1318 924 ita
1333 857 1424 944 quod
1448 859 1482 925 iu

355 967 468 1054 spaoio
484 965 587 1053 ipsius
604 966 680 1033 uille
696 967 787 1034 nulla
802 966 907 1053 possit
921 967 1069 1051 paroium
1085 965 1263 1033 hedificare
1281 966 1336 1031 uel
1352 964 1483 1051 aliquid

355 1073 417 1141 sibi
433 1075 617 1142 uendioare.
644 1076 686 1141 vt
702 1081 810 1142 autem
827 1075 887 1141 beo
903 1074 1021 1142 diuisio
1037 1075 1122 1140 inter
1144 1082 1254 1160 partes
1272 1074 1481 1159 prenomina-

354 1188 405 1248 tae
430 1183 523 1249 firma
546 1191 579 1250 et
594 1181 724 1248 stabilis
740 1188 937 1268 perseueret,
964 1181 1006 1248 ad
1022 1201 1135 1268 preors
1159 1181 1303 1268 ipsarum
1329 1179 1479 1268 parcium

352 1287 480 1356 litteras
494 1294 663 1375 presentes
688 1289 864 1376 alphabeto
882 1287 1057 1376 bipartitae
1073 1294 1105 1355 et
1121 1289 1224 1374 sigilli
1247 1287 1350 1356 nostri
1367 1287 1478 1355 muni-

352 1396 439 1464 mine
464 1397 635 1467 roboratas
667 1395 816 1464 duximus
841 1395 1070 1482 indulgendas.
1103 1395 1300 1464 Reuerendis
1328 1395 1478 1463 lleelesie

351 1508 460 1571 nostre
484 1503 640 1572 fratribus
665 1505 822 1588 Gregorio
848 1503 1028 1590 Proposito,
1046 1503 1189 1569 Abraam
1210 1504 1357 1588 Leotore‚
1383 1501 1477 1569 Gurlr

353 1609 502 1695 (lentore,
516 1611 620 1678 Paulo
637 1611 789 1692 Custode,
806 1617 839 1677 et
853 1611 970 1678 oeteris
980 1611 1050 1679 Deo
1067 1607 1185 1676 devote
1201 1608 1476 1677 ministrantibus.

349 1719 467 1786 letum
482 1739 566 1786 auno
586 1720 698 1803 graoie
713 1719 758 1786 M⁰
769 1715 834 1786 00⁰
844 1717 926 1784 LX0.

348 1913 488 1980 (Eredetie
500 1911 671 1982 bortlrryln,
684 1915 813 1982 molynsk
826 1913 1052 1981 birtyusinsgeu
1062 1914 1152 1981 fogere
1161 1910 1282 1981 peesbtjs
1297 1912 1444 1973 elresaett,
1457 1929 1475 1966 a

667 2005 749 2057 badar
760 2005 812 2057 kir.
821 2005 945 2058 banarei
957 2001 1145 2068 levtlttrbuu.)

769 2289 1036 2312 aur—-z-r--ss

853 2739 943 2814 '382

339 2921 370 2988 Α
387 2923 504 2990 volradi
517 2923 728 3012 kdptolarroalr
749 2925 1016 3012 biaonyscipleoele‚
1031 2923 1093 2992 Kb
1109 2925 1289 2992 Posse-nae
1312 2928 1467 3012 oe‘ps‘nte'z·

766 3033 926 3098 Ιεαᾶἐεόνὸὶ.
942 3035 1039 3099 1260.

444 3225 513 3295 Nos
540 3225 723 3310 Capitulum
739 3224 962 3294 waradiensis
987 3227 1134 3294 lleelesie
1159 3225 1309 3294 omuibus
1335 3224 1464 3294 Glrristi

337 3329 488 3400 fidelibus
504 3352 637 3420 presens
654 3333 810 3420 seriptum
826 3333 1020 3420 inspeoturis
1041 3335 1182 3402 salutem
1198 3334 1393 3402 inDomino.
1411 3333 1465 3400 Ad

336 3437 555 3507 vniuersorum
580 3447 646 3507 tam
662 3441 866 3527 presencium
893 3461 990 3526 quam
1006 3449 1209 3529 posterorum
1229 3439 1383 3510 notioiam
1404 3442 1462 3507 ba·

334 3563 403 3611 mm
419 3546 504 3612 serie
520 3548 668 3616 uolumus
677 3549 859 3635 peruenire,
877 3547 965 3632 quod
980 3551 1088 3616 Pousa
1103 3568 1225 3635 paruus
1237 3569 1346 3616 eoram
1362 3546 1463 3616 nobis

333 3651 552 3736 personaliter
575 3656 769 3724 constitutus
794 3657 975 3743 proposuit,
1001 3662 1036 3722 ut
1052 3657 1081 3724 si
1106 3663 1184 3724 nutu
1207 3655 1327 3724 Diuiuo
1352 3657 1463 3742 ipsum

334 3757 421 3826 uiam
447 3758 597 3829 uniuerso
621 3762 729 3829 earnis
755 3763 881 3848 ingredi
906 3762 1117 3847 contingeret,
1145 3762 1310 3847 quandam
1336 3767 1462 3830 terram

332 3866 498 3935 Isotelulre
522 3873 684 3954 uocatam,
710 3869 793 3937 inter
817 3878 921 3938 terras
937 3869 1170 3957 l'slretepotolr,
1189 3869 1349 3953 Erbeneh,
1375 3869 1460 3956 Lap,

330 3972 608 4060 Kuraobunlolua‚
634 3979 791 4043 Kereztur
816 3983 850 4042 et
865 3977 972 4062 Vruzy
999 3982 1134 4044 uooatas
1160 3975 1377 4060 adiacentem,
1397 3995 1460 4062 per

332 4073 452 4144 dietum
469 4079 555 4165 leon,
571 4088 608 4148 ut
625 4082 763 4166 dicebat,
782 4083 879 4169 'prius
895 4083 959 4149 sibi
975 4082 1096 4168 domm,
1123 4090 1156 4148 et
1170 4103 1230 4168 per
1254 4100 1460 4167 oonsequens

328 4202 387 4266 per
411 4185 556 4269 graoiam
572 4191 711 4274 Regiam
739 4191 902 4275 oollotam,
929 4197 962 4257 et
987 4189 1092 4257 eeiam
1120 4190 1355 4274 confirmatam,
1384 4209 1458 4256 oum

329 4288 456 4358 duabus
480 4295 618 4380 ancillis,
644 4297 769 4366 Blaene
784 4299 937 4366 videlieet
962 4304 995 4364 et
1011 4305 1116 4365 matre
1132 4296 1289 4382 eiusdem,
1315 4315 1376 4365 neo
1392 4319 1457 4366 non

326 4414 398 4461 oum
414 4419 477 4467 vno
494 4421 588 4470 seruo
604 4405 698 4471 llarlr
715 4412 831 4473 noento
848 4405 947 4472 fratre
963 4403 1051 4472 dioto
1067 4404 1198 4492 Blasna,
1215 4411 1248 4473 et
1263 4424 1336 4471 eum
1352 4407 1457 4472 omui·

327 4499 386 4567 bus
411 4505 577 4578 sobolibus
593 4510 635 4577 ab
661 4512 784 4582 eisdem
809 4511 1091 4597 desoeudentibus,
1117 4533 1174 4598 pro
1197 4511 1271 4580 dote
1296 4519 1329 4579 et
1353 4513 1457 4582 rebus
