3210 5194
645 347 798 445 ..Α

151 532 266 620 (lupen
282 535 356 620 lan,
377 545 410 602 et
424 543 540 622 postea
556 539 705 606 aseendit
721 540 765 606 ad
777 548 916 609 montem
932 565 1047 613 uersus
1063 547 1220 614 orientem
1236 550 1280 616 ad

13 669 14 672 ¹
144 641 322 710 frutectum
338 645 508 729 anellane3
527 653 560 711 et
575 646 652 712 inde
668 649 841 716 reuertitur
852 650 896 715 ad
912 653 1053 738 priorem
1069 663 1199 739 metam,
1217 658 1278 723 soi·

143 749 221 815 licet
230 749 353 836 Ocrog.
370 752 439 819 Nos
457 753 556 836 igitur
573 753 617 820 ad
633 757 828 841 peticionem
845 760 1012 844 utriusque
1027 764 1131 847 partis
1141 763 1176 830 in
1189 764 1280 830 testi-

144 856 291 926 monium
317 858 413 926 huius
429 861 476 926 rei
494 869 663 946 presentes
689 866 816 932 litteras
837 867 998 934 conscribi
1015 869 1161 953 lecimus,
1187 878 1219 937 et
1235 872 1278 937 si-

144 965 215 1048 gilli
231 967 339 1033 nostri
355 975 524 1035 caractere
540 970 816 1040 confirmanimus.
834 977 929 1040 Anno
945 977 1056 1059 gracie
1073 976 1119 1042 M⁰
1130 976 1195 1044 00⁰
1206 978 1278 1044 XL⁰

144 1073 256 1138 tercio.
274 1073 447 1142 Existente
457 1077 635 1142 venerabili
648 1079 865 1161 Zagrabiensi
882 1082 1045 1168 Episcopo
1056 1083 1100 1166 S,
1117 1084 1191 1150 Fila
1203 1086 1277 1151 Pre-

145 1178 266 1264 pesito,
283 1179 381 1247 Petro
391 1178 542 1263 (lentore,
560 1181 691 1249 Barano
702 1183 847 1268 Lectore,
865 1184 1024 1270 Gregorio
1035 1185 1187 1270 Custode,
1199 1189 1274 1256 Cor-

145 1283 231 1351 aelio
247 1286 397 1370 Decano,
416 1294 448 1353 et
464 1288 580 1356 setene
596 1289 751 1357 fratribus
773 1292 919 1360 eiusdem
936 1293 1091 1362 Ecclesie.

145 1481 271 1534 Eredstie
285 1481 460 1552 blirhlrtyan,
473 1487 585 1550 melyr'o'l
599 1501 615 1536 a
628 1485 818 1554 klptalannalr
829 1487 952 1556 pecsttjs
962 1489 1110 1545 verus-keu
1122 1492 1276 1557 selyemnsi·

356 1591 440 1626 noron
454 1575 528 1642 sugg,
543 1592 560 1626 a
574 1577 655 1628 bndai
670 1579 720 1628 kir.
735 1579 860 1629 kamarai
873 1575 1064 1645 leveltalrban.)

579 1873 843 1888 m

676 2391 753 2457 101.

263 2572 401 2656 spoleto
417 2573 448 2632 ea
467 2571 555 2634 Trou
570 2571 704 2635 cerosolo
719 2572 804 2634 lebeti
819 2576 855 2654 cij
870 2571 1036 2636 bekekb'tes.
1059 2575 1154 2640 1243.

254 2769 293 2834 In
309 2764 431 2832 Christi
456 2764 600 2832 nomine.
624 2765 720 2832 Anno
737 2766 981 2833 Inearnaeionis
1007 2767 1076 2833 eins
1102 2768 1275 2835 millesimo

146 2875 370 2943 ducentesimo
395 2871 650 2955 quadragesimo
675 2871 787 2954 tercio,
819 2872 1005 2940 Indiocione
1029 2875 1136 2959 prima
1166 2895 1276 2942 mense

146 2979 330 3068 Septembri
356 2979 410 3044 die
425 2979 483 3044 Xl.
504 2978 695 3044 introeunte.
721 2979 936 3065 Temporibus
962 2980 1084 3047 domini
1109 2981 1274 3066 Tregnani

147 3086 346 3156 uenerabilis
362 3084 528 3171 Episcopi,
546 3083 717 3169 Stepeonis
734 3084 877 3168 Comitis,
901 3085 987 3152 Petri
1004 3088 1045 3153 (le
1060 3089 1162 3168 Luca,
1179 3088 1275 3154 Pauli

146 3209 179 3266 et
202 3194 336 3264 Martini
360 3193 465 3276 Blasij
487 3191 637 3258 Judicnm
661 3191 931 3274 Traguriensium
959 3194 1082 3258 factum
1107 3199 1166 3259 est.
1194 3193 1274 3260 (luni

146 3309 228 3373 inter
244 3305 337 3369 ciues
352 3302 566 3387 Spalatenses
582 3307 614 3366 et
629 3300 866 3384 'lbagurienses
882 3321 923 3366 ex
939 3300 1064 3383 antiqui
1085 3300 1188 3368 hostis
1203 3321 1274 3388 per-

147 3412 301 3484 suasione
317 3407 428 3492 gravis
444 3405 562 3473 fnisset
578 3415 691 3472 exorta
705 3405 881 3490 discordia,
899 3408 957 3488 ita,
975 3416 1009 3474 ut
1024 3408 1107 3472 inter
1124 3412 1275 3493 abasque

147 3521 298 3590 ciuitates
314 3514 393 3583 belli
409 3515 475 3580 iarn
490 3513 602 3579 rabies
618 3515 749 3600 incepta
763 3514 804 3580 de
821 3515 873 3580 die
889 3516 922 3580 in
940 3515 1027 3581 dienr
1043 3514 1275 3584 miserabiliter

145 3624 517 3706 increscerevideretnr3
535 3621 608 3704 Ego
623 3621 724 3687 irater
735 3622 892 3688 Girardus
910 3623 950 3688 de
961 3624 1086 3689 Mutina
1102 3643 1144 3689 ex
1154 3623 1280 3710 Apulis

145 3739 298 3826 partibus
315 3731 560 3818 superveniens,
578 3749 644 3797 nna
660 3749 732 3795 cnm
748 3729 850 3796 fratre
861 3731 962 3798 Panlo
980 3739 1012 3798 et
1027 3730 1130 3798 fratre
1143 3731 1275 3798 Andrea

145 3846 368 3932 predictarum
393 3839 566 3906 ciuitatum
591 3838 833 3922 compacientes
858 3836 1044 3918 discrimini,
1070 3837 1103 3902 in
1120 3857 1274 3920 magnam

145 3950 254 4022 cordis
281 3948 492 4015 effeccionem
523 3945 671 4011 succensi
694 3945 825 4030 fuimns,
852 3953 919 4011 tam
944 3945 1062 4028 nelarij
1090 3943 1170 4009 belli
1191 3943 1274 4007 inter·

144 4060 265 4127 fratres
292 4063 324 4122 et
338 4057 541 4141 propinquos
567 4052 752 4120 incendium
777 4053 896 4120 Dinino
923 4052 1124 4134 suffragante
1152 4047 1274 4116 auxilio

144 4167 347 4251 extinguere,
365 4171 398 4230 et
407 4169 517 4248 partes
532 4162 567 4226 in
578 4163 671 4246 pacis
684 4168 716 4226 et
729 4162 902 4228 concordie
912 4159 1076 4226 vinculum
1086 4155 1273 4223 reformare.

144 4271 294 4340 Tandem
308 4273 343 4338 in
367 4270 499 4340 nomine
514 4269 648 4336 Domini
669 4269 815 4355 cepimus
839 4268 924 4334 inter
939 4267 1029 4352 ipsos
1045 4262 1086 4329 de
1102 4281 1185 4348 pace
1210 4270 1272 4327 tra-

145 4388 244 4464 ctare,
271 4385 304 4445 et
327 4378 375 4444 ita
389 4377 484 4443 nobis
513 4375 628 4462 gracia
643 4375 768 4442 Dinina
791 4373 905 4452 affluit,
932 4378 967 4438 ut
983 4369 1080 4435 ambe
1106 4371 1216 4455 partes
1233 4367 1274 4432 de

144 4487 233 4554 laeili
248 4485 285 4551 in
300 4491 448 4552 nostrum
472 4482 645 4550 arbitrium
665 4477 970 4566 compromitterent,
997 4473 1226 4562 promittentes
1243 4483 1275 4538 et

145 4594 329 4679 obligantes
355 4609 392 4658 se
408 4597 496 4658 stare
513 4588 555 4655 ad
573 4591 692 4675 omnia,
719 4606 783 4678 que
798 4604 858 4652 nos
874 4603 931 4671 pro
947 4584 1032 4650 bono
1058 4578 1150 4666 pacis
1176 4580 1275 4646 velle-
