3210 5194
613 325 676 392 109

566 413 724 427 ss

96 529 175 594 iuxta
190 533 294 592 metas
310 523 492 590 destructas
509 541 568 608 per
583 519 722 589 eundem
739 509 901 587 hominem
923 527 1066 589 nostrum
1082 522 1206 589 eleuari

96 634 248 702 iacientes.
266 629 413 710 Quarum
424 634 581 695 metarum
592 647 765 714 processus
776 627 852 693 talis
862 636 921 712 est,
934 628 1109 695 secundnm
1119 629 1206 712 quod

94 741 168 808 ilem
182 741 349 808 Emericns
364 738 462 805 homo
478 743 589 806 noster
605 736 666 803 sub
683 734 795 822 sigillo
810 735 952 804 Abbatis
971 735 1013 804 de
1030 737 1096 804 Jak
1111 738 1206 806 nobis

95 846 251 914 intimarit
268 846 381 912 Prima
396 849 484 911 meta
502 842 745 912 einsdcmterrc
761 841 874 928 incipit
889 843 981 910 iuxta
992 863 1111 928 aquam
1121 847 1207 913 Gun-

95 975 156 1040 gos‚
171 963 202 1020 et
218 953 313 1021 uadit
329 971 443 1019 uersas
461 949 648 1037 aquilonem
664 948 707 1016 ad
724 969 844 1035 aquam
859 953 929 1035 Sar,
956 956 989 1018 ct
1004 959 1054 1020 est
1071 959 1157 1020 meta
1173 954 1206 1019 in

96 1063 213 1148 Sormv3
229 1061 354 1129 deinde
370 1079 429 1147 per
446 1059 534 1126 niam
551 1059 723 1126 herbosam
739 1059 804 1126 itur
818 1058 861 1126 ad
880 1066 1016 1127 stratam
1030 1062 1128 1148 viam,
1144 1083 1206 1147 qne

96 1169 171 1236 (lucit
185 1167 227 1236 ad
243 1168 432 1251 Sabatinus,
450 1174 482 1234 et
498 1167 544 1232 ihi
560 1174 635 1233 sunt
651 1166 715 1233 due
730 1174 834 1252 mete;
860 1167 980 1234 abhinc
995 1188 1055 1254 per
1069 1168 1207 1237 eandem

96 1277 169 1344 uam
191 1279 369 1344 herbosam
394 1275 542 1361 procedit
567 1275 611 1340 ad
627 1273 754 1359 siluam,
781 1281 813 1342 et
837 1274 960 1344 directe
985 1295 1044 1363 per
1069 1277 1206 1344 eandem

96 1387 169 1452 niam
185 1384 362 1451 herbosam
378 1382 497 1449 transit
512 1382 554 1448 ad
571 1401 724 1468 magnam
740 1383 837 1466 mam,
854 1402 917 1467 que
929 1384 1017 1450 ducit
1034 1384 1077 1450 ad
1094 1385 1206 1450 uillam

96 1495 173 1578 ch
190 1499 222 1558 et
232 1491 281 1557 ihi
299 1496 456 1557 sentires
473 1498 577 1575 mete;
594 1498 627 1557 et
643 1509 744 1574 usque
754 1511 882 1576 semper
895 1493 999 1558 tenuit
1014 1498 1118 1559 metas
1135 1513 1207 1558 curn

96 1600 208 1686 popnlis
233 1599 438 1684 prefatorum
463 1597 624 1664 Comitum
649 1597 735 1664 Pons
755 1602 787 1662 et
813 1599 898 1681 Bas;
925 1597 1043 1664 deinde
1066 1600 1207 1666 tenendo

96 1715 186 1774 metas
210 1727 287 1773 cnm
315 1704 396 1772 villa
412 1707 503 1791 Wep,
532 1705 643 1772 ueniet
666 1724 780 1771 uersus
805 1705 961 1772 orientem
987 1727 1045 1792 per
1071 1707 1208 1774 eandem

95 1814 179 1898 uiam,
196 1821 229 1880 ct
244 1816 327 1880 sunl
350 1817 436 1878 mete
454 1812 518 1878 due
542 1813 575 1878 in
603 1811 709 1896 biuio;
724 1813 802 1879 inde
819 1833 896 1879 uero
912 1833 970 1900 per
994 1813 1079 1880 uiam
1098 1815 1208 1883 herbo·

94 1940 154 1987 sam
176 1922 319 1988 flectitur
335 1918 379 1986 ad
406 1920 573 1986 meridiem
599 1941 657 2007 per
672 1927 789 2004 metas,
815 1929 847 1987 et
872 1919 986 1986 incidit
1010 1922 1044 1988 in
1061 1923 1210 1988 Gorneas-

90 2032 203 2113 porolu,
230 2049 292 2114 per
311 2047 410 2109 qnam
427 2029 537 2094 ueniet
563 2026 606 2092 ad
622 2048 740 2110 aquam
761 2028 907 2113 Grmgus,
933 2028 1044 2112 ibique
1060 2032 1209 2096 termina·

94 2145 148 2202 tur.
173 2139 214 2202 Vt
239 2136 346 2220 igitur
371 2136 472 2204 series
498 2136 593 2202 huius
618 2137 665 2202 rei
692 2135 785 2202 firma
810 2141 842 2200 et
857 2136 1078 2203 irrenocabilis
1104 2139 1209 2224 possit

94 2263 288 2328 permanere,
318 2243 425 2309 eidem
450 2243 601 2329 Capitulo
627 2243 751 2310 litteras
776 2249 904 2309 nostras
929 2245 1144 2312 concessimus
1170 2247 1208 2312 si·

94 2350 156 2434 gilli
170 2352 275 2418 nostri
294 2351 470 2418 munimine
487 2352 668 2418 roboratas.
687 2351 805 2417 Datum
822 2350 855 2417 in
871 2351 984 2435 predio
995 2361 1106 2419 nostro
1123 2352 1211 2439 apud

19 2475 20 2503 ὲ
94 2457 238 2524 Sanctum
259 2457 440 2524 Martinam
466 2457 498 2522 in
526 2455 640 2542 uigilia
666 2458 777 2524 Sancti
800 2457 924 2524 'l'home
941 2458 1098 2544 Apostoli,
1125 2479 1209 2525 anno

94 2563 214 2630 Domini
229 2565 278 2630 lr’
289 2562 355 2631 00ο
366 2565 447 2630 XL0.

157 2761 294 2828 (Ererletie
307 2759 475 2826 bhrhr'srtyan
488 2778 503 2813 a
517 2763 713 2830 seombathalyi
727 2760 914 2829 klptalannak
928 2762 1133 2830 levblta'rrbban.)

518 3049 774 3060 ψ...

621 3501 677 3572 cs.

95 3685 193 3754 Errdre
223 3685 475 3773 orradpbtrrluulc
499 3685 589 3750 cho
614 3683 734 3771 bolpceq
755 3683 896 3751 homroit
924 3687 1077 3775 tarppuao
1099 3688 1212 3756 itelclo.

602 3793 700 3859 1240.

191 3987 401 4058 wladislaus
417 3987 479 4057 stb.
496 3987 679 4055 Conuentni
696 3987 842 4055 Ecclesia
860 3986 901 4057 de
918 3988 1047 4057 Ghorna
1063 3997 1124 4057 etc.
1151 3989 1213 4061 No-

93 4100 207 4186 uerihs,
224 4095 317 4184 quod
331 4097 488 4166 Nicolaus
507 4097 549 4163 dc
559 4096 740 4163 Zelesthew
750 4118 809 4184 pro
818 4095 920 4166 nobili
930 4102 963 4163 et
976 4095 1138 4182 religiosis
1148 4100 1210 4170 ira-

93 4206 189 4275 tribns
198 4207 380 4276 Valentino
390 4205 518 4275 Abbate
528 4206 675 4274 Ecclesia
694 4205 735 4272 de
751 4206 998 4275 Borsmonostra
1011 4207 1072 4272 stb.
1090 4206 1212 4276 etOon·

95 4323 185 4384 uentu
199 4317 266 4386 loci
285 4314 433 4384 eiusdem
448 4316 510 4384 sib.
526 4315 560 4381 in
576 4313 782 4402 presentibus
806 4315 933 4380 cctauis
949 4313 1023 4380 festi
1045 4314 1139 4381 Beati
1158 4317 1215 4381 hli-

95 4419 207 4491 chaelis
225 4422 427 4507 Archangeli
444 4421 574 4509 (1498.)
590 4422 623 4488 in
639 4422 745 4506 figura
757 4420 873 4506 judicij
898 4427 1006 4486 nostre
1028 4423 1215 4492 Personalis

95 4529 260 4600 Presencie
277 4530 499 4616 comparando
523 4535 636 4598 contra
651 4529 828 4614 Egregium
844 4528 1042 4598 Anthonium
1066 4529 1106 4595 de
1122 4531 1214 4600 Poolr

95 4639 150 4706 stb.
167 4639 264 4728 (azon
280 4637 429 4725 tlgyben)
455 4637 595 4723 qualiter
611 4636 745 4721 Egregij
766 4638 892 4723 Petrus,
919 4644 951 4704 et
967 4636 1072 4706 dictus
1095 4639 1216 4708 Antho-
