3210 5194
884 317 927 382 74

341 536 412 584 mus
437 519 563 584 htteras
579 515 741 605 dupplieis
756 519 857 605 sigilli
873 519 978 589 nostri
1004 515 1179 584 munimine
1194 516 1375 584 roboratas.
1401 517 1472 582 Da-

340 634 407 693 tum
423 627 580 711 Zegedini
605 626 639 693 in
663 627 780 711 vigilia
794 628 948 715 Symonis
973 634 1006 695 et
1020 622 1355 712 Jude'Apostolorum
1378 643 1471 692 anno

342 735 473 803 Domini
489 735 660 804 millesimo
675 735 895 807 dueentesimo
911 735 1075 804 trioesimo
1090 753 1187 803 nono.

339 929 533 1001 (Btrhirtyira
545 931 583 988 lrt
594 931 753 1002 psldtnyrel
766 951 784 986 a
796 952 879 988 nemu.
900 950 1023 986 museum
1035 926 1268 994 hieiratthriban,
1286 931 1407 1000 melyhez
1420 937 1472 984 vo-

339 1028 382 1075 rlls
395 1021 606 1089 selyemioualon
628 1023 832 1092 pessettllredilr
846 1042 899 1077 van
912 1027 1081 1090 fflggosntve,
1104 1024 1137 1074 de
1150 1021 1222 1090 mely
1236 1039 1297 1074 nem
1310 1037 1343 1074 az
1355 1022 1472 1084 eredeti,

338 1111 444 1176 hanam,
463 1113 531 1164 mint
543 1108 650 1176 litszilr,
669 1115 729 1167 XV.
742 1129 814 1182 vagy
828 1115 900 1167 XVI.
921 1109 1030 1164 sntzadi
1049 1109 1197 1180 hiadviny.
1216 1113 1249 1164 V.
1262 1117 1287 1164 o.
1299 1110 1386 1178 fejer
1399 1111 1471 1165 eod.

298 1211 301 1217 “
707 1203 779 1270 Dipl.
793 1203 839 1257 Ν.
853 1205 909 1256 ket.
922 1205 944 1255 1.
959 1217 979 1255 r.
995 1204 1055 1255 158.
1067 1201 1098 1268 l.)

767 1493 1028 1515 ,....-......-.

869 1983 925 2050 49.

334 2165 355 2228 Ι
360 2165 393 2230 V.
410 2164 490 2229 Belo
506 2165 615 2251 ltroly
640 2185 695 2250 epp
711 2163 911 2230 birtokererrit
925 2165 1008 2252 hctgyy
1024 2163 1150 2252 telphon
1175 2167 1300 2230 roceas
1322 2163 1464 2228 Krilmda

334 2271 486 2358 pallatini
499 2272 607 2358 ltirdly
622 2275 654 2338 6⁸
669 2271 846 2338 szlauoaioa'
860 2271 988 2359 haeaep
1004 2273 1165 2360 soranos
1179 2271 1404 2358 Bastetanae
1410 2269 1465 2356 fia

802 2379 880 2446 lo‘o'at
898 2381 995 2446 1239.

442 2579 511 2648 Nos
527 2578 713 2667 Stephanus
729 2577 853 2644 Diuina
878 2575 1090 2662 prouidentia
1109 2577 1293 2665 Episcopus
1308 2575 1464 2662 Zagrabi-

337 2687 424 2753 ensis
450 2691 482 2752 et
497 2686 602 2771 Regni
629 2686 804 2753 Solanonie
828 2683 979 2751 Vioarius
1004 2683 1176 2752 Generalis
1201 2685 1353 2753 memorie
1378 2703 1464 2752 oom-

333 2795 525 2862 mendantes
549 2800 663 2878 tenore
684 2793 888 2879 presencium
915 2793 1157 2880 significamus,
1184 2793 1302 2879 quibus
1327 2791 1465 2879 expedit

333 2902 508 2986 uniuersis,
529 2900 617 2988 quod
632 2921 705 2970 oum
721 2899 892 2984 Georgius,
909 2902 1026 2968 Petrus
1041 2900 1196 2969 socordes
1212 2907 1244 2967 et
1259 2901 1384 2986 Boleta,
1400 2899 1463 2985 filij

334 3010 510 3094 Valentini,
536 3009 594 3095 filij
611 3010 779 3078 Samsouis
804 3008 846 3075 de
861 3007 1098 3094 Kyristallelde
1124 3007 1271 3095 legitime
1289 3006 1464 3075 eitaeionis

334 3117 464 3188 modum
481 3117 698 3205 obseruando,
715 3117 886 3185 Nioolaum
902 3116 1003 3183 filium
1020 3114 1188 3203 Stephani,
1205 3115 1263 3201 filij
1286 3115 1463 3202 Laurenoij

335 3226 377 3294 (le
392 3226 505 3295 eadem
521 3232 637 3294 eontra
646 3246 683 3293 se
698 3227 732 3292 in
745 3224 948 3312 presentiam
965 3223 1054 3308 olym
1066 3221 1252 3307 Leustaehij
1267 3220 1345 3289 dieti
1356 3222 1463 3307 Regni

333 3334 509 3403 Solanonie
524 3334 607 3400 Beni
632 3332 875 3419 predeeessoris
899 3330 1001 3399 nostri
1019 3331 1232 3398 attraxissent
1254 3329 1289 3396 in
1315 3347 1464 3414 aarum,

333 3445 472 3529 ipsaque
497 3461 599 3508 eausa
625 3440 766 3509 diuersis
790 3440 1065 3526 prorogaoionum
1089 3439 1226 3507 eautelis
1251 3445 1285 3506 et
1312 3438 1464 3506 terminis

333 3549 632 3634 interuenientibus,
648 3549 756 3617 medio
770 3560 918 3635 tempore
941 3549 1065 3617 honore
1079 3547 1156 3615 dieti
1175 3548 1320 3615 Banatas
1340 3565 1381 3612 ex
1397 3549 1464 3614 Dei

334 3659 448 3744 gratia
462 3665 496 3725 et
512 3657 633 3726 domini
649 3657 751 3727 nostri
763 3657 863 3742 Regis
875 3657 1062 3726 deleeoione
1077 3656 1111 3723 in
1127 3663 1272 3726 nostram
1287 3675 1464 3741 personam

332 3764 623 3852 transscendendo,
640 3767 683 3833 ad
697 3773 868 3853 presentes
885 3775 1021 3834 ootauas
1033 3764 1111 3832 festi
1126 3764 1221 3833 Beati
1236 3761 1368 3831 Martini
1386 3783 1465 3831 oon-

331 3875 466 3944 iessoris
482 3875 616 3943 dilatiue
627 3875 768 3942 deuenta
783 3875 953 3960 extitisset,
974 3873 1188 3960 tundemipso
1204 3873 1340 3941 termino
1349 3891 1463 3940 ooour·

332 3989 426 4052 rente
442 3982 580 4070 predicti
597 3981 760 4066 Georgius
786 3991 819 4049 et
833 3985 948 4050 Petrus
965 3980 1120 4048 saeerdos
1144 3979 1201 4066 filij
1219 3979 1383 4048 Valentini
1400 4001 1463 4066 pro

333 4113 369 4162 se
393 4091 620 4179 personaliter,
647 4099 680 4158 et
696 4111 755 4177 pro
780 4090 927 4177 prediolo
952 4089 1068 4158 Boleta
1093 4089 1192 4156 tratre
1216 4091 1360 4176 ipsorum
1387 4107 1462 4155 eum

333 4201 450 4268 litteris
474 4200 707 4287 proouratorijs
723 4199 868 4286 Gapituli
884 4197 1095 4266 Chasmensis
1111 4198 1259 4264 hioelesis
1277 4198 1371 4263 iuxta
1385 4215 1463 4265 eon-

333 4309 508 4377 tinenoiam
525 4309 670 4395 priorum
695 4308 876 4374 litterarum
892 4312 1075 4374 nostrarum
1099 4305 1400 4393 prorogatoriarum
1415 4304 1465 4371 ad

331 4425 477 4486 nostram
481 4417 694 4504 juditiariam
704 4415 897 4483 aecedentes
907 4416 1120 4501 presenciam,
1131 4421 1246 4482 eontra
1254 4413 1395 4479 eundem
1406 4411 1464 4476 hli-

333 4523 460 4592 oolaum
485 4525 587 4592 lilium
603 4525 761 4611 Stephani
785 4525 940 4610 infigura
956 4523 1057 4590 nostri
1076 4521 1195 4609 judieii
1221 4521 1373 4588 dixerunt
1389 4539 1465 4606 pro·

333 4631 483 4718 ponendo
499 4630 561 4698 isto
579 4630 693 4700 modo:
711 4631 798 4716 quod
813 4631 901 4700 idem
910 4631 1067 4699 Nieolaus
1083 4629 1170 4698 ilius
1184 4627 1342 4716 Stephani
1357 4643 1461 4712 quan·
