3162 5188
909 323 1055 444 ..alt

414 524 456 600 ad
472 526 593 601 siooum
608 538 710 626 potul,
730 558 788 625 per
805 558 901 622 quem
917 536 1009 604 vadit
1025 537 1068 604 ad
1084 546 1183 624 eaput
1197 538 1295 608 sontis
1306 540 1472 627 (lbebden,
1485 565 1536 631 per

416 662 511 728 quem
526 645 618 710 vadit
642 646 776 712 inferius
803 667 916 713 versus
942 647 1110 714 meridiem
1137 669 1258 733 magna
1274 650 1486 738 longitndine,
1510 661 1537 719 et

416 752 484 817 exit
499 770 613 818 versus
639 752 838 819 oooidentem
864 751 908 817 ad
933 762 1053 820 metam
1074 759 1227 838 terream,
1255 755 1296 820 de
1311 775 1376 840 qna
1399 759 1540 843 procedit

413 858 457 924 ad
473 863 622 926 arborem
639 863 705 947 sept
713 887 726 936 ,·
749 860 827 927 inde
842 859 935 927 uadit
951 862 993 928 ad
1017 868 1137 929 metam
1153 869 1310 947 terream,
1336 864 1378 930 de
1394 886 1460 949 qua
1475 867 1538 932 iens

411 967 582 1034 reuertitur
605 967 649 1033 ad
664 975 782 1035 metam
798 969 950 1055 priorem.
976 967 1146 1037 Contamei
1164 969 1471 1060 (tgy,-oontermini)
1488 996 1536 1040 au-

412 1075 598 1160 temipsius
614 1080 700 1143 terre
725 1083 857 1162 aparte
881 1076 1060 1146 oooidentis
1086 1084 1161 1144 sunt
1187 1079 1425 1164 generationes
1443 1079 1538 1168 Cyro-

411 1182 513 1268 koigi,
541 1204 563 1249 a
577 1191 671 1269 parte
697 1205 773 1252 vero
799 1184 963 1271 aquilonis
988 1192 1057 1252 eta
1081 1192 1176 1270 parte
1201 1186 1369 1252 orientalis
1395 1187 1538 1256 forenses

414 1291 455 1357 de
470 1290 737 1376 Jaztraburzoka,
756 1302 788 1359 et
803 1313 824 1360 a
839 1291 975 1358 meridie
991 1298 1042 1360 est
1056 1293 1161 1360 Ztane
1172 1295 1308 1378 jobagio
1323 1297 1442 1364 Castri.
1462 1300 1537 1363 Item

412 1401 518 1485 prima
534 1407 621 1466 meta
636 1408 722 1467 torre
738 1401 843 1486 Reka,
869 1422 932 1484 que
947 1407 997 1468 est
1011 1403 1147 1486 Thome,
1173 1401 1287 1488 incipit
1309 1425 1330 1469 a
1346 1405 1484 1470 meridie
1499 1406 1537 1471 ab

411 1528 474 1575 uno
493 1509 689 1593 molendino,
716 1509 769 1575 vbi
786 1510 882 1577 simul
898 1509 1017 1576 eadunt
1033 1509 1097 1577 duo
1117 1508 1224 1594 rinuli,
1251 1517 1283 1577 ot
1309 1511 1434 1579 vadunt
1450 1532 1537 1600 snpe-

410 1618 478 1685 rius
503 1619 596 1686 iuxta
615 1640 713 1687 vnum
741 1619 917 1686 eorundem
936 1618 1065 1686 nomine
1090 1619 1193 1685 Soitut
1218 1619 1262 1685 ad
1286 1619 1475 1703 aquilonem
1499 1622 1538 1687 ad

411 1733 531 1794 metam
547 1735 706 1812 terream
723 1729 799 1796 hine
816 1727 959 1794 declinat
976 1748 1088 1796 versus
1104 1725 1314 1812 occidentem,
1336 1734 1368 1794 et
1385 1727 1479 1795 vadit
1493 1750 1537 1794 su·

412 1837 520 1920 parius
537 1837 578 1902 tle
594 1839 658 1903 fine
673 1836 769 1902 vuius
787 1835 880 1902 vinee
896 1856 994 1923 super
1010 1836 1096 1918 berz,
1119 1834 1174 1900 vbi
1190 1842 1240 1900 est
1256 1841 1343 1901 mete
1359 1857 1460 1922 super
1475 1837 1533 1921 spi-

410 1963 464 2024 na,
492 1949 526 2009 et
540 1940 617 2008 bino
632 1943 725 2008 vadit
747 1943 884 2009 inferius
911 1941 954 2008 ad
974 1942 1141 2008 meridiem
1157 1963 1216 2028 per
1240 1942 1377 2009 eundem
1394 1944 1484 2027 berz,
1508 1950 1537 2007 et

411 2050 554 2116 declinat
578 2071 693 2136 parum
710 2051 753 2118 ad
769 2051 969 2118 occidentem
985 2070 1081 2136 super
1096 2049 1240 2131 fluuium,
1268 2059 1301 2116 et
1320 2052 1365 2117 ibi
1382 2057 1434 2117 est
1453 2059 1535 2117 meta

411 2165 518 2226 terrea
533 2159 593 2224 sub
610 2159 726 2226 arbore
742 2158 844 2245 nnois,
862 2179 883 2223 o
898 2163 991 2243 parte
1007 2157 1170 2242 aquilonis
1182 2158 1418 2242 jobagionib'us
1433 2157 1536 2226 (lustri

412 2267 672 2351 remanentibus3
701 2266 818 2334 deinde
844 2266 988 2332 declinat
1010 2285 1124 2332 vorsus
1152 2265 1319 2332 meridiem
1346 2288 1483 2355 parum,
1507 2277 1535 2334 et

410 2373 499 2440 eadit
514 2373 558 2440 ad
574 2382 693 2442 metam
709 2376 859 2461 priorem.
885 2377 966 2440 Item
981 2374 1089 2460 prima
1114 2381 1201 2441 meta
1216 2382 1303 2442 terre
1317 2376 1460 2462 Molona,
1477 2396 1535 2458 que

409 2490 459 2549 est
482 2482 681 2569 Zporoonis,
712 2481 827 2568 inoipit
852 2503 874 2548 a
898 2480 1033 2548 meridie
1058 2483 1091 2548 in
1120 2488 1208 2547 meta
1233 2488 1341 2548 terrea
1367 2483 1466 2567 juxta
1497 2483 1534 2547 ri-

409 2591 518 2657 uulum
534 2592 676 2676 Molona,
703 2597 735 2655 et
750 2589 854 2656 tendit
870 2609 982 2655 versus
1011 2590 1165 2656 orientem
1189 2589 1369 2656 ascendens
1395 2590 1430 2654 in
1448 2590 1532 2671 bera,

411 2703 443 2763 et
460 2699 610 2784 peruenit
626 2699 668 2764 ud
685 2698 839 2764 vertioem
856 2698 935 2780 eius,
956 2698 1009 2763 vbi
1027 2703 1078 2764 est
1093 2705 1181 2764 meta
1195 2706 1321 2783 terrea3
1339 2697 1415 2763 inde
1432 2697 1536 2765 tendit

408 2825 522 2872 versus
540 2807 724 2891 aquilonem
740 2807 773 2871 in
791 2803 905 2872 eodem
922 2806 996 2871 bera
1012 2826 1133 2889 magna
1158 2804 1362 2890 longitudine
1387 2804 1534 2891 perueni-

408 2933 466 2980 ens
485 2914 531 2979 ad
556 2920 675 2979 metam
692 2919 851 2998 terream,
879 2912 953 2978 hino
975 2913 1174 2979 descendens
1191 2913 1295 2978 tendit
1317 2933 1432 2978 versus
1453 2911 1533 2978 oooi-

410 3021 540 3087 dentem
564 3018 609 3085 ad
623 3025 689 3085 tres
713 3039 834 3106 paruos
858 3019 985 3101 fluuios,
1012 3025 1044 3084 et
1068 3039 1127 3104 per
1154 3019 1361 3085 medietatem
1376 3020 1535 3086 dictorum

406 3127 578 3195 fluuiorum
594 3127 684 3194 eadit
699 3126 744 3192 ad
759 3127 899 3192 rinulum
924 3127 1057 3194 Molona
1072 3125 1262 3212 predictum,
1288 3128 1343 3192 vbi
1359 3145 1490 3213 semper
1516 3147 1536 3190 a

408 3236 522 3303 dextro
543 3235 778 3318 jobagionibus
796 3231 904 3300 (lustri
920 3239 953 3299 et
968 3233 1187 3300 castrensibus
1204 3233 1457 3318 remanentibus,
1475 3254 1535 3320 per

407 3344 589 3429 predictum
610 3352 718 3408 autem
743 3341 876 3408 fluuium
902 3341 1033 3408 Molona
1056 3339 1226 3407 reuertitur
1242 3341 1286 3406 ad
1302 3341 1443 3427 priorem
1472 3362 1535 3407 me-

407 3457 485 3517 tam.
510 3451 591 3516 Item
608 3449 714 3534 prima
729 3455 816 3514 meta
831 3455 916 3514 terre
933 3447 1106 3534 Cupuzdol,
1124 3467 1186 3531 que
1210 3455 1259 3513 ost
1274 3447 1463 3533 Zporoonis,
1489 3449 1535 3513 in-

407 3556 486 3643 cipit
509 3558 553 3622 ab
580 3556 704 3622 oriente
731 3556 823 3622 iuxta
849 3547 989 3622 rinulum
1015 3557 1165 3642 Molnna;
1201 3555 1277 3623 inde
1302 3555 1393 3621 vadit
1417 3577 1533 3623 versus

406 3662 605 3730 oooidentem
636 3685 735 3753 super
760 3665 856 3746 berz,
888 3667 922 3730 in
947 3665 1038 3731 ouius
1064 3665 1184 3730 vertioe
1211 3670 1260 3730 est
1284 3673 1371 3730 meta
1405 3670 1532 3748 terrea,

405 3771 481 3838 inde
514 3773 718 3858 progreditur
750 3791 862 3838 versus
892 3771 1077 3854 aquilonem
1109 3791 1167 3857 per
1199 3769 1319 3836 dietum
1346 3770 1464 3855 bereh,
1500 3783 1534 3838 et

404 3882 468 3947 itur
491 3880 694 3967 longitudine
718 3881 816 3946 trium
835 3881 1008 3964 jugerum
1033 3876 1108 3945 hino
1134 3887 1242 3945 autem
1258 3879 1395 3945 reclinat
1417 3899 1531 3947 versus

404 3990 570 4074 orientem,
592 3995 625 4055 et
640 3987 807 4053 deseendit
822 4007 881 4072 per
896 3986 972 4051 berz
990 3987 1033 4052 ad
1048 3985 1247 4052 nominatum
1263 3987 1413 4069 riuulum,
1435 4007 1531 4070 quem

402 4097 566 4163 transiens
582 4096 670 4163 eadit
686 4096 729 4161 ad
744 4095 884 4160 riuulum
901 4094 1029 4181 (lupus3
1048 4103 1081 4160 et
1095 4094 1173 4161 inde
1189 4094 1292 4160 tendit
1312 4115 1425 4162 versus
1441 4097 1531 4179 aqui-

403 4204 511 4271 lonem
521 4224 579 4290 per
590 4203 732 4269 medium
743 4203 888 4269 eiusdem
900 4201 1007 4287 riuuli,
1027 4209 1059 4266 et
1069 4203 1216 4289 peruenit
1232 4201 1426 4267 admedium
1442 4202 1530 4288 ville,

402 4313 459 4378 vbi
475 4319 541 4379 stat
559 4317 646 4378 meta
671 4317 796 4398 terrea3
822 4311 896 4376 hino
920 4316 1030 4376 autem
1055 4311 1144 4376 venit
1160 4330 1273 4376 uersus
1299 4311 1468 4394 orientem,
1496 4319 1528 4375 et

403 4420 497 4487 vadit
520 4421 603 4486 inter
622 4418 703 4486 duas
720 4419 833 4485 vineas
859 4417 1051 4504 perueniens
1067 4418 1111 4483 ad
1135 4419 1283 4484 arborem
1299 4419 1372 4504 piri,
1399 4437 1462 4502 que
1479 4426 1528 4484 est

401 4548 460 4614 pro
477 4533 583 4614 meta;
610 4533 642 4594 et
658 4525 732 4594 inde
747 4525 853 4592 tondit
876 4545 989 4593 versus
1014 4525 1181 4592 meridiem
1205 4546 1264 4612 per
1288 4526 1428 4593 eundem
1451 4527 1526 4593 berz

402 4637 486 4704 bona
502 4634 715 4720 longitudine,
734 4640 766 4700 et
781 4635 928 4720 peruenit
944 4633 986 4699 ad
1003 4643 1121 4701 melam
1131 4641 1284 4718 terream;
1301 4633 1380 4700 inde
1396 4634 1526 4700 deseen-
