<?xml version="1.0" encoding="UTF-8"?>
<!DOCTYPE html PUBLIC "-//W3C//DTD XHTML 1.0 Transitional//EN"
    "http://www.w3.org/TR/xhtml1/DTD/xhtml1-transitional.dtd">
<html xmlns="http://www.w3.org/1999/xhtml" xml:lang="en" lang="en">
 <head>
  <title>
</title>
<meta http-equiv="Content-Type" content="text/html;charset=utf-8" />
  <meta name='ocr-system' content='tesseract 3.04.00' />
  <meta name='ocr-capabilities' content='ocr_page ocr_carea ocr_par ocr_line ocrx_word'/>
</head>
<body>
  <div class='ocr_page' id='page_1' title='image "./codexdiplomatic18wenzgoog_0441.png"; bbox 0 0 3168 5186; ppageno 0'>
   <div class='ocr_carea' id='block_1_1' title="bbox 48 513 1198 1802">
    <p class='ocr_par' dir='ltr' id='par_1_1' title="bbox 48 513 1198 1802">
     <span class='ocr_line' id='line_1_1' title="bbox 49 513 1197 608; baseline 0.008 -30"><span class='ocrx_word' id='word_1_1' title='bbox 49 513 218 600; x_wconf 72' lang='lat' dir='ltr'>Messes,</span> <span class='ocrx_word' id='word_1_2' title='bbox 243 515 276 583; x_wconf 91' lang='lat' dir='ltr'>in</span> <span class='ocrx_word' id='word_1_3' title='bbox 293 534 359 601; x_wconf 85' lang='lat' dir='ltr'>que</span> <span class='ocrx_word' id='word_1_4' title='bbox 374 515 429 582; x_wconf 84' lang='lat' dir='ltr'>viu</span> <span class='ocrx_word' id='word_1_5' title='bbox 445 533 558 601; x_wconf 83' lang='lat' dir='ltr'>perum</span> <span class='ocrx_word' id='word_1_6' title='bbox 583 515 690 584; x_wconf 88' lang='lat' dir='ltr'>eundo</span> <span class='ocrx_word' id='word_1_7' title='bbox 709 534 823 585; x_wconf 88' lang='lat' dir='ltr'>versus</span> <span class='ocrx_word' id='word_1_8' title='bbox 848 516 1016 586; x_wconf 76' lang='lat' dir='ltr'>meridiem</span> <span class='ocrx_word' id='word_1_9' title='bbox 1042 520 1131 608; x_wconf 85' lang='lat' dir='ltr'>salyt</span> <span class='ocrx_word' id='word_1_10' title='bbox 1154 520 1197 587; x_wconf 80' lang='lat' dir='ltr'>ad</span> 
     </span>
     <span class='ocr_line' id='line_1_2' title="bbox 49 621 1198 712; baseline 0.005 -23"><span class='ocrx_word' id='word_1_11' title='bbox 49 621 241 708; x_wconf 85' lang='lat' dir='ltr'>orientem,</span> <span class='ocrx_word' id='word_1_12' title='bbox 264 631 299 690; x_wconf 89' lang='lat' dir='ltr'>et</span> <span class='ocrx_word' id='word_1_13' title='bbox 312 624 481 712; x_wconf 86' lang='lat' dir='ltr'>perueniet</span> <span class='ocrx_word' id='word_1_14' title='bbox 505 623 549 692; x_wconf 83' lang='lat' dir='ltr'>ad</span> <span class='ocrx_word' id='word_1_15' title='bbox 564 623 690 711; x_wconf 78' lang='lat' dir='ltr'>priores</span> <span class='ocrx_word' id='word_1_16' title='bbox 707 632 811 693; x_wconf 79' lang='lat' dir='ltr'>metas</span> <span class='ocrx_word' id='word_1_17' title='bbox 826 624 989 712; x_wconf 83' lang='lat' dir='ltr'>lapideas,</span> <span class='ocrx_word' id='word_1_18' title='bbox 1014 626 1057 695; x_wconf 86' lang='lat' dir='ltr'>de</span> <span class='ocrx_word' id='word_1_19' title='bbox 1080 627 1198 712; x_wconf 88' lang='lat' dir='ltr'>quibus</span> 
     </span>
     <span class='ocr_line' id='line_1_3' title="bbox 48 729 1198 820; baseline 0.007 -26"><span class='ocrx_word' id='word_1_20' title='bbox 48 729 307 818; x_wconf 85' lang='lat' dir='ltr'>inoboeuimus,</span> <span class='ocrx_word' id='word_1_21' title='bbox 324 738 356 800; x_wconf 86' lang='lat' dir='ltr'>et</span> <span class='ocrx_word' id='word_1_22' title='bbox 372 731 486 801; x_wconf 90' lang='lat' dir='ltr'>eodem</span> <span class='ocrx_word' id='word_1_23' title='bbox 498 733 569 801; x_wconf 87' lang='lat' dir='ltr'>lose</span> <span class='ocrx_word' id='word_1_24' title='bbox 584 733 808 802; x_wconf 83' lang='lat' dir='ltr'>terminentur.</span> <span class='ocrx_word' id='word_1_25' title='bbox 825 735 894 804; x_wconf 87' lang='lat' dir='ltr'>Nos</span> <span class='ocrx_word' id='word_1_26' title='bbox 909 735 1009 820; x_wconf 82' lang='lat' dir='ltr'>igitur</span> <span class='ocrx_word' id='word_1_27' title='bbox 1024 734 1068 804; x_wconf 82' lang='lat' dir='ltr'>ad</span> <span class='ocrx_word' id='word_1_28' title='bbox 1078 736 1198 804; x_wconf 83' lang='lat' dir='ltr'>insten-</span> 
     </span>
     <span class='ocr_line' id='line_1_4' title="bbox 48 840 1197 928; baseline 0.006 -21"><span class='ocrx_word' id='word_1_29' title='bbox 48 840 157 908; x_wconf 82' lang='lat' dir='ltr'>eiam</span> <span class='ocrx_word' id='word_1_30' title='bbox 174 843 322 928; x_wconf 85' lang='lat' dir='ltr'>pureium</span> <span class='ocrx_word' id='word_1_31' title='bbox 338 841 500 910; x_wconf 91' lang='lat' dir='ltr'>eommnni</span> <span class='ocrx_word' id='word_1_32' title='bbox 515 841 652 911; x_wconf 82' lang='lat' dir='ltr'>fratrum</span> <span class='ocrx_word' id='word_1_33' title='bbox 667 849 850 912; x_wconf 89' lang='lat' dir='ltr'>nostrorum</span> <span class='ocrx_word' id='word_1_34' title='bbox 870 863 1031 914; x_wconf 82' lang='lat' dir='ltr'>consensu</span> <span class='ocrx_word' id='word_1_35' title='bbox 1050 843 1197 914; x_wconf 84' lang='lat' dir='ltr'>dedimus</span> 
     </span>
     <span class='ocr_line' id='line_1_5' title="bbox 49 947 1197 1037; baseline 0.009 -23"><span class='ocrx_word' id='word_1_36' title='bbox 49 947 202 1018; x_wconf 84' lang='lat' dir='ltr'>litteras</span> <span class='ocrx_word' id='word_1_37' title='bbox 216 955 387 1036; x_wconf 78' lang='lat' dir='ltr'>presentes</span> <span class='ocrx_word' id='word_1_38' title='bbox 411 950 514 1037; x_wconf 74' lang='lat' dir='ltr'>sigilli</span> <span class='ocrx_word' id='word_1_39' title='bbox 529 952 633 1019; x_wconf 85' lang='lat' dir='ltr'>nostri</span> <span class='ocrx_word' id='word_1_40' title='bbox 660 953 836 1021; x_wconf 88' lang='lat' dir='ltr'>munimine</span> <span class='ocrx_word' id='word_1_41' title='bbox 852 953 1032 1022; x_wconf 82' lang='lat' dir='ltr'>roboratas.</span> <span class='ocrx_word' id='word_1_42' title='bbox 1058 953 1134 1022; x_wconf 91' lang='lat' dir='ltr'>Istis</span> <span class='ocrx_word' id='word_1_43' title='bbox 1149 960 1197 1024; x_wconf 86' lang='lat' dir='ltr'>tu-</span> 
     </span>
     <span class='ocr_line' id='line_1_6' title="bbox 51 1058 1197 1148; baseline 0.002 -22"><span class='ocrx_word' id='word_1_44' title='bbox 51 1077 146 1126; x_wconf 85' lang='lat' dir='ltr'>men</span> <span class='ocrx_word' id='word_1_45' title='bbox 163 1060 367 1146; x_wconf 79' lang='lat' dir='ltr'>presentibus</span> <span class='ocrx_word' id='word_1_46' title='bbox 381 1058 518 1128; x_wconf 86' lang='lat' dir='ltr'>Nieoleo</span> <span class='ocrx_word' id='word_1_47' title='bbox 536 1062 716 1148; x_wconf 85' lang='lat' dir='ltr'>Prepesito,</span> <span class='ocrx_word' id='word_1_48' title='bbox 733 1062 889 1130; x_wconf 84' lang='lat' dir='ltr'>Fureesio</span> <span class='ocrx_word' id='word_1_49' title='bbox 901 1062 1052 1148; x_wconf 76' lang='lat' dir='ltr'>Centone,</span> <span class='ocrx_word' id='word_1_50' title='bbox 1072 1063 1197 1132; x_wconf 73' lang='lat' dir='ltr'>&#39;l&#39;h0ma</span> 
     </span>
     <span class='ocr_line' id='line_1_7' title="bbox 51 1166 1196 1256; baseline 0.002 -22"><span class='ocrx_word' id='word_1_51' title='bbox 51 1169 219 1252; x_wconf 74' lang='lat' dir='ltr'>hectore,</span> <span class='ocrx_word' id='word_1_52' title='bbox 245 1168 342 1236; x_wconf 90' lang='lat' dir='ltr'>Petro</span> <span class='ocrx_word' id='word_1_53' title='bbox 358 1166 509 1254; x_wconf 79' lang='lat' dir='ltr'>Custode,</span> <span class='ocrx_word' id='word_1_54' title='bbox 535 1168 661 1239; x_wconf 84' lang='lat' dir='ltr'>Jooobo</span> <span class='ocrx_word' id='word_1_55' title='bbox 677 1171 721 1240; x_wconf 88' lang='lat' dir='ltr'>de</span> <span class='ocrx_word' id='word_1_56' title='bbox 745 1171 901 1256; x_wconf 89' lang='lat' dir='ltr'>Sumbun,</span> <span class='ocrx_word' id='word_1_57' title='bbox 917 1171 1048 1241; x_wconf 83' lang='lat' dir='ltr'>Vrbeno</span> <span class='ocrx_word' id='word_1_58' title='bbox 1073 1169 1115 1237; x_wconf 91' lang='lat' dir='ltr'>de</span> <span class='ocrx_word' id='word_1_59' title='bbox 1134 1171 1196 1238; x_wconf 88' lang='lat' dir='ltr'>Zo-</span> 
     </span>
     <span class='ocr_line' id='line_1_8' title="bbox 51 1276 1196 1366; baseline 0.002 -22"><span class='ocrx_word' id='word_1_60' title='bbox 51 1277 178 1363; x_wconf 82' lang='lat' dir='ltr'>boleh‚</span> <span class='ocrx_word' id='word_1_61' title='bbox 196 1276 306 1346; x_wconf 76' lang='lat' dir='ltr'>Marso</span> <span class='ocrx_word' id='word_1_62' title='bbox 322 1276 364 1346; x_wconf 87' lang='lat' dir='ltr'>de</span> <span class='ocrx_word' id='word_1_63' title='bbox 373 1278 492 1366; x_wconf 80' lang='lat' dir='ltr'>anb,</span> <span class='ocrx_word' id='word_1_64' title='bbox 503 1279 661 1365; x_wconf 78' lang='lat' dir='ltr'>Magistro</span> <span class='ocrx_word' id='word_1_65' title='bbox 671 1280 821 1348; x_wconf 84' lang='lat' dir='ltr'>Jobenne</span> <span class='ocrx_word' id='word_1_66' title='bbox 836 1279 879 1347; x_wconf 88' lang='lat' dir='ltr'>de</span> <span class='ocrx_word' id='word_1_67' title='bbox 888 1279 1026 1366; x_wconf 83' lang='lat' dir='ltr'>Bursua,</span> <span class='ocrx_word' id='word_1_68' title='bbox 1045 1279 1196 1348; x_wconf 84' lang='lat' dir='ltr'>Johunne</span> 
     </span>
     <span class='ocr_line' id='line_1_9' title="bbox 53 1385 1197 1474; baseline 0.003 -23"><span class='ocrx_word' id='word_1_69' title='bbox 53 1385 103 1452; x_wconf 86' lang='lat' dir='ltr'>de</span> <span class='ocrx_word' id='word_1_70' title='bbox 124 1387 254 1471; x_wconf 83' lang='lat' dir='ltr'>Kemey</span> <span class='ocrx_word' id='word_1_71' title='bbox 265 1385 525 1472; x_wconf 82' lang='lat' dir='ltr'>Archidieeonis,</span> <span class='ocrx_word' id='word_1_72' title='bbox 542 1394 575 1454; x_wconf 90' lang='lat' dir='ltr'>et</span> <span class='ocrx_word' id='word_1_73' title='bbox 590 1387 666 1474; x_wconf 76' lang='lat' dir='ltr'>eliJs</span> <span class='ocrx_word' id='word_1_74' title='bbox 685 1387 807 1472; x_wconf 89' lang='lat' dir='ltr'>multis,</span> <span class='ocrx_word' id='word_1_75' title='bbox 823 1407 908 1456; x_wconf 86' lang='lat' dir='ltr'>enno</span> <span class='ocrx_word' id='word_1_76' title='bbox 924 1387 1056 1457; x_wconf 87' lang='lat' dir='ltr'>Domini</span> <span class='ocrx_word' id='word_1_77' title='bbox 1075 1388 1121 1467; x_wconf 54' lang='lat' dir='ltr'>M?</span> <span class='ocrx_word' id='word_1_78' title='bbox 1131 1386 1197 1454; x_wconf 75' lang='lat'>00⁰</span> 
     </span>
     <span class='ocr_line' id='line_1_10' title="bbox 53 1494 1197 1582; baseline 0.003 -22"><span class='ocrx_word' id='word_1_79' title='bbox 53 1494 345 1580; x_wconf 84' lang='lat' dir='ltr'>quinquagesimo</span> <span class='ocrx_word' id='word_1_80' title='bbox 362 1495 485 1580; x_wconf 86' lang='lat' dir='ltr'>quinto.</span> <span class='ocrx_word' id='word_1_81' title='bbox 511 1496 681 1582; x_wconf 79' lang='lat' dir='ltr'>Regnante</span> <span class='ocrx_word' id='word_1_82' title='bbox 697 1496 840 1580; x_wconf 81' lang='lat' dir='ltr'>glorioso</span> <span class='ocrx_word' id='word_1_83' title='bbox 855 1495 937 1564; x_wconf 84' lang='lat' dir='ltr'>Belo</span> <span class='ocrx_word' id='word_1_84' title='bbox 960 1498 1052 1582; x_wconf 85' lang='lat' dir='ltr'>Rege</span> <span class='ocrx_word' id='word_1_85' title='bbox 1066 1497 1197 1582; x_wconf 81' lang='lat' dir='ltr'>Hungu-</span> 
     </span>
     <span class='ocr_line' id='line_1_11' title="bbox 53 1602 1197 1692; baseline 0.002 -22"><span class='ocrx_word' id='word_1_86' title='bbox 53 1605 127 1688; x_wconf 90' lang='lat' dir='ltr'>rie,</span> <span class='ocrx_word' id='word_1_87' title='bbox 154 1602 332 1671; x_wconf 58' lang='lat' dir='ltr'>&amp;mediore</span> <span class='ocrx_word' id='word_1_88' title='bbox 358 1604 616 1692; x_wconf 87' lang='lat' dir='ltr'>Arohiepiseopo</span> <span class='ocrx_word' id='word_1_89' title='bbox 640 1605 867 1690; x_wconf 79' lang='lat' dir='ltr'>Strigoniensi,</span> <span class='ocrx_word' id='word_1_90' title='bbox 894 1604 1024 1674; x_wconf 88' lang='lat' dir='ltr'>domino</span> <span class='ocrx_word' id='word_1_91' title='bbox 1049 1613 1082 1674; x_wconf 87' lang='lat' dir='ltr'>et</span> <span class='ocrx_word' id='word_1_92' title='bbox 1103 1613 1197 1692; x_wconf 85' lang='lat' dir='ltr'>petre</span> 
     </span>
     <span class='ocr_line' id='line_1_12' title="bbox 55 1713 1096 1802; baseline 0.006 -24"><span class='ocrx_word' id='word_1_93' title='bbox 55 1718 183 1781; x_wconf 88' lang='lat' dir='ltr'>nostro</span> <span class='ocrx_word' id='word_1_94' title='bbox 199 1713 378 1799; x_wconf 82' lang='lat' dir='ltr'>Lamperto</span> <span class='ocrx_word' id='word_1_95' title='bbox 392 1713 564 1800; x_wconf 81' lang='lat' dir='ltr'>Agriensis</span> <span class='ocrx_word' id='word_1_96' title='bbox 581 1713 727 1782; x_wconf 81' lang='lat' dir='ltr'>Eoelesie</span> <span class='ocrx_word' id='word_1_97' title='bbox 747 1715 911 1802; x_wconf 78' lang='lat' dir='ltr'>Episcopo</span> <span class='ocrx_word' id='word_1_98' title='bbox 929 1714 1096 1784; x_wconf 85' lang='lat' dir='ltr'>existente.</span> 
     </span>
    </p>
   </div>
   <div class='ocr_carea' id='block_1_2' title="bbox 198 1869 1064 1984">
    <p class='ocr_par' dir='ltr' id='par_1_2' title="bbox 198 1869 1064 1984">
     <span class='ocr_line' id='line_1_13' title="bbox 198 1869 1064 1984; baseline -0.001 -18"><span class='ocrx_word' id='word_1_99' title='bbox 198 1911 284 1982; x_wconf 84' lang='lat' dir='ltr'>(XVI.</span> <span class='ocrx_word' id='word_1_100' title='bbox 297 1869 405 1984; x_wconf 65' lang='lat' dir='ltr'>subsedi</span> <span class='ocrx_word' id='word_1_101' title='bbox 418 1911 533 1968; x_wconf 77' lang='lat' dir='ltr'>mdsolst</span> <span class='ocrx_word' id='word_1_102' title='bbox 545 1929 563 1966; x_wconf 79' lang='lat' dir='ltr'>e</span> <span class='ocrx_word' id='word_1_103' title='bbox 575 1913 658 1966; x_wconf 78' lang='lat' dir='ltr'>budsi</span> <span class='ocrx_word' id='word_1_104' title='bbox 671 1915 723 1968; x_wconf 90' lang='lat' dir='ltr'>kir.</span> <span class='ocrx_word' id='word_1_105' title='bbox 739 1915 862 1968; x_wconf 79' lang='lat' dir='ltr'>kemsrsi</span> <span class='ocrx_word' id='word_1_106' title='bbox 874 1910 1064 1980; x_wconf 76' lang='lat' dir='ltr'>lerdittrbsn.)</span> 
     </span>
    </p>
   </div>
   <div class='ocr_carea' id='block_1_3' title="bbox 600 2721 678 2790">
    <p class='ocr_par' dir='ltr' id='par_1_3' title="bbox 600 2721 678 2790">
     <span class='ocr_line' id='line_1_14' title="bbox 600 2721 678 2790; baseline 0 0"><span class='ocrx_word' id='word_1_107' title='bbox 600 2721 678 2790; x_wconf 77' lang='grc'><strong>289.</strong></span> 
     </span>
    </p>
   </div>
   <div class='ocr_carea' id='block_1_4' title="bbox 64 2922 1199 3228">
    <p class='ocr_par' dir='ltr' id='par_1_4' title="bbox 64 2922 1199 3228">
     <span class='ocr_line' id='line_1_15' title="bbox 65 2922 1196 3011; baseline -0.005 -21"><span class='ocrx_word' id='word_1_108' title='bbox 65 2927 117 2990; x_wconf 82' lang='lat' dir='ltr'>Az</span> <span class='ocrx_word' id='word_1_109' title='bbox 135 2927 206 3011; x_wconf 72' lang='lat' dir='ltr'>epru&#39;</span> <span class='ocrx_word' id='word_1_110' title='bbox 220 2923 435 3010; x_wconf 76' lang='lat' dir='ltr'>lrdptutormak</span> <span class='ocrx_word' id='word_1_111' title='bbox 450 2924 715 3011; x_wconf 75' lang='lat' dir='ltr'>bizooysdpleoele,</span> <span class='ocrx_word' id='word_1_112' title='bbox 731 2925 811 3008; x_wconf 75' lang='lat' dir='ltr'>boyy</span> <span class='ocrx_word' id='word_1_113' title='bbox 827 2922 972 3009; x_wconf 71' lang='lat' dir='ltr'>Lanqeue</span> <span class='ocrx_word' id='word_1_114' title='bbox 991 2941 1088 2987; x_wconf 81' lang='lat' dir='ltr'>comes</span> <span class='ocrx_word' id='word_1_115' title='bbox 1105 2926 1136 2984; x_wconf 82' lang='lat' dir='ltr'>e&#39;o</span> <span class='ocrx_word' id='word_1_116' title='bbox 1151 2926 1196 2984; x_wconf 85' lang='lat' dir='ltr'>e&#39;r-</span> 
     </span>
     <span class='ocr_line' id='line_1_16' title="bbox 64 3027 1199 3119; baseline -0.009 -19"><span class='ocrx_word' id='word_1_117' title='bbox 64 3035 234 3102; x_wconf 80' lang='lat' dir='ltr'>delrteirsai</span> <span class='ocrx_word' id='word_1_118' title='bbox 252 3032 381 3098; x_wconf 79' lang='lat' dir='ltr'>Tucbeu</span> <span class='ocrx_word' id='word_1_119' title='bbox 404 3033 623 3119; x_wconf 76' lang='lat' dir='ltr'>umnzetse&#39;pbdl</span> <span class='ocrx_word' id='word_1_120' title='bbox 644 3032 729 3096; x_wconf 81' lang='lat' dir='ltr'>Petri</span> <span class='ocrx_word' id='word_1_121' title='bbox 752 3029 925 3095; x_wconf 75' lang='lat' dir='ltr'>birtolueloot</span> <span class='ocrx_word' id='word_1_122' title='bbox 948 3027 1073 3114; x_wconf 72' lang='lat' dir='ltr'>Muttp</span> <span class='ocrx_word' id='word_1_123' title='bbox 1098 3029 1199 3092; x_wconf 79' lang='lat' dir='ltr'>sdrose&#39;</span> 
     </span>
     <span class='ocr_line' id='line_1_17' title="bbox 401 3135 859 3228; baseline -0.011 -22"><span class='ocrx_word' id='word_1_124' title='bbox 401 3140 599 3228; x_wconf 72' lang='lat' dir='ltr'>jblspdnoak</span> <span class='ocrx_word' id='word_1_125' title='bbox 613 3137 745 3205; x_wconf 72' lang='lat' dir='ltr'>etadeot</span> <span class='ocrx_word' id='word_1_126' title='bbox 761 3135 859 3202; x_wconf 81' lang='lat'><em>1255.</em></span> 
     </span>
    </p>
   </div>
   <div class='ocr_carea' id='block_1_5' title="bbox 66 3330 1201 4733">
    <p class='ocr_par' dir='ltr' id='par_1_5' title="bbox 66 3330 1201 4733">
     <span class='ocr_line' id='line_1_18' title="bbox 181 3330 1199 3420; baseline -0.009 -14"><span class='ocrx_word' id='word_1_127' title='bbox 181 3337 339 3407; x_wconf 89' lang='lat' dir='ltr'>Omnibus</span> <span class='ocrx_word' id='word_1_128' title='bbox 356 3334 476 3405; x_wconf 79' lang='lat' dir='ltr'>Christi</span> <span class='ocrx_word' id='word_1_129' title='bbox 491 3334 642 3402; x_wconf 87' lang='lat' dir='ltr'>fidelibus</span> <span class='ocrx_word' id='word_1_130' title='bbox 658 3341 725 3401; x_wconf 87' lang='lat' dir='ltr'>tam</span> <span class='ocrx_word' id='word_1_131' title='bbox 742 3333 952 3420; x_wconf 84' lang='lat' dir='ltr'>presentibus</span> <span class='ocrx_word' id='word_1_132' title='bbox 967 3351 1065 3418; x_wconf 78' lang='lat' dir='ltr'>quem</span> <span class='ocrx_word' id='word_1_133' title='bbox 1081 3330 1199 3398; x_wconf 83' lang='lat' dir='ltr'>futuris</span> 
     </span>
     <span class='ocr_line' id='line_1_19' title="bbox 66 3440 1196 3534; baseline -0.006 -21"><span class='ocrx_word' id='word_1_134' title='bbox 66 3446 259 3534; x_wconf 78' lang='lat' dir='ltr'>Capitulum</span> <span class='ocrx_word' id='word_1_135' title='bbox 274 3445 422 3514; x_wconf 78' lang='lat' dir='ltr'>Eeolesie</span> <span class='ocrx_word' id='word_1_136' title='bbox 438 3442 611 3528; x_wconf 81' lang='lat' dir='ltr'>Agriensis</span> <span class='ocrx_word' id='word_1_137' title='bbox 637 3441 777 3511; x_wconf 84' lang='lat' dir='ltr'>sulutem</span> <span class='ocrx_word' id='word_1_138' title='bbox 800 3441 835 3510; x_wconf 91' lang='lat' dir='ltr'>in</span> <span class='ocrx_word' id='word_1_139' title='bbox 853 3440 996 3510; x_wconf 90' lang='lat' dir='ltr'>omnium</span> <span class='ocrx_word' id='word_1_140' title='bbox 1020 3442 1196 3511; x_wconf 75' lang='lat' dir='ltr'>saluatore.</span> 
     </span>
     <span class='ocr_line' id='line_1_20' title="bbox 67 3549 1199 3638; baseline -0.005 -15"><span class='ocrx_word' id='word_1_141' title='bbox 67 3557 124 3623; x_wconf 83' lang='lat' dir='ltr'>Ad</span> <span class='ocrx_word' id='word_1_142' title='bbox 140 3555 363 3622; x_wconf 87' lang='lat' dir='ltr'>uniuersorum</span> <span class='ocrx_word' id='word_1_143' title='bbox 386 3552 540 3621; x_wconf 86' lang='lat' dir='ltr'>notioism</span> <span class='ocrx_word' id='word_1_144' title='bbox 556 3553 705 3621; x_wconf 87' lang='lat' dir='ltr'>uolumus</span> <span class='ocrx_word' id='word_1_145' title='bbox 721 3551 904 3638; x_wconf 87' lang='lat' dir='ltr'>peruenire,</span> <span class='ocrx_word' id='word_1_146' title='bbox 929 3551 1016 3635; x_wconf 89' lang='lat' dir='ltr'>quod</span> <span class='ocrx_word' id='word_1_147' title='bbox 1032 3549 1199 3621; x_wconf 79' lang='lat' dir='ltr'>constituti</span> 
     </span>
     <span class='ocr_line' id='line_1_21' title="bbox 68 3660 1198 3748; baseline -0.004 -16"><span class='ocrx_word' id='word_1_148' title='bbox 68 3683 183 3732; x_wconf 82' lang='lat' dir='ltr'>eorum</span> <span class='ocrx_word' id='word_1_149' title='bbox 193 3662 287 3731; x_wconf 89' lang='lat' dir='ltr'>nobis</span> <span class='ocrx_word' id='word_1_150' title='bbox 297 3663 451 3748; x_wconf 81' lang='lat' dir='ltr'>Langeus</span> <span class='ocrx_word' id='word_1_151' title='bbox 461 3660 590 3748; x_wconf 77' lang='lat' dir='ltr'>Comes,</span> <span class='ocrx_word' id='word_1_152' title='bbox 607 3662 726 3730; x_wconf 81' lang='lat' dir='ltr'>Zoslst</span> <span class='ocrx_word' id='word_1_153' title='bbox 735 3668 768 3728; x_wconf 90' lang='lat' dir='ltr'>et</span> <span class='ocrx_word' id='word_1_154' title='bbox 777 3662 887 3729; x_wconf 83' lang='lat' dir='ltr'>Kenez</span> <span class='ocrx_word' id='word_1_155' title='bbox 897 3660 937 3726; x_wconf 91' lang='lat' dir='ltr'>de</span> <span class='ocrx_word' id='word_1_156' title='bbox 954 3679 1072 3747; x_wconf 80' lang='lat' dir='ltr'>genero</span> <span class='ocrx_word' id='word_1_157' title='bbox 1083 3661 1198 3728; x_wconf 79' lang='lat' dir='ltr'>Toloh-</span> 
     </span>
     <span class='ocr_line' id='line_1_22' title="bbox 69 3767 1200 3857; baseline -0.002 -19"><span class='ocrx_word' id='word_1_158' title='bbox 69 3792 116 3838; x_wconf 85' lang='lat' dir='ltr'>uu</span> <span class='ocrx_word' id='word_1_159' title='bbox 132 3772 176 3838; x_wconf 85' lang='lat' dir='ltr'>ab</span> <span class='ocrx_word' id='word_1_160' title='bbox 192 3791 259 3838; x_wconf 83' lang='lat' dir='ltr'>uns</span> <span class='ocrx_word' id='word_1_161' title='bbox 273 3776 386 3857; x_wconf 82' lang='lat' dir='ltr'>purte,</span> <span class='ocrx_word' id='word_1_162' title='bbox 408 3771 551 3857; x_wconf 84' lang='lat' dir='ltr'>Bolosoy</span> <span class='ocrx_word' id='word_1_163' title='bbox 573 3771 689 3838; x_wconf 82' lang='lat' dir='ltr'>Comes</span> <span class='ocrx_word' id='word_1_164' title='bbox 704 3769 856 3839; x_wconf 82' lang='lat' dir='ltr'>offioielis</span> <span class='ocrx_word' id='word_1_165' title='bbox 874 3768 1044 3838; x_wconf 80' lang='lat' dir='ltr'>Miobaolis</span> <span class='ocrx_word' id='word_1_166' title='bbox 1064 3767 1200 3837; x_wconf 78' lang='lat' dir='ltr'>Comitis</span> 
     </span>
     <span class='ocr_line' id='line_1_23' title="bbox 71 3878 1201 3966; baseline -0.003 -19"><span class='ocrx_word' id='word_1_167' title='bbox 71 3881 115 3947; x_wconf 90' lang='lat' dir='ltr'>de</span> <span class='ocrx_word' id='word_1_168' title='bbox 131 3879 234 3947; x_wconf 83' lang='lat' dir='ltr'>Surus</span> <span class='ocrx_word' id='word_1_169' title='bbox 257 3900 314 3966; x_wconf 92' lang='lat' dir='ltr'>pro</span> <span class='ocrx_word' id='word_1_170' title='bbox 330 3878 403 3966; x_wconf 91' lang='lat' dir='ltr'>ipso</span> <span class='ocrx_word' id='word_1_171' title='bbox 428 3878 586 3946; x_wconf 77' lang='lat' dir='ltr'>michaele</span> <span class='ocrx_word' id='word_1_172' title='bbox 606 3879 730 3947; x_wconf 81' lang='lat' dir='ltr'>comite</span> <span class='ocrx_word' id='word_1_173' title='bbox 746 3897 787 3946; x_wconf 86' lang='lat' dir='ltr'>ex</span> <span class='ocrx_word' id='word_1_174' title='bbox 811 3878 937 3964; x_wconf 76' lang='lat' dir='ltr'>ultera,</span> <span class='ocrx_word' id='word_1_175' title='bbox 963 3882 1201 3964; x_wconf 89' lang='lat' dir='ltr'>proposuerunt</span> 
     </span>
     <span class='ocr_line' id='line_1_24' title="bbox 71 3987 1198 4082; baseline -0.004 -25"><span class='ocrx_word' id='word_1_176' title='bbox 71 3989 211 4078; x_wconf 84' lang='lat' dir='ltr'>prediob&#39;</span> <span class='ocrx_word' id='word_1_177' title='bbox 234 3990 399 4075; x_wconf 78' lang='lat' dir='ltr'>Langens,</span> <span class='ocrx_word' id='word_1_178' title='bbox 424 3989 543 4057; x_wconf 81' lang='lat' dir='ltr'>Zonlet</span> <span class='ocrx_word' id='word_1_179' title='bbox 567 3997 600 4082; x_wconf 89' lang='lat' dir='ltr'>et</span> <span class='ocrx_word' id='word_1_180' title='bbox 624 3990 754 4075; x_wconf 82' lang='lat' dir='ltr'>Kenez,</span> <span class='ocrx_word' id='word_1_181' title='bbox 780 3988 866 4075; x_wconf 87' lang='lat' dir='ltr'>quod</span> <span class='ocrx_word' id='word_1_182' title='bbox 892 3987 1057 4075; x_wconf 84' lang='lat' dir='ltr'>quendem</span> <span class='ocrx_word' id='word_1_183' title='bbox 1080 3995 1198 4057; x_wconf 84' lang='lat' dir='ltr'>terrem</span> 
     </span>
     <span class='ocr_line' id='line_1_25' title="bbox 74 4095 1199 4188; baseline -0.005 -19"><span class='ocrx_word' id='word_1_184' title='bbox 74 4119 186 4169; x_wconf 88' lang='lat' dir='ltr'>eorum</span> <span class='ocrx_word' id='word_1_185' title='bbox 203 4097 334 4167; x_wconf 92' lang='lat' dir='ltr'>nomine</span> <span class='ocrx_word' id='word_1_186' title='bbox 349 4097 441 4165; x_wconf 86' lang='lat' dir='ltr'>Petri</span> <span class='ocrx_word' id='word_1_187' title='bbox 455 4098 548 4167; x_wconf 78' lang='lat' dir='ltr'>iuxta</span> <span class='ocrx_word' id='word_1_188' title='bbox 562 4100 693 4168; x_wconf 84' lang='lat' dir='ltr'>Horrud</span> <span class='ocrx_word' id='word_1_189' title='bbox 707 4098 877 4188; x_wconf 79' lang='lat' dir='ltr'>iuuentem,</span> <span class='ocrx_word' id='word_1_190' title='bbox 896 4117 961 4183; x_wconf 88' lang='lat' dir='ltr'>que</span> <span class='ocrx_word' id='word_1_191' title='bbox 974 4097 1016 4165; x_wconf 86' lang='lat' dir='ltr'>de</span> <span class='ocrx_word' id='word_1_192' title='bbox 1032 4095 1121 4166; x_wconf 78' lang='lat' dir='ltr'>enon</span> <span class='ocrx_word' id='word_1_193' title='bbox 1138 4097 1199 4164; x_wconf 86' lang='lat' dir='ltr'>eie</span> 
     </span>
     <span class='ocr_line' id='line_1_26' title="bbox 74 4205 1200 4295; baseline -0.003 -20"><span class='ocrx_word' id='word_1_194' title='bbox 74 4210 142 4277; x_wconf 90' lang='lat' dir='ltr'>rieo</span> <span class='ocrx_word' id='word_1_195' title='bbox 158 4208 202 4275; x_wconf 85' lang='lat' dir='ltr'>ed</span> <span class='ocrx_word' id='word_1_196' title='bbox 227 4208 316 4295; x_wconf 87' lang='lat' dir='ltr'>ipsos</span> <span class='ocrx_word' id='word_1_197' title='bbox 341 4206 448 4276; x_wconf 82' lang='lat' dir='ltr'>fuerat</span> <span class='ocrx_word' id='word_1_198' title='bbox 472 4208 637 4294; x_wconf 86' lang='lat' dir='ltr'>deuolute,</span> <span class='ocrx_word' id='word_1_199' title='bbox 662 4208 722 4277; x_wconf 89' lang='lat' dir='ltr'>sub</span> <span class='ocrx_word' id='word_1_200' title='bbox 739 4208 862 4277; x_wconf 87' lang='lat' dir='ltr'>eisdem</span> <span class='ocrx_word' id='word_1_201' title='bbox 888 4210 986 4277; x_wconf 90' lang='lat' dir='ltr'>eertis</span> <span class='ocrx_word' id='word_1_202' title='bbox 1006 4207 1113 4289; x_wconf 88' lang='lat' dir='ltr'>metis,</span> <span class='ocrx_word' id='word_1_203' title='bbox 1139 4205 1200 4273; x_wconf 89' lang='lat' dir='ltr'>snb</span> 
     </span>
     <span class='ocr_line' id='line_1_27' title="bbox 74 4315 1200 4404; baseline -0.003 -19"><span class='ocrx_word' id='word_1_204' title='bbox 74 4319 191 4404; x_wconf 91' lang='lat' dir='ltr'>quibus</span> <span class='ocrx_word' id='word_1_205' title='bbox 206 4317 272 4404; x_wconf 91' lang='lat' dir='ltr'>ipsi</span> <span class='ocrx_word' id='word_1_206' title='bbox 288 4315 513 4403; x_wconf 81' lang='lat' dir='ltr'>possederunt,</span> <span class='ocrx_word' id='word_1_207' title='bbox 540 4337 582 4386; x_wconf 84' lang='lat' dir='ltr'>ex</span> <span class='ocrx_word' id='word_1_208' title='bbox 597 4335 757 4384; x_wconf 87' lang='lat' dir='ltr'>eonsensu</span> <span class='ocrx_word' id='word_1_209' title='bbox 773 4318 939 4403; x_wconf 81' lang='lat' dir='ltr'>Kenmerij</span> <span class='ocrx_word' id='word_1_210' title='bbox 964 4315 1075 4385; x_wconf 71' lang='lat' dir='ltr'>fremis</span> <span class='ocrx_word' id='word_1_211' title='bbox 1095 4316 1200 4403; x_wconf 91' lang='lat' dir='ltr'>ipsius</span> 
     </span>
     <span class='ocr_line' id='line_1_28' title="bbox 76 4423 1201 4512; baseline -0.003 -18"><span class='ocrx_word' id='word_1_212' title='bbox 76 4427 196 4511; x_wconf 82' lang='lat' dir='ltr'>Kenee,</span> <span class='ocrx_word' id='word_1_213' title='bbox 222 4425 314 4495; x_wconf 88' lang='lat' dir='ltr'>euius</span> <span class='ocrx_word' id='word_1_214' title='bbox 329 4445 523 4496; x_wconf 84' lang='lat' dir='ltr'>eonsensum</span> <span class='ocrx_word' id='word_1_215' title='bbox 547 4427 635 4494; x_wconf 86' lang='lat' dir='ltr'>idem</span> <span class='ocrx_word' id='word_1_216' title='bbox 649 4428 760 4494; x_wconf 79' lang='lat' dir='ltr'>Renes</span> <span class='ocrx_word' id='word_1_217' title='bbox 785 4425 880 4493; x_wconf 88' lang='lat' dir='ltr'>nobis</span> <span class='ocrx_word' id='word_1_218' title='bbox 906 4425 1067 4512; x_wconf 82' lang='lat' dir='ltr'>exposuit,</span> <span class='ocrx_word' id='word_1_219' title='bbox 1090 4423 1201 4494; x_wconf 87' lang='lat' dir='ltr'>uendi·</span> 
     </span>
     <span class='ocr_line' id='line_1_29' title="bbox 76 4533 1201 4621; baseline 0 -22"><span class='ocrx_word' id='word_1_220' title='bbox 76 4533 204 4602; x_wconf 87' lang='lat' dir='ltr'>dissent</span> <span class='ocrx_word' id='word_1_221' title='bbox 228 4533 356 4620; x_wconf 78' lang='lat' dir='ltr'>prefato</span> <span class='ocrx_word' id='word_1_222' title='bbox 372 4535 526 4604; x_wconf 86' lang='lat' dir='ltr'>Mieheeli</span> <span class='ocrx_word' id='word_1_223' title='bbox 541 4534 660 4604; x_wconf 77' lang='lat' dir='ltr'>comiti</span> <span class='ocrx_word' id='word_1_224' title='bbox 675 4552 735 4621; x_wconf 89' lang='lat' dir='ltr'>pro</span> <span class='ocrx_word' id='word_1_225' title='bbox 751 4540 824 4603; x_wconf 83' lang='lat' dir='ltr'>outo</span> <span class='ocrx_word' id='word_1_226' title='bbox 849 4533 967 4602; x_wconf 83' lang='lat' dir='ltr'>merois</span> <span class='ocrx_word' id='word_1_227' title='bbox 983 4533 1111 4620; x_wconf 81' lang='lat' dir='ltr'>argenti</span> <span class='ocrx_word' id='word_1_228' title='bbox 1130 4552 1201 4620; x_wconf 88' lang='lat' dir='ltr'>per-</span> 
     </span>
     <span class='ocr_line' id='line_1_30' title="bbox 76 4642 1200 4733; baseline 0.002 -21"><span class='ocrx_word' id='word_1_229' title='bbox 76 4649 175 4730; x_wconf 88' lang='lat' dir='ltr'>petuo</span> <span class='ocrx_word' id='word_1_230' title='bbox 190 4643 436 4730; x_wconf 87' lang='lat' dir='ltr'>possidendum,</span> <span class='ocrx_word' id='word_1_231' title='bbox 455 4652 488 4712; x_wconf 90' lang='lat' dir='ltr'>et</span> <span class='ocrx_word' id='word_1_232' title='bbox 502 4643 672 4731; x_wconf 82' lang='lat' dir='ltr'>peeunium</span> <span class='ocrx_word' id='word_1_233' title='bbox 689 4644 785 4731; x_wconf 92' lang='lat' dir='ltr'>plene</span> <span class='ocrx_word' id='word_1_234' title='bbox 797 4663 834 4712; x_wconf 89' lang='lat' dir='ltr'>se</span> <span class='ocrx_word' id='word_1_235' title='bbox 847 4643 891 4711; x_wconf 79' lang='lat' dir='ltr'>eb</span> <span class='ocrx_word' id='word_1_236' title='bbox 907 4642 1021 4712; x_wconf 88' lang='lat' dir='ltr'>eodem</span> <span class='ocrx_word' id='word_1_237' title='bbox 1039 4643 1200 4733; x_wconf 84' lang='lat' dir='ltr'>reeepisse</span> 
     </span>
    </p>
   </div>
   <div class='ocr_carea' id='block_1_6' title="bbox 0 0 1609 5186">
    <p class='ocr_par' dir='ltr' id='par_1_6' title="bbox 0 0 1609 5186">
     <span class='ocr_line' id='line_1_31' title="bbox 0 0 1609 5186; baseline 0 0"><span class='ocrx_word' id='word_1_238' title='bbox 0 0 1609 5186; x_wconf 95' lang='lat' dir='ltr'> </span> 
     </span>
    </p>
   </div>
  </div>
 </body>
</html>
