3226 5194
798 283 946 386 „suu

310 487 452 552 ceterum
469 477 644 548 etWedint
655 482 801 564 Regnum
822 481 1068 568 expugnabant,
1085 483 1177 550 cuius
1194 482 1260 550 duo
1269 484 1441 568 Principes

311 597 425 673 erant;
451 594 484 655 et
499 609 583 656 unus
598 589 784 674 Principum
809 609 882 658 cum
896 597 965 658 toto
981 591 1104 677 populo
1121 599 1153 657 et
1178 591 1307 658 familia
1322 593 1440 657 'l'arta-

312 719 419 766 rorum
445 695 643 765 dominicae
668 697 816 782 subiecit,
842 698 928 766 alter
950 717 1027 766 vero
1052 700 1127 766 loca
1149 699 1370 766 munitissima
1396 699 1442 764 ad

311 804 464 872 tuendum
480 822 516 870 se
531 804 613 889 petit
628 822 701 868 cum
717 803 830 888 paucis
846 804 989 889 populis,
1009 803 1038 870 si
1054 805 1188 873 valeret.

419 911 514 976 Nunc
528 914 648 993 autem,
667 930 745 976 cum
762 911 795 977 in
811 911 930 978 finibus
945 912 1066 978 Ruscie
1091 931 1305 996 maneremus,
1333 929 1442 997 prope

313 1019 361 1086 rei
388 1018 551 1087 sensimus
565 1018 758 1104 veritatem3
783 1018 871 1104 quod
887 1026 972 1086 totns
998 1021 1162 1090 exercitus
1188 1023 1230 1088 ad
1246 1029 1360 1108 parles
1385 1041 1442 1088 ve-

314 1127 407 1194 niens
422 1125 612 1210 occidentis,
637 1126 670 1193 in
685 1133 826 1209 quatuor
840 1127 989 1213 partibus
1005 1137 1094 1194 esset
1108 1130 1244 1196 divisus.
1270 1129 1345 1195 Una
1362 1149 1443 1213 pars

315 1232 449 1300 alluvio
474 1232 564 1299 lithil
589 1231 623 1298 in
648 1231 766 1300 linibus
791 1234 947 1312 Ruscice
970 1235 1071 1319 plage
1092 1236 1244 1302 orientali
1270 1236 1313 1301 ad
1337 1235 1444 1302 Sndsl

317 1339 485 1427 applicuit.
511 1340 625 1407 Altera
641 1359 718 1408 vero
735 1360 812 1425 pars
828 1361 943 1408 versus
960 1342 1128 1410 meridiem
1143 1342 1208 1408 iam
1229 1343 1309 1412 lines
1325 1344 1442 1410 Risen·

315 1446 379 1533 nie,
395 1448 452 1532 qui
468 1455 519 1515 est
533 1447 619 1514 alius
635 1449 781 1515 Ducatus
798 1449 1032 1534 Ruthenorum,
1049 1453 1197 1536 Regnum
1213 1452 1442 1537 expugnabat.

316 1555 436 1623 Tereia
451 1559 649 1642 autempars
665 1565 779 1623 contra
793 1557 928 1624 fluvium
938 1559 1033 1624 Denb
1050 1565 1304 1645 propecastrum
1315 1558 1444 1644 Orgen-

316 1663 424 1748 husin,
449 1663 505 1747 qui
531 1668 582 1729 est
605 1663 690 1729 alins
706 1665 855 1732 Ducatns
880 1665 1111 1751 Ruthenorum,
1137 1666 1341 1736 resistebant.
1371 1666 1446 1733 Hoc

317 1777 428 1838 tamen
443 1775 665 1856 expectantes,
689 1770 773 1838 sicut
789 1771 852 1857 ipsi
868 1773 1020 1860 Rutheni,
1038 1775 1198 1862 Hungari,
1215 1775 1361 1858 Bulgari,
1387 1775 1447 1860 qni

319 1885 396 1946 ante
410 1878 573 1963 ingerant,
598 1878 693 1946 nobis
708 1879 784 1946 viva
800 1887 879 1947 voce
893 1881 1049 1968 serebant,
1077 1883 1164 1968 quod
1180 1889 1269 1948 terre
1284 1881 1393 1948 fluviis
1408 1889 1445 1948 et

320 1985 496 2073 paludibus
520 1987 553 2053 in
570 1987 722 2074 proxima
745 1987 851 2054 hieme
867 1989 1058 2076 congelatis,
1086 1995 1186 2056 totam
1205 1989 1357 2056 Rosciam
1384 1989 1447 2055 toti

320 2092 519 2160 multitudini
544 2093 592 2160 sic
614 2093 710 2160 facile
733 2099 783 2161 est
799 2093 981 2181 depredari,
1009 2095 1094 2162 sicut
1116 2100 1216 2161 totam
1242 2082 1363 2162 terram
1379 2099 1446 2162 Ru-

320 2201 499 2267 tlrenorum.
678 2267 683 2278 ,

315 2310 318 2316 ’
427 2304 482 2372 Sic
498 2312 605 2373 tamen
622 2309 681 2376 hec
697 2305 808 2377 omnia'
820 2309 1022 2396 intelligatis,
1050 2309 1136 2394 quod
1152 2313 1226 2376 Dux
1247 2309 1302 2376 ille
1317 2311 1447 2396 primns

323 2413 649 2500 Gurgntbanomine,
675 2417 729 2500 qui
745 2417 807 2486 hoc
832 2420 954 2486 bellum
980 2419 1157 2504 inchoavit,
1183 2428 1233 2486 est
1260 2419 1447 2486 defunctus.

323 2521 419 2588 Nunc
433 2526 544 2588 autem
560 2521 646 2590 lilius
662 2526 733 2610 ejus
743 2525 859 2612 (ihayn
876 2534 994 2612 regnat
1009 2547 1067 2611 pro
1083 2526 1207 2612 eodem,
1224 2533 1257 2593 et
1273 2525 1396 2594 residet
1411 2528 1446 2591 in

247 2665 252 2671 ·
323 2629 459 2697 civitate
483 2649 605 2714 magna
619 2631 782 2719 Hornacb,
810 2634 903 2702 cuius
918 2635 1065 2718 Regnum
1090 2633 1231 2701 obtinuit
1255 2638 1352 2719 pater
1375 2633 1450 2699 eius

324 2739 432 2826 prima
455 2738 571 2808 fronte.
599 2740 730 2808 Residet
746 2749 855 2810 autem
880 2742 940 2810 tali
956 2743 1072 2811 modo:
1091 2742 1250 2829 palatium
1274 2743 1376 2808 habet
1401 2741 1451 2806 ita

325 2868 489 2936 magnum,
512 2848 598 2933 quod
623 2849 711 2914 mille
736 2850 861 2933 equites
885 2851 1010 2918 intrent
1033 2871 1210 2935 perunum
1234 2850 1388 2932 hostium,
1417 2855 1451 2914 et

325 2955 431 3024 eidem
442 2953 637 3022 inclinantes
648 2954 774 3038 equites
791 2965 912 3023 exeunt
921 2957 1150 3024 nichilominus
1165 2956 1355 3024 insidentes.
1372 2957 1450 3021 Dux

328 3069 436 3131 autem
453 3061 509 3130 ille
531 3063 679 3150 prefatus
695 3062 824 3150 paravit
841 3063 905 3130 sibi
921 3064 1039 3132 lectum
1062 3065 1278 3152 pergrandem
1297 3070 1329 3129 et
1345 3063 1448 3130 altum

326 3171 509 3259 columpnis
524 3173 644 3257 aureis,
668 3174 788 3240 lectum
803 3172 935 3257 inquam
952 3193 1085 3241 aureum
1103 3179 1135 3239 et
1151 3173 1299 3257 preciose
1315 3191 1449 3257 cooper-

327 3293 407 3366 tum,
432 3279 466 3346 in
483 3300 547 3364 quo
564 3279 657 3347 sedet
672 3281 837 3364 gloriosus
863 3288 895 3348 et
910 3281 1113 3365 glorificatus
1131 3279 1288 3366 preciosis
1314 3277 1451 3345 circum-

229 3439 234 3448 ·
328 3391 424 3458 datus
435 3387 642 3456 indumentis.
658 3388 774 3456 Hostia
783 3395 892 3455 autem
908 3388 1012 3474 ipsius
1027 3386 1146 3475 palatii
1155 3407 1214 3473 per
1230 3393 1332 3452 tetum
1349 3404 1452 3450 anrca

328 3506 413 3580 sunt,
442 3515 502 3582 per
516 3514 581 3578 que
604 3500 773 3563 transeunt
797 3495 846 3562 sui
872 3495 998 3579 equites
1024 3494 1199 3562 incolomes
1226 3499 1260 3560 et
1278 3493 1451 3559 immunes.

327 3603 393 3671 Alii
409 3621 486 3670 vero
501 3602 621 3686 nuncii,
639 3603 666 3670 si
682 3601 808 3688 pedites
824 3608 995 3670 transeunt
1009 3621 1068 3688 per
1083 3600 1178 3687 ostia,
1193 3601 1246 3669 vel
1261 3601 1400 3687 equites,
1417 3609 1451 3668 et

328 3711 357 3781 si
372 3708 512 3798 pedibus
527 3709 627 3777 limen
642 3712 740 3779 hostii
757 3718 903 3795 tangunt,
925 3709 1044 3776 ibidem
1061 3709 1172 3794 gladio
1192 3707 1369 3794 teriunuer;
1393 3707 1454 3776 scd

328 3839 401 3887 cum
416 3839 543 3888 summa
558 3821 743 3887 reverentia
759 3825 886 3905 oportet
901 3818 1076 3902 quemlibet
1088 3817 1230 3884 alienum
1240 3817 1452 3903 pertransire.

328 3929 365 3995 ln
381 3925 441 3995 tali
456 3945 535 3995 uero
553 3947 674 4014 pompa
689 3925 847 4011 residens,
866 3925 953 3992 misit
968 3927 1129 3992 exercitus
1145 3944 1206 4010 per
1221 3922 1372 3992 diversas
1389 3931 1452 3990 ter·

320 4054 402 4120 .ras;
418 4033 570 4101 videlicet
584 4034 671 4102 ultra
686 4053 785 4118 mare,
801 4042 834 4101 et
849 4041 974 4117 quanta
988 4031 1034 4100 ibi
1047 4032 1171 4114 iecerit,
1188 4032 1273 4098 forte
1283 4051 1341 4098 vos
1357 4030 1452 4097 audi-

329 4140 433 4209 vistis.
465 4141 575 4208 Alium
598 4147 705 4209 autem
732 4141 909 4208 exercitum
934 4140 1102 4227 copiosum
1130 4139 1218 4206 misit
1238 4139 1336 4222 juxta
1364 4159 1455 4205 mare

329 4269 426 4336 super
450 4268 563 4316 omnes
578 4248 752 4335 Cumanos,
777 4251 832 4334 qui
850 4249 893 4315 ed
916 4259 1027 4336 partes
1046 4251 1287 4333 Hungariorum
1311 4247 1452 4313 transfu-

330 4361 455 4442 gerunt.
481 4357 617 4424 'Parcius
632 4363 741 4426 autem
757 4356 919 4426 exercitus
935 4356 1066 4425 obsidet
1080 4355 1244 4438 Rosciam,
1269 4353 1356 4420 sicut
1372 4353 1451 4419 diri.

439 4463 557 4529 Verum
573 4467 609 4529 ut
624 4463 665 4529 de
681 4463 764 4531 bello
780 4464 874 4531 vobis
890 4465 1120 4549 significarem,
1140 4462 1268 4548 dicitur,
1284 4459 1372 4546 quod
1387 4460 1455 4526 lon·

332 4570 407 4666 dus
421 4569 555 4655 iaciunt,
581 4589 679 4662 qoam
694 4571 760 4642 alie
777 4573 1001 4645 consueuerint
1015 4572 1179 4642 naciones.
1200 4573 1237 4637 ln
1253 4570 1362 4660 prima
1377 4589 1454 4640 cou-
