<?xml version="1.0" encoding="UTF-8"?>
<!DOCTYPE html PUBLIC "-//W3C//DTD XHTML 1.0 Transitional//EN"
    "http://www.w3.org/TR/xhtml1/DTD/xhtml1-transitional.dtd">
<html xmlns="http://www.w3.org/1999/xhtml" xml:lang="en" lang="en">
 <head>
  <title>
</title>
<meta http-equiv="Content-Type" content="text/html;charset=utf-8" />
  <meta name='ocr-system' content='tesseract 3.04.00' />
  <meta name='ocr-capabilities' content='ocr_page ocr_carea ocr_par ocr_line ocrx_word'/>
</head>
<body>
  <div class='ocr_page' id='page_1' title='image "./codexdiplomatic18wenzgoog_0214.png"; bbox 0 0 3186 5188; ppageno 0'>
   <div class='ocr_carea' id='block_1_1' title="bbox 844 820 921 890">
    <p class='ocr_par' dir='ltr' id='par_1_1' title="bbox 844 820 921 890">
     <span class='ocr_line' id='line_1_1' title="bbox 844 820 921 890; baseline 0.026 -2"><span class='ocrx_word' id='word_1_1' title='bbox 844 820 921 890; x_wconf 76' lang='lat' dir='ltr'><strong>llo.</strong></span> 
     </span>
    </p>
   </div>
   <div class='ocr_carea' id='block_1_2' title="bbox 313 1001 1446 1198">
    <p class='ocr_par' dir='ltr' id='par_1_2' title="bbox 313 1001 1446 1198">
     <span class='ocr_line' id='line_1_2' title="bbox 313 1001 1446 1092; baseline -0.004 -20"><span class='ocrx_word' id='word_1_2' title='bbox 313 1005 363 1072; x_wconf 81' lang='lat' dir='ltr'><strong>Aa</strong></span> <span class='ocrx_word' id='word_1_3' title='bbox 373 1007 555 1092; x_wconf 76' lang='lat' dir='ltr'><strong>materpame‘</strong></span> <span class='ocrx_word' id='word_1_4' title='bbox 570 1001 1061 1091; x_wconf 73' lang='lat' dir='ltr'><strong>ltdptalonaalchiaoayedyleoele,</strong></span> <span class='ocrx_word' id='word_1_5' title='bbox 1070 1003 1153 1090; x_wconf 72' lang='lat' dir='ltr'><strong>loyy</strong></span> <span class='ocrx_word' id='word_1_6' title='bbox 1163 1003 1365 1091; x_wconf 71' lang='lat' dir='ltr'><strong>Depelleande</strong></span> <span class='ocrx_word' id='word_1_7' title='bbox 1380 1005 1446 1089; x_wconf 79' lang='lat' dir='ltr'><strong>eeje</strong></span> 
     </span>
     <span class='ocr_line' id='line_1_3' title="bbox 313 1109 1445 1198; baseline 0.002 -22"><span class='ocrx_word' id='word_1_8' title='bbox 313 1112 483 1179; x_wconf 76' lang='lat' dir='ltr'><strong><em>Benedicta</em></strong></span> <span class='ocrx_word' id='word_1_9' title='bbox 493 1111 690 1197; x_wconf 73' lang='lat' dir='ltr'><strong>eledsdrjdtdl</strong></span> <span class='ocrx_word' id='word_1_10' title='bbox 698 1110 776 1196; x_wconf 80' lang='lat' dir='ltr'><strong>jdrd</strong></span> <span class='ocrx_word' id='word_1_11' title='bbox 793 1109 1105 1176; x_wconf 61' lang='lat' dir='ltr'><strong>attemptantem</strong></span> <span class='ocrx_word' id='word_1_12' title='bbox 1120 1111 1326 1198; x_wconf 70' lang='lat' dir='ltr'><strong>kieldpittetett.</strong></span> <span class='ocrx_word' id='word_1_13' title='bbox 1347 1111 1445 1178; x_wconf 71' lang='lat'><strong><em>1244.</em></strong></span> 
     </span>
    </p>
   </div>
   <div class='ocr_carea' id='block_1_3' title="bbox 310 1303 1447 4086">
    <p class='ocr_par' dir='ltr' id='par_1_3' title="bbox 310 1303 1447 4086">
     <span class='ocr_line' id='line_1_4' title="bbox 420 1303 1447 1390; baseline 0 -16"><span class='ocrx_word' id='word_1_14' title='bbox 420 1308 490 1376; x_wconf 86' lang='lat' dir='ltr'><strong>Nos</strong></span> <span class='ocrx_word' id='word_1_15' title='bbox 508 1309 624 1374; x_wconf 85' lang='lat' dir='ltr'><strong>Petrus</strong></span> <span class='ocrx_word' id='word_1_16' title='bbox 645 1303 686 1374; x_wconf 93' lang='lat' dir='ltr'><strong>de</strong></span> <span class='ocrx_word' id='word_1_17' title='bbox 702 1305 806 1374; x_wconf 89' lang='lat' dir='ltr'><strong>Peren</strong></span> <span class='ocrx_word' id='word_1_18' title='bbox 821 1303 1035 1372; x_wconf 80' lang='lat' dir='ltr'><strong>ludoxcnrie</strong></span> <span class='ocrx_word' id='word_1_19' title='bbox 1049 1304 1256 1374; x_wconf 88' lang='lat' dir='ltr'><strong>Serenissimi</strong></span> <span class='ocrx_word' id='word_1_20' title='bbox 1272 1315 1305 1375; x_wconf 88' lang='lat' dir='ltr'><strong>et</strong></span> <span class='ocrx_word' id='word_1_21' title='bbox 1319 1307 1447 1390; x_wconf 81' lang='lat' dir='ltr'><strong>Magni-</strong></span> 
     </span>
     <span class='ocr_line' id='line_1_5' title="bbox 314 1412 1444 1503; baseline -0.002 -21"><span class='ocrx_word' id='word_1_22' title='bbox 314 1415 366 1482; x_wconf 86' lang='lat' dir='ltr'><strong>fioi</strong></span> <span class='ocrx_word' id='word_1_23' title='bbox 377 1414 547 1503; x_wconf 72' lang='lat' dir='ltr'><strong>Principis,</strong></span> <span class='ocrx_word' id='word_1_24' title='bbox 565 1412 690 1483; x_wconf 89' lang='lat' dir='ltr'><strong>domini</strong></span> <span class='ocrx_word' id='word_1_25' title='bbox 702 1412 903 1498; x_wconf 74' lang='lat' dir='ltr'><strong>sigismundi</strong></span> <span class='ocrx_word' id='word_1_26' title='bbox 918 1415 993 1500; x_wconf 80' lang='lat' dir='ltr'><strong>stb,</strong></span> <span class='ocrx_word' id='word_1_27' title='bbox 1011 1412 1099 1500; x_wconf 87' lang='lat' dir='ltr'><strong>qnod</strong></span> <span class='ocrx_word' id='word_1_28' title='bbox 1114 1435 1188 1482; x_wconf 88' lang='lat' dir='ltr'><strong>enm</strong></span> <span class='ocrx_word' id='word_1_29' title='bbox 1204 1416 1248 1483; x_wconf 93' lang='lat' dir='ltr'><strong>ob</strong></span> <span class='ocrx_word' id='word_1_30' title='bbox 1263 1415 1444 1484; x_wconf 88' lang='lat' dir='ltr'><strong>eontradie·</strong></span> 
     </span>
     <span class='ocr_line' id='line_1_6' title="bbox 313 1520 1444 1610; baseline -0.003 -19"><span class='ocrx_word' id='word_1_31' title='bbox 313 1522 433 1592; x_wconf 85' lang='lat' dir='ltr'><strong>teriam</strong></span> <span class='ocrx_word' id='word_1_32' title='bbox 447 1521 680 1592; x_wconf 88' lang='lat' dir='ltr'><strong>inhibieionem</strong></span> <span class='ocrx_word' id='word_1_33' title='bbox 689 1520 880 1590; x_wconf 87' lang='lat' dir='ltr'><strong>atatnoionis</strong></span> <span class='ocrx_word' id='word_1_34' title='bbox 896 1520 1081 1590; x_wconf 77' lang='lat' dir='ltr'><strong>medietatis</strong></span> <span class='ocrx_word' id='word_1_35' title='bbox 1098 1521 1345 1610; x_wconf 88' lang='lat' dir='ltr'><strong>possessionum</strong></span> <span class='ocrx_word' id='word_1_36' title='bbox 1354 1521 1444 1607; x_wconf 83' lang='lat' dir='ltr'><strong>Ekly</strong></span> 
     </span>
     <span class='ocr_line' id='line_1_7' title="bbox 314 1627 1446 1700; baseline -0.003 -1"><span class='ocrx_word' id='word_1_37' title='bbox 314 1635 347 1699; x_wconf 92' lang='lat' dir='ltr'><strong>et</strong></span> <span class='ocrx_word' id='word_1_38' title='bbox 376 1630 523 1699; x_wconf 83' lang='lat' dir='ltr'><strong>Zalralos</strong></span> <span class='ocrx_word' id='word_1_39' title='bbox 549 1635 738 1698; x_wconf 81' lang='lat' dir='ltr'><strong>vocatarum</strong></span> <span class='ocrx_word' id='word_1_40' title='bbox 763 1629 798 1695; x_wconf 92' lang='lat' dir='ltr'><strong>in</strong></span> <span class='ocrx_word' id='word_1_41' title='bbox 824 1627 988 1698; x_wconf 80' lang='lat' dir='ltr'><strong>Comitntn</strong></span> <span class='ocrx_word' id='word_1_42' title='bbox 1012 1629 1274 1700; x_wconf 88' lang='lat' dir='ltr'><strong>Komaromiensi</strong></span> <span class='ocrx_word' id='word_1_43' title='bbox 1302 1629 1446 1698; x_wconf 84' lang='lat' dir='ltr'><strong>existen·</strong></span> 
     </span>
     <span class='ocr_line' id='line_1_8' title="bbox 314 1736 1443 1824; baseline 0 -20"><span class='ocrx_word' id='word_1_44' title='bbox 314 1739 412 1824; x_wconf 88' lang='lat' dir='ltr'><strong>oium,</strong></span> <span class='ocrx_word' id='word_1_45' title='bbox 423 1738 566 1808; x_wconf 84' lang='lat' dir='ltr'><strong>Thomas</strong></span> <span class='ocrx_word' id='word_1_46' title='bbox 579 1738 667 1806; x_wconf 90' lang='lat' dir='ltr'><strong>filins</strong></span> <span class='ocrx_word' id='word_1_47' title='bbox 677 1738 801 1806; x_wconf 74' lang='lat' dir='ltr'><strong>&#39;l&#39;home</strong></span> <span class='ocrx_word' id='word_1_48' title='bbox 811 1736 1230 1806; x_wconf 84' lang='lat' dir='ltr'><strong>deWerehtinohannem</strong></span> <span class='ocrx_word' id='word_1_49' title='bbox 1241 1738 1342 1806; x_wconf 86' lang='lat' dir='ltr'><strong>lilium</strong></span> <span class='ocrx_word' id='word_1_50' title='bbox 1352 1739 1443 1822; x_wconf 79' lang='lat' dir='ltr'><strong>Ekly</strong></span> 
     </span>
     <span class='ocr_line' id='line_1_9' title="bbox 314 1844 1443 1933; baseline -0.001 -19"><span class='ocrx_word' id='word_1_51' title='bbox 314 1852 428 1914; x_wconf 89' lang='lat' dir='ltr'><strong>eontra</strong></span> <span class='ocrx_word' id='word_1_52' title='bbox 444 1865 481 1914; x_wconf 87' lang='lat' dir='ltr'><strong>se</strong></span> <span class='ocrx_word' id='word_1_53' title='bbox 496 1847 634 1933; x_wconf 78' lang='lat' dir='ltr'><strong>Regiam</strong></span> <span class='ocrx_word' id='word_1_54' title='bbox 660 1847 693 1914; x_wconf 91' lang='lat' dir='ltr'><strong>in</strong></span> <span class='ocrx_word' id='word_1_55' title='bbox 708 1845 912 1932; x_wconf 88' lang='lat' dir='ltr'><strong>preseneiam</strong></span> <span class='ocrx_word' id='word_1_56' title='bbox 927 1844 971 1912; x_wconf 86' lang='lat' dir='ltr'><strong>ad</strong></span> <span class='ocrx_word' id='word_1_57' title='bbox 988 1851 1112 1914; x_wconf 72' lang='lat' dir='ltr'><strong>oenum</strong></span> <span class='ocrx_word' id='word_1_58' title='bbox 1127 1845 1298 1914; x_wconf 85' lang='lat' dir='ltr'><strong>terminum</strong></span> <span class='ocrx_word' id='word_1_59' title='bbox 1318 1848 1352 1914; x_wconf 91' lang='lat' dir='ltr'><strong>in</strong></span> <span class='ocrx_word' id='word_1_60' title='bbox 1369 1865 1443 1914; x_wconf 89' lang='lat' dir='ltr'><strong>oan-</strong></span> 
     </span>
     <span class='ocr_line' id='line_1_10' title="bbox 314 1951 1443 2042; baseline 0.004 -21"><span class='ocrx_word' id='word_1_61' title='bbox 314 1973 386 2021; x_wconf 90' lang='lat' dir='ltr'><strong>sam</strong></span> <span class='ocrx_word' id='word_1_62' title='bbox 400 1954 593 2024; x_wconf 75' lang='lat' dir='ltr'><strong>attraxisset</strong></span> <span class='ocrx_word' id='word_1_63' title='bbox 608 1951 662 2042; x_wconf 85' lang='lat' dir='ltr'><strong>(aa</strong></span> <span class='ocrx_word' id='word_1_64' title='bbox 678 1955 812 2040; x_wconf 77' lang='lat' dir='ltr'><strong>lgynelr</strong></span> <span class='ocrx_word' id='word_1_65' title='bbox 827 1953 1021 2040; x_wconf 76' lang='lat' dir='ltr'><strong>tergyalasa</strong></span> <span class='ocrx_word' id='word_1_66' title='bbox 1039 1953 1104 2040; x_wconf 86' lang='lat' dir='ltr'><strong>,ad</strong></span> <span class='ocrx_word' id='word_1_67' title='bbox 1119 1962 1286 2040; x_wconf 85' lang='lat' dir='ltr'><strong>presentes</strong></span> <span class='ocrx_word' id='word_1_68' title='bbox 1305 1961 1443 2024; x_wconf 66' lang='lat' dir='ltr'><strong>oomnas</strong></span> 
     </span>
     <span class='ocr_line' id='line_1_11' title="bbox 312 2058 1443 2150; baseline 0.001 -21"><span class='ocrx_word' id='word_1_69' title='bbox 312 2061 389 2130; x_wconf 80' lang='lat' dir='ltr'><strong>festi</strong></span> <span class='ocrx_word' id='word_1_70' title='bbox 403 2064 497 2130; x_wconf 81' lang='lat' dir='ltr'><strong>Beati</strong></span> <span class='ocrx_word' id='word_1_71' title='bbox 512 2062 681 2131; x_wconf 73' lang='lat' dir='ltr'><strong>Michaelis</strong></span> <span class='ocrx_word' id='word_1_72' title='bbox 697 2058 917 2148; x_wconf 80' lang='lat' dir='ltr'><strong>Archangeli“</strong></span> <span class='ocrx_word' id='word_1_73' title='bbox 936 2062 1216 2150; x_wconf 77' lang='lat' dir='ltr'><strong>elhnlasztatvtn3</strong></span> <span class='ocrx_word' id='word_1_74' title='bbox 1240 2063 1344 2131; x_wconf 72' lang='lat' dir='ltr'><strong>linos</strong></span> <span class='ocrx_word' id='word_1_75' title='bbox 1359 2062 1443 2131; x_wconf 91' lang='lat' dir='ltr'><strong>mint</strong></span> 
     </span>
     <span class='ocr_line' id='line_1_12' title="bbox 314 2169 1442 2259; baseline 0 -21"><span class='ocrx_word' id='word_1_76' title='bbox 314 2171 441 2256; x_wconf 87' lang='lat' dir='ltr'><strong>alperes</strong></span> <span class='ocrx_word' id='word_1_77' title='bbox 456 2170 598 2240; x_wconf 74' lang='lat' dir='ltr'><strong>reszerltl</strong></span> <span class='ocrx_word' id='word_1_78' title='bbox 609 2179 643 2239; x_wconf 84' lang='lat' dir='ltr'><strong>nt</strong></span> <span class='ocrx_word' id='word_1_79' title='bbox 656 2169 1022 2257; x_wconf 79' lang='lat' dir='ltr'><strong>okmtnyfelhoeatik).</strong></span> <span class='ocrx_word' id='word_1_80' title='bbox 1039 2207 1083 2220; x_wconf 92' lang='lat'>—</span> <span class='ocrx_word' id='word_1_81' title='bbox 1099 2207 1142 2220; x_wconf 91' lang='lat'><em>-</em></span> <span class='ocrx_word' id='word_1_82' title='bbox 1158 2169 1276 2240; x_wconf 83' lang='lat' dir='ltr'><strong>Tereia</strong></span> <span class='ocrx_word' id='word_1_83' title='bbox 1282 2171 1442 2259; x_wconf 85' lang='lat' dir='ltr'><strong>ipsarum,</strong></span> 
     </span>
     <span class='ocr_line' id='line_1_13' title="bbox 313 2277 1442 2368; baseline 0 -22"><span class='ocrx_word' id='word_1_84' title='bbox 313 2277 467 2348; x_wconf 85' lang='lat' dir='ltr'><strong>videlieet</strong></span> <span class='ocrx_word' id='word_1_85' title='bbox 490 2279 633 2368; x_wconf 75' lang='lat' dir='ltr'><strong>Capituli</strong></span> <span class='ocrx_word' id='word_1_86' title='bbox 656 2278 890 2366; x_wconf 72' lang='lat' dir='ltr'><strong>Strigoniensis</strong></span> <span class='ocrx_word' id='word_1_87' title='bbox 916 2279 1026 2348; x_wconf 88' lang='lat' dir='ltr'><strong>littera</strong></span> <span class='ocrx_word' id='word_1_88' title='bbox 1049 2299 1136 2348; x_wconf 89' lang='lat' dir='ltr'><strong>anno</strong></span> <span class='ocrx_word' id='word_1_89' title='bbox 1163 2279 1256 2348; x_wconf 87' lang='lat' dir='ltr'><strong>verbi</strong></span> <span class='ocrx_word' id='word_1_90' title='bbox 1279 2277 1442 2348; x_wconf 84' lang='lat' dir='ltr'><strong>inearnati</strong></span> 
     </span>
     <span class='ocr_line' id='line_1_14' title="bbox 313 2386 1443 2475; baseline 0.001 -22"><span class='ocrx_word' id='word_1_91' title='bbox 313 2386 484 2454; x_wconf 87' lang='lat' dir='ltr'><strong>millesimo</strong></span> <span class='ocrx_word' id='word_1_92' title='bbox 499 2387 721 2458; x_wconf 86' lang='lat' dir='ltr'><strong>dueentesimo</strong></span> <span class='ocrx_word' id='word_1_93' title='bbox 731 2387 984 2475; x_wconf 78' lang='lat' dir='ltr'><strong>quadragesimo</strong></span> <span class='ocrx_word' id='word_1_94' title='bbox 996 2395 1113 2474; x_wconf 85' lang='lat' dir='ltr'><strong>quarto</strong></span> <span class='ocrx_word' id='word_1_95' title='bbox 1123 2388 1261 2456; x_wconf 83' lang='lat' dir='ltr'><strong>suborta</strong></span> <span class='ocrx_word' id='word_1_96' title='bbox 1277 2409 1337 2458; x_wconf 88' lang='lat' dir='ltr'><strong>nos</strong></span> <span class='ocrx_word' id='word_1_97' title='bbox 1353 2394 1443 2456; x_wconf 89' lang='lat' dir='ltr'><strong>eate-</strong></span> 
     </span>
     <span class='ocr_line' id='line_1_15' title="bbox 313 2491 1441 2583; baseline 0.004 -24"><span class='ocrx_word' id='word_1_98' title='bbox 313 2513 374 2560; x_wconf 83' lang='lat' dir='ltr'><strong>nus</strong></span> <span class='ocrx_word' id='word_1_99' title='bbox 398 2491 565 2580; x_wconf 89' lang='lat' dir='ltr'><strong>edoeebat,</strong></span> <span class='ocrx_word' id='word_1_100' title='bbox 591 2495 679 2581; x_wconf 90' lang='lat' dir='ltr'><strong>qnod</strong></span> <span class='ocrx_word' id='word_1_101' title='bbox 694 2496 852 2582; x_wconf 81' lang='lat' dir='ltr'><strong>Deyohen</strong></span> <span class='ocrx_word' id='word_1_102' title='bbox 876 2494 1260 2583; x_wconf 80' lang='lat' dir='ltr'><strong>deNitria,Weyolrpel1</strong></span> <span class='ocrx_word' id='word_1_103' title='bbox 1285 2503 1319 2564; x_wconf 87' lang='lat' dir='ltr'><strong>el</strong></span> <span class='ocrx_word' id='word_1_104' title='bbox 1333 2497 1441 2564; x_wconf 84' lang='lat' dir='ltr'><strong>Adam</strong></span> 
     </span>
     <span class='ocr_line' id='line_1_16' title="bbox 314 2601 1440 2690; baseline 0.003 -23"><span class='ocrx_word' id='word_1_105' title='bbox 314 2601 356 2669; x_wconf 92' lang='lat' dir='ltr'><strong>de</strong></span> <span class='ocrx_word' id='word_1_106' title='bbox 370 2601 446 2668; x_wconf 91' lang='lat' dir='ltr'><strong>Aba</strong></span> <span class='ocrx_word' id='word_1_107' title='bbox 469 2621 511 2668; x_wconf 86' lang='lat' dir='ltr'><strong>ex</strong></span> <span class='ocrx_word' id='word_1_108' title='bbox 526 2623 591 2670; x_wconf 80' lang='lat' dir='ltr'><strong>vna</strong></span> <span class='ocrx_word' id='word_1_109' title='bbox 606 2608 718 2689; x_wconf 87' lang='lat' dir='ltr'><strong>parte;</strong></span> <span class='ocrx_word' id='word_1_110' title='bbox 746 2607 779 2672; x_wconf 92' lang='lat' dir='ltr'><strong>et</strong></span> <span class='ocrx_word' id='word_1_111' title='bbox 795 2601 910 2672; x_wconf 84' lang='lat' dir='ltr'><strong>(lomes</strong></span> <span class='ocrx_word' id='word_1_112' title='bbox 926 2602 1075 2672; x_wconf 84' lang='lat' dir='ltr'><strong>Andreas</strong></span> <span class='ocrx_word' id='word_1_113' title='bbox 1099 2603 1142 2671; x_wconf 92' lang='lat' dir='ltr'><strong>de</strong></span> <span class='ocrx_word' id='word_1_114' title='bbox 1156 2603 1245 2690; x_wconf 61' lang='grc' dir='ltr'><strong>ΕΗ]</strong></span> <span class='ocrx_word' id='word_1_115' title='bbox 1269 2622 1310 2670; x_wconf 87' lang='lat' dir='ltr'><strong>ex</strong></span> <span class='ocrx_word' id='word_1_116' title='bbox 1325 2605 1440 2690; x_wconf 86' lang='lat' dir='ltr'><strong>altera,</strong></span> 
     </span>
     <span class='ocr_line' id='line_1_17' title="bbox 313 2707 1441 2796; baseline 0.002 -20"><span class='ocrx_word' id='word_1_117' title='bbox 313 2707 357 2776; x_wconf 86' lang='lat' dir='ltr'><strong>ad</strong></span> <span class='ocrx_word' id='word_1_118' title='bbox 369 2707 474 2794; x_wconf 88' lang='lat' dir='ltr'><strong>ipsine</strong></span> <span class='ocrx_word' id='word_1_119' title='bbox 491 2708 633 2795; x_wconf 78' lang='lat' dir='ltr'><strong>Capituli</strong></span> <span class='ocrx_word' id='word_1_120' title='bbox 647 2709 883 2794; x_wconf 79' lang='lat' dir='ltr'><strong>strigoniensis</strong></span> <span class='ocrx_word' id='word_1_121' title='bbox 898 2709 1085 2780; x_wconf 87' lang='lat' dir='ltr'><strong>aoeedendo</strong></span> <span class='ocrx_word' id='word_1_122' title='bbox 1104 2709 1328 2796; x_wconf 81' lang='lat' dir='ltr'><strong>preseneiam3</strong></span> <span class='ocrx_word' id='word_1_123' title='bbox 1352 2709 1441 2778; x_wconf 93' lang='lat' dir='ltr'><strong>idem</strong></span> 
     </span>
     <span class='ocr_line' id='line_1_18' title="bbox 313 2814 1440 2905; baseline 0.004 -23"><span class='ocrx_word' id='word_1_124' title='bbox 313 2814 478 2904; x_wconf 78' lang='lat' dir='ltr'><strong>Deyehen,</strong></span> <span class='ocrx_word' id='word_1_125' title='bbox 504 2816 694 2905; x_wconf 82' lang='lat' dir='ltr'><strong>Weyehyelr</strong></span> <span class='ocrx_word' id='word_1_126' title='bbox 718 2823 752 2884; x_wconf 89' lang='lat' dir='ltr'><strong>et</strong></span> <span class='ocrx_word' id='word_1_127' title='bbox 773 2817 883 2886; x_wconf 88' lang='lat' dir='ltr'><strong>Adam</strong></span> <span class='ocrx_word' id='word_1_128' title='bbox 907 2817 1048 2886; x_wconf 89' lang='lat' dir='ltr'><strong>eoniessi</strong></span> <span class='ocrx_word' id='word_1_129' title='bbox 1072 2817 1232 2903; x_wconf 85' lang='lat' dir='ltr'><strong>inissent,</strong></span> <span class='ocrx_word' id='word_1_130' title='bbox 1255 2817 1345 2903; x_wconf 86' lang='lat' dir='ltr'><strong>qnod</strong></span> <span class='ocrx_word' id='word_1_131' title='bbox 1366 2839 1440 2886; x_wconf 88' lang='lat' dir='ltr'><strong>enm</strong></span> 
     </span>
     <span class='ocr_line' id='line_1_19' title="bbox 311 2922 1442 3011; baseline 0.002 -22"><span class='ocrx_word' id='word_1_132' title='bbox 311 2923 417 3010; x_wconf 89' lang='lat' dir='ltr'><strong>ipsum</strong></span> <span class='ocrx_word' id='word_1_133' title='bbox 432 2922 599 2992; x_wconf 78' lang='lat' dir='ltr'><strong>Andrean</strong></span> <span class='ocrx_word' id='word_1_134' title='bbox 626 2923 785 2994; x_wconf 79' lang='lat' dir='ltr'><strong>Comitem</strong></span> <span class='ocrx_word' id='word_1_135' title='bbox 810 2943 909 3011; x_wconf 91' lang='lat' dir='ltr'><strong>snper</strong></span> <span class='ocrx_word' id='word_1_136' title='bbox 925 2924 1002 2992; x_wconf 89' lang='lat' dir='ltr'><strong>dote</strong></span> <span class='ocrx_word' id='word_1_137' title='bbox 1026 2923 1158 2993; x_wconf 90' lang='lat' dir='ltr'><strong>domine</strong></span> <span class='ocrx_word' id='word_1_138' title='bbox 1173 2924 1349 2994; x_wconf 87' lang='lat' dir='ltr'><strong>Benediote</strong></span> <span class='ocrx_word' id='word_1_139' title='bbox 1375 2925 1442 2992; x_wconf 87' lang='lat' dir='ltr'><strong>filie</strong></span> 
     </span>
     <span class='ocr_line' id='line_1_20' title="bbox 311 3031 1442 3120; baseline 0.002 -22"><span class='ocrx_word' id='word_1_140' title='bbox 311 3031 432 3118; x_wconf 89' lang='lat' dir='ltr'><strong>Philip,</strong></span> <span class='ocrx_word' id='word_1_141' title='bbox 457 3039 534 3100; x_wconf 86' lang='lat' dir='ltr'><strong>tune</strong></span> <span class='ocrx_word' id='word_1_142' title='bbox 549 3031 660 3100; x_wconf 78' lang='lat' dir='ltr'><strong>axoris</strong></span> <span class='ocrx_word' id='word_1_143' title='bbox 685 3031 765 3100; x_wconf 88' lang='lat' dir='ltr'><strong>dieti</strong></span> <span class='ocrx_word' id='word_1_144' title='bbox 787 3032 955 3118; x_wconf 86' lang='lat' dir='ltr'><strong>Dayohen,</strong></span> <span class='ocrx_word' id='word_1_145' title='bbox 980 3049 1044 3117; x_wconf 86' lang='lat' dir='ltr'><strong>qne</strong></span> <span class='ocrx_word' id='word_1_146' title='bbox 1067 3032 1172 3120; x_wconf 91' lang='lat' dir='ltr'><strong>primo</strong></span> <span class='ocrx_word' id='word_1_147' title='bbox 1196 3031 1313 3100; x_wconf 85' lang='lat' dir='ltr'><strong>inisset</strong></span> <span class='ocrx_word' id='word_1_148' title='bbox 1337 3041 1442 3118; x_wconf 86' lang='lat' dir='ltr'><strong>nupta</strong></span> 
     </span>
     <span class='ocr_line' id='line_1_21' title="bbox 311 3137 1441 3228; baseline 0 -22"><span class='ocrx_word' id='word_1_149' title='bbox 311 3139 429 3207; x_wconf 87' lang='lat' dir='ltr'><strong>Ketlrel</strong></span> <span class='ocrx_word' id='word_1_150' title='bbox 446 3137 540 3206; x_wconf 83' lang='lat' dir='ltr'><strong>fratri</strong></span> <span class='ocrx_word' id='word_1_151' title='bbox 556 3137 686 3208; x_wconf 88' lang='lat' dir='ltr'><strong>Andree</strong></span> <span class='ocrx_word' id='word_1_152' title='bbox 712 3139 849 3209; x_wconf 80' lang='lat' dir='ltr'><strong>Comitis</strong></span> <span class='ocrx_word' id='word_1_153' title='bbox 874 3139 1103 3228; x_wconf 84' lang='lat' dir='ltr'><strong>prenominati,</strong></span> <span class='ocrx_word' id='word_1_154' title='bbox 1125 3160 1236 3209; x_wconf 90' lang='lat' dir='ltr'><strong>eoram</strong></span> <span class='ocrx_word' id='word_1_155' title='bbox 1258 3139 1441 3210; x_wconf 83' lang='lat' dir='ltr'><strong>venerabili</strong></span> 
     </span>
     <span class='ocr_line' id='line_1_22' title="bbox 312 3245 1441 3336; baseline 0.001 -22"><span class='ocrx_word' id='word_1_156' title='bbox 312 3254 407 3335; x_wconf 88' lang='lat' dir='ltr'><strong>patre</strong></span> <span class='ocrx_word' id='word_1_157' title='bbox 430 3246 597 3333; x_wconf 86' lang='lat' dir='ltr'><strong>Stephano</strong></span> <span class='ocrx_word' id='word_1_158' title='bbox 613 3245 873 3336; x_wconf 87' lang='lat' dir='ltr'><strong>Arehiepiseopo</strong></span> <span class='ocrx_word' id='word_1_159' title='bbox 896 3247 1053 3318; x_wconf 85' lang='lat' dir='ltr'><strong>traxisset</strong></span> <span class='ocrx_word' id='word_1_160' title='bbox 1077 3247 1111 3315; x_wconf 93' lang='lat' dir='ltr'><strong>in</strong></span> <span class='ocrx_word' id='word_1_161' title='bbox 1128 3267 1283 3334; x_wconf 68' lang='lat' dir='ltr'><strong>eausam</strong></span> <span class='ocrx_word' id='word_1_162' title='bbox 1308 3249 1441 3316; x_wconf 85' lang='lat' dir='ltr'><strong>tandem</strong></span> 
     </span>
     <span class='ocr_line' id='line_1_23' title="bbox 312 3352 1442 3444; baseline 0.002 -22"><span class='ocrx_word' id='word_1_163' title='bbox 312 3359 426 3422; x_wconf 86' lang='lat' dir='ltr'><strong>eontra</strong></span> <span class='ocrx_word' id='word_1_164' title='bbox 442 3352 576 3422; x_wconf 85' lang='lat' dir='ltr'><strong>eosdem</strong></span> <span class='ocrx_word' id='word_1_165' title='bbox 591 3353 763 3422; x_wconf 86' lang='lat' dir='ltr'><strong>eonnietns</strong></span> <span class='ocrx_word' id='word_1_166' title='bbox 777 3353 902 3441; x_wconf 84' lang='lat' dir='ltr'><strong>inisset,</strong></span> <span class='ocrx_word' id='word_1_167' title='bbox 929 3355 1014 3423; x_wconf 88' lang='lat' dir='ltr'><strong>sient</strong></span> <span class='ocrx_word' id='word_1_168' title='bbox 1032 3355 1121 3424; x_wconf 88' lang='lat' dir='ltr'><strong>idem</strong></span> <span class='ocrx_word' id='word_1_169' title='bbox 1134 3355 1320 3444; x_wconf 81' lang='lat' dir='ltr'><strong>Capitulum</strong></span> <span class='ocrx_word' id='word_1_170' title='bbox 1340 3357 1375 3423; x_wconf 93' lang='lat' dir='ltr'><strong>in</strong></span> <span class='ocrx_word' id='word_1_171' title='bbox 1391 3357 1442 3424; x_wconf 84' lang='lat' dir='ltr'><strong>lit·</strong></span> 
     </span>
     <span class='ocr_line' id='line_1_24' title="bbox 310 3459 1441 3553; baseline 0.004 -25"><span class='ocrx_word' id='word_1_172' title='bbox 310 3461 389 3528; x_wconf 88' lang='lat' dir='ltr'><strong>teris</strong></span> <span class='ocrx_word' id='word_1_173' title='bbox 403 3459 507 3547; x_wconf 85' lang='lat' dir='ltr'><strong>ipsine</strong></span> <span class='ocrx_word' id='word_1_174' title='bbox 516 3459 766 3548; x_wconf 88' lang='lat' dir='ltr'><strong>Arehiepiseopi</strong></span> <span class='ocrx_word' id='word_1_175' title='bbox 781 3461 920 3532; x_wconf 88' lang='lat' dir='ltr'><strong>vidisset</strong></span> <span class='ocrx_word' id='word_1_176' title='bbox 935 3463 1105 3551; x_wconf 84' lang='lat' dir='ltr'><strong>contineri,</strong></span> <span class='ocrx_word' id='word_1_177' title='bbox 1121 3483 1222 3553; x_wconf 88' lang='lat' dir='ltr'><strong>snper</strong></span> <span class='ocrx_word' id='word_1_178' title='bbox 1231 3465 1348 3534; x_wconf 60' lang='lat' dir='ltr'><strong>mem</strong></span> <span class='ocrx_word' id='word_1_179' title='bbox 1364 3464 1441 3534; x_wconf 83' lang='lat' dir='ltr'><strong>dote</strong></span> 
     </span>
     <span class='ocr_line' id='line_1_25' title="bbox 311 3567 1440 3656; baseline 0.005 -22"><span class='ocrx_word' id='word_1_180' title='bbox 311 3572 464 3653; x_wconf 88' lang='lat' dir='ltr'><strong>presente</strong></span> <span class='ocrx_word' id='word_1_181' title='bbox 473 3567 633 3636; x_wconf 85' lang='lat' dir='ltr'><strong>lliohaele</strong></span> <span class='ocrx_word' id='word_1_182' title='bbox 646 3569 808 3656; x_wconf 87' lang='lat' dir='ltr'><strong>pristaldo</strong></span> <span class='ocrx_word' id='word_1_183' title='bbox 819 3590 930 3639; x_wconf 90' lang='lat' dir='ltr'><strong>eornm</strong></span> <span class='ocrx_word' id='word_1_184' title='bbox 941 3572 1159 3641; x_wconf 87' lang='lat' dir='ltr'><strong>satieieeisset</strong></span> <span class='ocrx_word' id='word_1_185' title='bbox 1177 3591 1250 3638; x_wconf 89' lang='lat' dir='ltr'><strong>enm</strong></span> <span class='ocrx_word' id='word_1_186' title='bbox 1263 3573 1440 3656; x_wconf 78' lang='lat' dir='ltr'><strong>sexaginta</strong></span> 
     </span>
     <span class='ocr_line' id='line_1_26' title="bbox 311 3673 1440 3766; baseline 0.004 -24"><span class='ocrx_word' id='word_1_187' title='bbox 311 3673 453 3742; x_wconf 84' lang='lat' dir='ltr'><strong>marchia</strong></span> <span class='ocrx_word' id='word_1_188' title='bbox 468 3694 578 3742; x_wconf 87' lang='lat' dir='ltr'><strong>eoram</strong></span> <span class='ocrx_word' id='word_1_189' title='bbox 594 3676 677 3762; x_wconf 91' lang='lat' dir='ltr'><strong>ipso,</strong></span> <span class='ocrx_word' id='word_1_190' title='bbox 695 3684 728 3747; x_wconf 93' lang='lat' dir='ltr'><strong>et</strong></span> <span class='ocrx_word' id='word_1_191' title='bbox 746 3677 810 3765; x_wconf 89' lang='lat' dir='ltr'><strong>ipsi</strong></span> <span class='ocrx_word' id='word_1_192' title='bbox 826 3679 993 3764; x_wconf 85' lang='lat' dir='ltr'><strong>Deyehen,</strong></span> <span class='ocrx_word' id='word_1_193' title='bbox 1013 3680 1179 3766; x_wconf 82' lang='lat' dir='ltr'><strong>Weythph</strong></span> <span class='ocrx_word' id='word_1_194' title='bbox 1194 3686 1228 3746; x_wconf 89' lang='lat' dir='ltr'><strong>et</strong></span> <span class='ocrx_word' id='word_1_195' title='bbox 1243 3678 1350 3748; x_wconf 89' lang='lat' dir='ltr'><strong>Adam</strong></span> <span class='ocrx_word' id='word_1_196' title='bbox 1366 3701 1440 3749; x_wconf 85' lang='lat' dir='ltr'><strong>eon·</strong></span> 
     </span>
     <span class='ocr_line' id='line_1_27' title="bbox 310 3780 1440 3877; baseline 0.006 -28"><span class='ocrx_word' id='word_1_197' title='bbox 310 3781 391 3852; x_wconf 80' lang='lat' dir='ltr'><strong>fossi</strong></span> <span class='ocrx_word' id='word_1_198' title='bbox 405 3780 552 3867; x_wconf 82' lang='lat' dir='ltr'><strong>inissent,</strong></span> <span class='ocrx_word' id='word_1_199' title='bbox 569 3783 680 3870; x_wconf 87' lang='lat' dir='ltr'><strong>utsibi,</strong></span> <span class='ocrx_word' id='word_1_200' title='bbox 708 3793 741 3854; x_wconf 88' lang='lat' dir='ltr'><strong>et</strong></span> <span class='ocrx_word' id='word_1_201' title='bbox 756 3785 822 3874; x_wconf 91' lang='lat' dir='ltr'><strong>ipsi</strong></span> <span class='ocrx_word' id='word_1_202' title='bbox 836 3787 975 3874; x_wconf 90' lang='lat' dir='ltr'><strong>domine,</strong></span> <span class='ocrx_word' id='word_1_203' title='bbox 993 3787 1111 3855; x_wconf 84' lang='lat' dir='ltr'><strong>fnisset</strong></span> <span class='ocrx_word' id='word_1_204' title='bbox 1125 3789 1273 3877; x_wconf 89' lang='lat' dir='ltr'><strong>plenarie</strong></span> <span class='ocrx_word' id='word_1_205' title='bbox 1291 3789 1440 3856; x_wconf 84' lang='lat' dir='ltr'><strong>salisian-</strong></span> 
     </span>
     <span class='ocr_line' id='line_1_28' title="bbox 310 3892 1440 3966; baseline 0.004 -7"><span class='ocrx_word' id='word_1_206' title='bbox 310 3899 379 3959; x_wconf 89' lang='lat' dir='ltr'><strong>tum</strong></span> <span class='ocrx_word' id='word_1_207' title='bbox 394 3893 458 3962; x_wconf 89' lang='lat' dir='ltr'><strong>stb.</strong></span> <span class='ocrx_word' id='word_1_208' title='bbox 474 3892 594 3960; x_wconf 84' lang='lat' dir='ltr'><strong>Datum</strong></span> <span class='ocrx_word' id='word_1_209' title='bbox 607 3894 702 3962; x_wconf 86' lang='lat' dir='ltr'><strong>Bnde</strong></span> <span class='ocrx_word' id='word_1_210' title='bbox 716 3896 771 3963; x_wconf 80' lang='lat'><strong>39.</strong></span> <span class='ocrx_word' id='word_1_211' title='bbox 784 3894 837 3963; x_wconf 92' lang='lat' dir='ltr'><strong>die</strong></span> <span class='ocrx_word' id='word_1_212' title='bbox 853 3901 1042 3966; x_wconf 86' lang='lat' dir='ltr'><strong>oetanarum</strong></span> <span class='ocrx_word' id='word_1_213' title='bbox 1052 3897 1147 3966; x_wconf 89' lang='lat' dir='ltr'><strong>Beati</strong></span> <span class='ocrx_word' id='word_1_214' title='bbox 1157 3898 1329 3966; x_wconf 76' lang='lat' dir='ltr'><strong>Michaelis</strong></span> <span class='ocrx_word' id='word_1_215' title='bbox 1338 3897 1440 3966; x_wconf 86' lang='lat' dir='ltr'><strong>Arah-</strong></span> 
     </span>
     <span class='ocr_line' id='line_1_29' title="bbox 311 3999 1016 4086; baseline 0.007 -18"><span class='ocrx_word' id='word_1_216' title='bbox 311 3999 422 4086; x_wconf 76' lang='lat' dir='ltr'><strong>angeli</strong></span> <span class='ocrx_word' id='word_1_217' title='bbox 438 4019 524 4068; x_wconf 87' lang='lat' dir='ltr'><strong>enno</strong></span> <span class='ocrx_word' id='word_1_218' title='bbox 539 4000 671 4071; x_wconf 88' lang='lat' dir='ltr'><strong>Domini</strong></span> <span class='ocrx_word' id='word_1_219' title='bbox 687 4002 732 4070; x_wconf 70' lang='grc' dir='ltr'><strong>Μ’</strong></span> <span class='ocrx_word' id='word_1_220' title='bbox 743 4001 864 4071; x_wconf 72' lang='grc' dir='ltr'><strong>00οΨ</strong></span> <span class='ocrx_word' id='word_1_221' title='bbox 874 4003 1016 4073; x_wconf 71' lang='lat' dir='ltr'>XX0110.</span> 
     </span>
    </p>
   </div>
   <div class='ocr_carea' id='block_1_4' title="bbox 311 4196 1440 4366">
    <p class='ocr_par' dir='ltr' id='par_1_4' title="bbox 311 4196 1440 4366">
     <span class='ocr_line' id='line_1_30' title="bbox 311 4196 1440 4263; baseline 0.004 -11"><span class='ocrx_word' id='word_1_222' title='bbox 311 4197 396 4263; x_wconf 76' lang='lat' dir='ltr'><strong>(Enen</strong></span> <span class='ocrx_word' id='word_1_223' title='bbox 415 4196 608 4254; x_wconf 73' lang='lat' dir='ltr'><strong>itellilevdlnelr</strong></span> <span class='ocrx_word' id='word_1_224' title='bbox 629 4200 748 4254; x_wconf 84' lang='lat' dir='ltr'><strong>eredetie</strong></span> <span class='ocrx_word' id='word_1_225' title='bbox 761 4216 779 4254; x_wconf 85' lang='lat' dir='ltr'><strong>a</strong></span> <span class='ocrx_word' id='word_1_226' title='bbox 792 4202 876 4254; x_wconf 88' lang='lat' dir='ltr'><strong>budai</strong></span> <span class='ocrx_word' id='word_1_227' title='bbox 891 4203 943 4256; x_wconf 88' lang='lat' dir='ltr'><strong>kir.</strong></span> <span class='ocrx_word' id='word_1_228' title='bbox 963 4202 1086 4256; x_wconf 72' lang='lat' dir='ltr'><strong>lammai</strong></span> <span class='ocrx_word' id='word_1_229' title='bbox 1105 4200 1282 4256; x_wconf 78' lang='lat' dir='ltr'><strong>loveletrben.</strong></span> <span class='ocrx_word' id='word_1_230' title='bbox 1302 4203 1335 4258; x_wconf 89' lang='lat' dir='ltr'><strong>V.</strong></span> <span class='ocrx_word' id='word_1_231' title='bbox 1346 4209 1371 4256; x_wconf 81' lang='lat' dir='ltr'><strong>o.</strong></span> <span class='ocrx_word' id='word_1_232' title='bbox 1385 4203 1440 4257; x_wconf 87' lang='lat' dir='ltr'><strong>Olr·</strong></span> 
     </span>
     <span class='ocr_line' id='line_1_31' title="bbox 364 4285 1390 4366; baseline 0.006 -26"><span class='ocrx_word' id='word_1_233' title='bbox 364 4285 547 4355; x_wconf 71' lang='lat' dir='ltr'><strong>minytlrunk</strong></span> <span class='ocrx_word' id='word_1_234' title='bbox 559 4287 682 4344; x_wconf 79' lang='lat' dir='ltr'><strong>mlsodilr</strong></span> <span class='ocrx_word' id='word_1_235' title='bbox 694 4287 870 4359; x_wconf 76' lang='lat' dir='ltr'><strong>iolyamlnalr</strong></span> <span class='ocrx_word' id='word_1_236' title='bbox 882 4291 896 4343; x_wconf 93' lang='lat'>1</span> <span class='ocrx_word' id='word_1_237' title='bbox 917 4292 974 4346; x_wconf 83' lang='lat' dir='ltr'><strong>lrllt.</strong></span> <span class='ocrx_word' id='word_1_238' title='bbox 988 4293 1051 4347; x_wconf 75' lang='grc'><strong>297.</strong></span> <span class='ocrx_word' id='word_1_239' title='bbox 1062 4309 1099 4345; x_wconf 82' lang='lat' dir='ltr'><strong>aa.</strong></span> <span class='ocrx_word' id='word_1_240' title='bbox 1113 4290 1141 4345; x_wconf 76' lang='lat' dir='ltr'><strong>ds</strong></span> <span class='ocrx_word' id='word_1_241' title='bbox 1153 4293 1190 4345; x_wconf 93' lang='lat'><strong>11.</strong></span> <span class='ocrx_word' id='word_1_242' title='bbox 1207 4293 1264 4347; x_wconf 79' lang='lat' dir='ltr'><strong>ket.</strong></span> <span class='ocrx_word' id='word_1_243' title='bbox 1280 4295 1322 4347; x_wconf 83' lang='grc'><strong>98.</strong></span> <span class='ocrx_word' id='word_1_244' title='bbox 1339 4291 1390 4366; x_wconf 83' lang='lat' dir='ltr'><strong>aa.)</strong></span> 
     </span>
    </p>
   </div>
   <div class='ocr_carea' id='block_1_5' title="bbox 0 0 1598 5188">
    <p class='ocr_par' dir='ltr' id='par_1_5' title="bbox 0 0 1598 5188">
     <span class='ocr_line' id='line_1_32' title="bbox 0 0 1598 5188; baseline 0 0"><span class='ocrx_word' id='word_1_245' title='bbox 0 0 1598 5188; x_wconf 95' lang='lat' dir='ltr'><strong> </strong></span> 
     </span>
    </p>
   </div>
  </div>
 </body>
</html>
