3186 5188
922 223 1082 328 —19-0-

435 417 487 488 vel
513 418 613 487 debiti
638 421 835 488 exsolantur.
860 421 912 489 Ad
937 424 998 490 lroc
1020 424 1169 491 volumus
1185 431 1217 490 et
1232 420 1449 507 concedimus,
1476 416 1570 504 quod

436 529 557 595 nemini
583 533 675 596 extra
700 550 808 597 muros
834 528 987 599 Ciuitatis
1003 531 1037 598 in
1052 531 1166 616 eliqua
1189 550 1290 614 ceusu
1305 529 1502 619 respondere
1517 537 1570 596 te·

434 642 581 722 ncnutur,
607 635 665 705 sed
689 637 873 723 quicunque
888 658 962 706 cum
978 639 1061 729 ipsis
1076 660 1175 724 agere
1189 639 1338 725 voluerit,
1355 658 1465 706 coram
1480 640 1569 725 ipso·

434 768 504 816 rum
519 748 636 816 Judice
652 746 783 816 eosdem
799 748 984 834 conueniat,
1004 747 1464 818 secundumconsuetudinem
1480 746 1568 833 ipsc·

433 877 504 924 rum
519 855 676 925 haetenus
688 856 907 927 obseruatum.
924 857 1064 927 Obsides
1080 857 1180 926 etiem
1195 861 1237 927 ab
1250 857 1333 944 ipsis
1349 879 1415 926 non
1430 855 1568 944 recipie-

433 985 514 1052 mus,
532 986 604 1033 cum
620 985 750 1053 semper
774 987 815 1032 ex
830 973 924 1053 parto
947 965 1116 1035 fidelitatis
1141 965 1333 1050 exstiterint,
1350 972 1383 1033 et
1398 964 1566 1049 existent,

433 1072 493 1142 sed
516 1072 551 1140 in
576 1081 689 1143 nostra
715 1071 814 1142 Curia
836 1075 958 1142 seruire
974 1074 1156 1144 volentibus
1170 1074 1377 1162 stipendium,
1394 1073 1494 1142 sicuti
1509 1091 1567 1138 uo·

431 1183 508 1250 stris
520 1182 756 1269 impendemus,
783 1189 816 1250 et
831 1179 979 1250 morandi
996 1183 1050 1250 vel
1063 1181 1262 1267 discedendi,
1279 1201 1351 1251 cum
1366 1181 1414 1250 eis
1430 1180 1563 1269 placue-

430 1293 481 1377 rit,
498 1292 636 1361 liberem
650 1291 796 1359 habeant
810 1289 1009 1376 facultatem,
1029 1290 1217 1377 uallumque
1233 1309 1330 1379 super
1344 1291 1408 1358 hoc
1422 1289 1473 1356 eis
1489 1307 1565 1374 gre·

429 1421 546 1469 namen
557 1401 609 1469 vel
619 1399 771 1468 molestia
785 1399 952 1468 inferatur.
969 1399 1005 1466 Si
1016 1409 1125 1470 autem
1142 1400 1262 1487 aliquis
1276 1400 1422 1488 ipsorum
1435 1397 1562 1466 ciuium

428 1509 562 1596 negotia
586 1509 619 1575 in
644 1513 731 1576 terre
749 1526 808 1575 seu
823 1507 906 1577 mari
921 1507 1111 1594 exercuerit,
1134 1509 1260 1576 nullum
1276 1508 1445 1594 persoluat
1460 1505 1562 1593 pode-

429 1619 527 1706 gium,
545 1617 733 1702 nullumque
756 1616 912 1688 tributum
939 1616 1075 1686 reddere
1090 1622 1249 1684 teneatur.
1267 1617 1367 1684 Porro
1383 1615 1490 1701 siquis
1505 1634 1559 1680 ex·

427 1735 560 1796 traneus
576 1726 617 1794 de
625 1728 738 1811 Regno
753 1733 864 1795 nostro
880 1727 934 1794 vel
950 1724 1082 1794 aliunde
1097 1745 1169 1794 cum
1188 1744 1299 1812 uxore,
1316 1724 1393 1809 lilijs
1409 1729 1444 1790 et
1459 1721 1557 1788 bonis

423 1837 502 1922 suis,
518 1841 650 1924 propter
666 1833 924 1920 indignationem
939 1834 1079 1918 Regiam
1094 1841 1209 1904 contra
1223 1833 1330 1922 ipsum
1346 1837 1497 1899 exortem
1515 1830 1558 1897 ad

423 1949 634 2014 memoratam
659 1942 831 2012 ciuitatem
857 1942 1049 2030 confugerit,
1075 1942 1212 2010 liberum
1227 1942 1270 2009 sit
1295 1940 1422 2010 ciuibus
1446 1939 1558 2026 ipsum

424 2059 610 2142 receptare,
643 2071 780 2136 eumque
803 2049 890 2120 iufra
918 2051 1062 2137 spatium
1093 2057 1219 2139 septem
1250 2051 1375 2118 dierum
1401 2051 1555 2132 rotinere,

424 2168 500 2249 poet
515 2181 597 2248 quoe
613 2161 641 2229 si
656 2160 795 2246 matiam
806 2159 945 2245 Regiam
961 2160 1107 2228 obtinere
1122 2159 1253 2228 iuterim
1268 2157 1464 2244 nequiuerit,
1482 2177 1556 2224 cum

424 2269 585 2338 uniuersis
610 2269 706 2337 rebus
732 2267 800 2336 suis
825 2269 917 2337 abire
948 2266 1051 2337 libere
1075 2267 1290 2356 permittatur.
1321 2266 1505 2334 Praeterea
1530 2265 1557 2332 si

403 2375 498 2463 ·quis
524 2395 565 2444 cx
588 2375 716 2444 ciuibus
740 2375 844 2463 ipsius
859 2373 1011 2444 Ciuitatis
1033 2375 1099 2444 alio
1130 2377 1178 2443 ire
1210 2373 1351 2445 voluerit
1382 2393 1488 2442 causa
1508 2373 1552 2440 iu·

425 2485 473 2552 ibi
496 2482 728 2570 commorandi,
751 2504 865 2553 secure
887 2505 961 2552 cum
983 2504 1095 2571 uxore,
1119 2485 1206 2570 filijs,
1232 2483 1370 2570 familia,
1396 2489 1430 2551 et
1453 2483 1555 2552 omni-

427 2594 487 2661 bus
503 2593 688 2679 rebussuis,
704 2612 895 2680 quocunque
912 2593 975 2662 sibi
985 2594 1156 2680 placuerit,
1172 2593 1222 2661 ire
1236 2593 1373 2680 pooifice
1387 2593 1555 2679 permitta-

426 2711 488 2771 tur.
504 2700 558 2768 Ad
573 2702 634 2772 hoc
648 2701 803 2772 terminos
818 2702 974 2788 territorij
991 2707 1023 2770 et
1038 2703 1281 2789 possessionum
1297 2701 1488 2768 antedictae
1505 2698 1554 2765 Oi·

425 2809 547 2897 uitatis,
564 2811 648 2879 sicut
661 2809 695 2878 iu
705 2816 1138 2879 antecessorumnostrorum
1154 2809 1338 2898 priuilegiJe
1347 2808 1555 2895 inspeximus

425 2919 590 3006 contineri,
616 2918 842 3005 praesentibus
856 2917 1007 2986 duximus
1029 2916 1231 3004 inserendos,
1247 2925 1281 2986 et
1294 2917 1416 3005 pariter
1440 2918 1557 2984 contir-

424 3027 578 3113 mundos,
604 3026 652 3094 ita
666 3033 741 3094 uta
765 3027 948 3114 columpna,
974 3046 1059 3111 quac
1083 3033 1134 3095 est
1149 3026 1211 3094 sub
1226 3027 1366 3112 (lostmg
1386 3025 1555 3111 quondum

424 3137 509 3203 iuter
530 3135 620 3223 ipsos
635 3134 724 3203 ciues
740 3139 774 3201 et
787 3135 1011 3221 Spelleteuses
1031 3136 1107 3220 sita,
1134 3141 1184 3203 cst
1208 3155 1267 3221 pro
1293 3131 1430 3200 termino
1447 3151 1555 3217 usquc

424 3241 469 3312 ad
483 3241 607 3327 villam,
623 3261 707 3326 quac
718 3240 910 3328 Smoguicae
925 3250 1140 3330 nuncupatur,
1157 3241 1267 3310 nudus
1282 3241 1412 3310 omniuo
1430 3239 1556 3307 audeat

424 3351 514 3438 ipsos
530 3351 722 3436 inquietare,
739 3369 799 3418 nee
814 3348 843 3418 si
862 3349 949 3417 intre
958 3356 1153 3420 memoratos
1170 3351 1325 3418 terminos
1341 3349 1467 3434 uliquis
1483 3347 1553 3414 iure

425 3457 621 3526 hereditario
645 3457 884 3544 possessiouem
901 3459 1060 3546 habuerit,
1086 3457 1171 3526 siout
1185 3456 1289 3527 decet.
1312 3459 1460 3528 Nomina
1477 3477 1554 3524 vero

424 3565 574 3634 villarum
590 3585 647 3635 sen
673 3567 826 3652 locorum,
849 3587 935 3652 quae
949 3566 1035 3635 intra
1050 3575 1326 3656 praememoratos
1342 3566 1505 3635 terminos
1521 3565 1561 3640 iu

425 3673 687 3763 possessionibus
703 3675 822 3743 totiens
842 3673 949 3744 dictae
965 3675 1169 3761 Traguriuae
1185 3674 1337 3744 Ciuitatis
1362 3674 1397 3742 in
1412 3672 1553 3762 praede

425 3802 591 3852 cessorum
606 3790 790 3852 nostrorum
806 3783 988 3870 priuilegijs
1011 3783 1243 3870 exprimuntur,
1267 3789 1344 3852 sunt
1361 3783 1467 3850 haec:
1492 3782 1555 3847 llo-

423 3889 601 3958 nasterium
611 3889 722 3958 Sancti
731 3889 819 3957 Petri
835 3888 876 3956 de
887 3887 1049 3958 Olobouzo
1059 3910 1132 3958 cum
1142 3891 1348 3979 pertiuentiis
1363 3888 1456 3977 suis3
1473 3889 1554 3957 villa

422 3999 525 4086 Bincy
541 4019 614 4067 cum
628 4005 697 4068 toto
712 3997 875 4065 territorio
891 4017 968 4083 euo;
994 4004 1027 4065 ct
1050 3998 1200 4068 Ecclesia
1214 3999 1326 4067 Sancti
1343 3997 1467 4066 Vitatis
1482 4019 1553 4066 cum

422 4105 582 4175 territorio
597 4126 675 4191 euo;
691 4106 842 4175 Ecclesia
855 4107 967 4174 Sancti
983 4103 1116 4192 Georgij
1134 4127 1207 4174 cum
1222 4105 1385 4176 territorio
1403 4125 1482 4190 euo;
1497 4125 1553 4191 pe·

422 4235 502 4283 seue
517 4215 638 4301 Biuulij
654 4235 726 4283 cnm
742 4216 892 4284 omnibus
916 4216 1122 4303 pertiuentijs
1139 4218 1226 4302 suis,
1243 4236 1380 4304 campus
1395 4212 1552 4301 urngnrij

422 4344 494 4390 cum
519 4324 606 4392 omui
631 4324 764 4392 introitu
787 4331 820 4392 et
834 4323 925 4392 exitu
941 4343 1019 4410 euo;
1045 4329 1147 4393 totum
1163 4325 1357 4393 Menolinum
1383 4342 1459 4392 cum
1485 4341 1549 4391 om·

421 4431 516 4498 nibus
542 4430 802 4517 circumstantijs,
827 4430 917 4516 agris
928 4479 937 4515 ,
964 4431 1128 4499 montibus
1152 4437 1187 4499 et
1210 4432 1353 4502 vallibus
1377 4449 1484 4516 usqne
1510 4426 1552 4494 ad

421 4539 593 4624 smoquice
607 4541 755 4626 superius
772 4545 991 4610 memoratum.
1009 4537 1118 4622 Siquis
1129 4545 1238 4608 autem
1257 4559 1357 4626 super
1372 4533 1548 4606 antedictis
