3168 5186
409 480 492 527 nem.
518 459 700 544 Religionis
716 457 844 525 domum
861 461 992 530 Domini
1010 465 1194 534 decorantis
1209 464 1434 532 desiderantes
1450 481 1528 545 aug·

408 569 555 653 mentari,
581 567 610 635 si
625 575 735 634 nostro
751 567 783 632 iu
800 567 861 634 bac
886 579 979 656 parte
1004 575 1135 643 affectui
1160 575 1338 643 contrarius
1351 569 1527 656 quomodo-

404 678 484 744 libet
509 676 662 745 suceedat
686 675 831 765 effectus,
856 678 1066 748 uehementer
1089 683 1264 752 dolendum
1289 690 1338 749 est
1362 679 1474 764 nobis,
1497 687 1526 744 et

401 789 565 855 salubrem
588 786 676 853 circa
692 784 753 852 hoc
772 784 927 853 debemus
951 789 1107 858 adbibere
1134 793 1294 860 medelam
1318 786 1526 858 solicitudine

402 903 574 984 oportuna.
599 892 686 960 Saue
710 893 793 960 sicut
818 895 1003 981 accepimus
1027 899 1145 970 dilecto
1170 901 1238 969 filio
1254 900 1384 966 Abbate
1409 897 1524 964 Sancti

401 1003 531 1072 Martini
546 1021 647 1088 snpra
655 1000 855 1078 Pannoniam
870 1001 914 1068 ad
923 1005 1102 1074 Romanam
1113 1009 1293 1076 Ecclesiam
1306 1007 1394 1074 nullo
1414 1005 1524 1071 medio

400 1110 590 1200 pertinentis
605 1107 737 1176 Ordinis
752 1108 863 1175 Sancti
882 1111 1048 1181 Benedicti
1064 1117 1245 1185 lauriensis
1262 1117 1412 1182 Diocesis
1438 1113 1521 1179 refe-

400 1229 500 1306 rente,
515 1219 609 1287 Beati
625 1215 794 1287 Benedicti
810 1218 1099 1292 exoellentissimus
1116 1225 1193 1293 ordo
1205 1227 1240 1293 in
1255 1227 1364 1310 Regno
1375 1223 1525 1308 Vngarie

399 1339 468 1398 tum
492 1335 625 1416 propter
650 1327 755 1412 ipsius
780 1326 885 1410 Regni
911 1327 1194 1417 depopulationem
1220 1355 1242 1400 a
1265 1334 1415 1400 Tartaris
1442 1330 1523 1398 olim

400 1438 534 1524 factam,
559 1445 627 1505 tum
642 1441 774 1522 propter
788 1434 953 1503 Abbatum
970 1445 1002 1505 et
1018 1442 1248 1510 monachorum
1264 1444 1297 1510 iu
1311 1438 1523 1509 monasteriis

400 1545 545 1614 eiusdem
555 1545 660 1628 Regni
674 1544 860 1628 degentium
875 1545 1080 1614 insolentiam
1092 1550 1135 1617 ad
1149 1558 1275 1618 tantam
1290 1547 1523 1618 dissolncionis

400 1656 563 1724 miseriam
579 1653 645 1720 iam
655 1652 794 1738 deuenit,
812 1652 899 1735 quod
915 1655 1045 1722 omnino
1055 1658 1176 1744 peribit
1191 1659 1319 1744 ibidem,
1340 1657 1404 1724 uisi
1420 1655 1522 1724 celeri

398 1763 502 1832 eidem
527 1761 671 1829 remedio
688 1779 746 1845 per
760 1759 913 1826 Diuinam
938 1763 1142 1832 clementiam
1167 1774 1199 1832 et
1213 1764 1403 1852 Apostolice
1420 1762 1521 1830 Sedis

396 1869 635 1959 prouidentiam
652 1872 849 1935 succuratnr.
870 1869 962 1935 Vnde
978 1891 1037 1938 nos
1054 1869 1095 1938 de
1112 1873 1224 1940 codem
1241 1871 1368 1938 Abbate
1385 1871 1520 1957 plenam

397 1981 430 2047 in
446 1979 584 2048 Domino
600 1975 751 2043 fiduciam
777 1976 969 2059 obtinentes,
994 1979 1137 2065 eligendi
1161 1989 1226 2048 tres
1243 1982 1387 2047 Abbates
1411 1979 1520 2066 ipsius

399 2086 530 2154 Ordinis
546 2085 649 2153 zelum
665 2083 833 2167 babentes,
858 2085 963 2170 ipsius
978 2107 1049 2154 cum
1067 2090 1204 2156 consilio
1219 2096 1252 2156 et
1266 2108 1404 2156 assensu
1418 2086 1518 2174 (lapi-

395 2195 454 2262 tuli
477 2193 557 2260 dicti
573 2191 705 2259 Ordinis
730 2191 903 2276 generalis,
930 2212 971 2260 ao
995 2215 1061 2262 una
1085 2216 1158 2264 cum
1183 2197 1306 2266 eisdem
1329 2194 1517 2262 Abbatibus

394 2304 587 2391 regulariter
603 2299 767 2384 uisitandi,
794 2303 974 2388 corrigendi
992 2313 1024 2372 et
1039 2305 1237 2374 reformandi
1252 2307 1447 2374 auctoritate
1463 2325 1516 2372 no

393 2423 462 2482 stra
477 2413 511 2480 in
526 2411 663 2500 prelatis
681 2410 886 2478 monasteriis
903 2417 970 2478 lam
987 2413 1020 2479 in
1041 2415 1158 2501 eapite,
1184 2434 1282 2500 quam
1297 2415 1331 2480 in
1348 2413 1515 2496 membris,

393 2543 456 2608 que
471 2520 678 2603 uisitationis,
703 2519 911 2587 correctionis
928 2527 962 2587 et
986 2520 1224 2592 reformationis
1249 2522 1356 2590 officio
1372 2521 1514 2589 uiderint

392 2631 548 2717 indigere,
573 2629 703 2716 plenam
719 2627 782 2695 sibi
799 2629 1017 2697 concessimus
1035 2630 1097 2698 hae
1113 2633 1185 2698 uice
1200 2652 1258 2719 per
1277 2637 1407 2699 nostras
1426 2629 1511 2696 litte-

392 2759 446 2807 ras
471 2740 669 2807 facultatem.
696 2737 856 2816 Quocirca
871 2737 1079 2808 Vniuersitati
1103 2747 1211 2810 nestre
1236 2761 1296 2828 per
1318 2739 1508 2827 Apostoliea

391 2846 513 2935 scripta
528 2848 562 2914 iu
577 2848 697 2914 virtute
715 2845 898 2915 obedientis
915 2847 1061 2914 districte
1076 2848 1286 2937 precipiendo
1305 2845 1511 2931 mandamns,

391 2962 550 3042 quatenus
566 2955 723 3036 Abbates,
740 2954 871 3022 Priores
887 2973 945 3023 seu
961 2957 1149 3042 monachos,
1174 2976 1254 3042 quoa
1272 2955 1510 3042 incorrigibiles

388 3067 559 3151 inuenerit,
579 3071 612 3131 et
627 3084 737 3130 eorum
752 3061 800 3129 sic
825 3061 1029 3148 exigentibus
1053 3066 1158 3152 culpis
1179 3065 1283 3132 dictus
1305 3065 1419 3131 Abbas
1435 3083 1507 3130 cnm

389 3175 513 3243 eisdem
528 3174 633 3242 tribus
648 3172 831 3240 Abbatibus
848 3172 911 3239 sibi
928 3174 1019 3240 iuxta
1028 3177 1173 3241 tenorem
1194 3172 1414 3241 concessionis
1422 3171 1508 3258 Apo-

388 3284 502 3352 stolice
518 3282 734 3368 adiungendis
759 3283 951 3366 regulariter
967 3283 1129 3369 punierint
1144 3302 1201 3350 seu
1216 3282 1440 3350 constituerint
1453 3281 1502 3364 jn·

388 3391 482 3461 sticia
504 3393 655 3478 exigente
675 3391 771 3476 juxta
786 3390 891 3477 ipsius
908 3389 1039 3460 Ordinis
1065 3392 1225 3478 instituta,
1243 3391 1332 3459 nullo
1358 3389 1507 3456 modain

387 3521 448 3568 sua
462 3500 599 3568 loueatis
616 3499 800 3583 rebellione,
819 3519 876 3566 seu
891 3499 989 3567 etiam
1004 3498 1199 3568 defendatis.
1216 3501 1338 3567 Datum
1353 3499 1504 3582 Anagnia

388 3611 443 3677 VI.
460 3604 539 3678 Idus
556 3608 706 3678 Octobris
722 3606 932 3676 Pontificatus
948 3607 1050 3676 nostri
1065 3628 1152 3676 auno
1169 3606 1321 3675 secundo.

575 3809 714 3875 (Bredetie
727 3825 745 3861 a
756 3807 951 3874 pannoubalmi
964 3804 1107 3875 lb'apttsdg
1119 3803 1325 3873 lsvtlrtrtban.)

998 4087 1053 4106 ...ι
1074 4088 1081 4099 v
