3252 5198
838 315 1000 415 ”jd-

357 519 402 584 ad
416 537 476 584 nos
492 516 666 602 pertinent,
691 509 754 579 sibi
771 517 952 595 usurparet.
970 508 1049 573 Cum
1066 525 1145 589 ergo
1170 504 1266 572 nobis
1286 504 1494 572 eonstitisset

357 627 401 692 ad
417 626 560 711 plenum,
584 620 722 687 terciam
737 625 866 706 partem
881 614 1051 681 memorati
1068 612 1178 677 tributi
1194 611 1238 676 ad
1254 610 1494 679 monasterium

360 731 539 800 antefatum
553 728 736 816 pertinere,
763 723 869 792 eidem
888 722 1040 788 duximus
1062 718 1307 801 restituendam,
1333 717 1404 785 iure
1419 739 1495 806 per-

359 847 457 926 petuo
474 837 582 923 quieta
607 842 639 902 et
653 833 790 920 paoifiee
806 833 849 897 ab
866 831 982 896 eodem
1001 824 1244 914 possidendam.
1274 828 1318 893 Vt
1333 846 1411 910 ergo
1428 846 1495 892 me

360 953 488 1015 morata
503 945 681 1027 restitucio,
707 941 854 1027 legitime
871 939 970 1022 saeta,
988 938 1082 1003 salua
1101 955 1229 1021 semper
1244 940 1278 1000 et
1298 933 1496 1002 inoononssa

362 1060 566 1140 permaneat,
589 1073 649 1118 neo
665 1051 773 1137 possit
790 1050 831 1114 ab
849 1049 959 1132 aliquo
975 1045 1190 1130 imposterum
1206 1041 1271 1106 iam
1286 1042 1411 1110 tociens
1428 1041 1496 1108 dio·

363 1169 430 1228 tum
455 1160 688 1229 monasterium
712 1156 887 1242 inquietari
903 1173 1002 1240 super
1023 1153 1107 1238 ipso,
1134 1169 1193 1216 seu
1207 1149 1394 1234 molestari;
1421 1169 1497 1234 pre·

364 1274 473 1336 sentes
483 1271 517 1335 in
527 1275 720 1353 perpetuam
730 1266 778 1332 rei
793 1264 988 1344 firmitatem,
1004 1261 1133 1326 litteras
1145 1258 1299 1324 duximus
1315 1257 1497 1324 coneeden-

363 1375 435 1460 das,
462 1375 624 1462 duppliois
650 1373 751 1458 sigilli
766 1373 868 1455 nostrj
894 1369 1071 1436 munimine
1095 1367 1282 1452 perenniter
1308 1366 1497 1432 roboratas.

363 1488 486 1552 Datum
509 1485 544 1549 in
558 1484 672 1550 Zolum
696 1501 781 1547 anno
807 1481 919 1564 grecie
944 1477 1116 1544 millesimo
1137 1474 1324 1542 OG⁰XXX⁰
1341 1474 1499 1560 septimo,

364 1593 475 1658 xxm
486 1589 648 1656 kalendas
663 1588 863 1672 Decembris,
880 1587 986 1670 Regni
1012 1590 1122 1650 autem
1137 1582 1241 1648 nostri
1269 1601 1355 1647 anno
1381 1581 1499 1648 teroio.

586 1783 694 1850 (Knaua
706 1783 824 1848 Ntndor,
845 1786 959 1850 ltagyar
971 1784 1036 1835 Sion
1049 1784 1085 1832 11.
1100 1783 1158 1832 ket.
1171 1783 1232 1830 437.
1247 1779 1276 1845 l.)

808 2065 1065 2076 ———-

914 2515 967 2582 22.

378 2691 437 2757 IV.
454 2692 536 2757 Belo
559 2694 666 2780 kirtly
681 2695 859 2778 maperb'aa'ti
874 2692 1002 2775 Suetus,
1023 2693 1127 2758 Jdooa
1134 2693 1251 2776 fidnoic
1277 2690 1510 2776 dir-tokdtlapo-

853 2803 910 2861 ta't.
933 2799 1031 2862 1237.

487 2978 569 3044 Bela
593 2976 656 3042 Dei
681 2976 795 3060 grania
809 2974 988 3059 Hungarie,
1014 2976 1194 3060 Dalmaoie,
1221 2973 1367 3056 Oroaoie,
1393 2975 1509 3056 Rame,

380 3083 503 3168 Seruis,
521 3084 655 3169 Galioie,
674 3082 867 3150 Lodomorie
891 3080 1111 3167 (iomanieque
1126 3085 1196 3148 Rex
1221 3082 1369 3149 omnibus
1386 3080 1510 3147 Christi

380 3191 532 3258 fidelibus
549 3209 684 3277 presens
710 3190 865 3275 seriptum
881 3187 1081 3274 inspeotnris
1105 3189 1245 3256 salutem
1260 3190 1294 3254 in
1310 3209 1360 3271 eo,
1386 3189 1441 3273 qui
1458 3193 1511 3254 est

381 3300 472 3365 salus
488 3299 639 3365 omnium.
659 3297 712 3362 Ad
727 3300 951 3364 uniuersorum
960 3297 1163 3383 presencium
1179 3318 1218 3363 ae
1233 3302 1438 3381 posterorum
1453 3316 1510 3362 no-

381 3405 492 3471 tieiam
507 3406 622 3470 harum
648 3407 732 3470 serie
747 3405 897 3471 volumus
913 3404 1091 3489 peruenire,
1115 3403 1202 3487 qnod
1218 3405 1335 3470 Saulus
1351 3404 1437 3469 tilius
1454 3403 1510 3468 Jo-

381 3511 500 3577 haonis
516 3511 557 3576 de
582 3512 697 3578 Insula
712 3511 756 3576 ad
770 3517 916 3578 nostram
933 3511 1093 3576 aooedens
1109 3511 1322 3597 presenciam,
1342 3510 1512 3577 humiliter

382 3617 479 3683 nobis
495 3623 528 3682 et
542 3618 702 3684 instanter
727 3616 941 3703 supplicando
963 3617 1135 3704 flagitauit,
1162 3625 1197 3684 vt
1213 3638 1286 3684 oum
1301 3616 1388 3683 idem
1412 3637 1511 3704 super

383 3732 468 3792 terre
483 3744 542 3791 sne
554 3725 700 3809 negooijs
717 3745 776 3809 per
783 3725 916 3808 judiees
926 3731 1083 3792 terrarum
1100 3725 1133 3792 in
1145 3725 1307 3793 comitatu
1317 3725 1510 3793 Posoniensi

383 3852 442 3918 per
456 3851 517 3900 nos
541 3833 734 3898 constitutos
750 3851 828 3917 sepe
845 3839 878 3898 et
903 3833 1013 3919 sepius
1040 3832 1156 3900 fuisset
1171 3835 1374 3913 molestatus,
1399 3853 1509 3917 quam,

383 3945 419 4005 vt
434 3940 575 4021 dicebat,
599 3942 720 4005 terram
736 3939 778 4004 ob
794 3939 866 4025 ipso
882 3940 982 4024 ijdem
993 3939 1122 4024 judiees
1139 3939 1173 4004 in
1189 3960 1311 4024 magna
1327 3941 1511 4023 quantitate

384 4046 599 4131 abstulerant,
626 4052 659 4112 st
673 4053 781 4113 oestro
799 4047 1024 4130 restituerant;
1051 4056 1180 4132 terram,
1203 4067 1300 4129 quam
1326 4047 1390 4112 sibi
1414 4047 1512 4112 relin-

385 4153 548 4238 quendam
573 4154 744 4238 dnxerunt,
770 4174 812 4220 ne
828 4156 960 4222 ulterius
977 4156 1202 4222 molestaretur
1227 4176 1287 4240 pro
1304 4155 1431 4239 eadem,
1458 4175 1513 4221 no-

385 4261 461 4327 stris
477 4261 540 4328 sibi
556 4261 671 4328 litteris
688 4262 899 4345 dignaremur
913 4262 1114 4329 confirmare.
1132 4263 1201 4328 Nos
1216 4283 1292 4329 vero
1309 4262 1405 4329 solito
1422 4262 1512 4328 beni-

386 4367 521 4452 gnitatis
537 4375 647 4435 nostre
662 4369 775 4436 fauore
799 4369 903 4454 ipsius
918 4370 1126 4456 peticionem,
1143 4389 1205 4453 que
1217 4368 1386 4454 justiniam
1412 4369 1514 4436 eonti-

384 4479 496 4560 nebat,
517 4477 720 4542 intendentes
746 4477 928 4561 admittere,
952 4479 1082 4546 dileetis
1108 4483 1141 4543 et
1164 4476 1315 4543 fidelibus
1340 4476 1461 4544 nostris
1486 4477 1512 4542 I.

385 4586 556 4667 Proposito
572 4590 606 4648 et
620 4583 660 4648 A.
677 4582 796 4651 comiti
810 4586 1004 4652 Posoniensi
1033 4584 1183 4651 dedimus
1198 4586 1232 4650 in
1250 4586 1415 4652 mandatis
1441 4584 1514 4650 dili·
