3162 5188
924 849 1001 924 193.

401 1034 531 1124 Apdcai
544 1035 758 1124 kdptalannak
782 1037 1047 1123 biaonyadplevele,
1073 1037 1154 1124 bopp
1172 1035 1274 1103 Choba
1299 1058 1398 1102 comes
1417 1037 1541 1104 cteta·

400 1166 468 1209 war
486 1149 516 1208 do
532 1143 627 1208 Sabae
646 1143 887 1231 praediumokat
911 1143 1211 1230 diacopoafeltc'telelc
1235 1144 1436 1229 alattfidnulc
1456 1144 1541 1208 Koz-

758 1251 875 1319 nataae
890 1253 1053 1338 dteapedte.
1072 1250 1171 1316 1248.

506 1446 686 1514 Farkasius
697 1447 1058 1534 Quinqueeoelesiensis
1068 1446 1257 1534 Propositus
1267 1452 1438 1531 totumque
1449 1445 1538 1514 eins-

399 1554 474 1621 dem
498 1555 563 1621 loci
588 1554 775 1643 Capitulum
801 1555 962 1623 uniuersis
987 1562 1156 1641 presentes
1180 1556 1307 1624 litteras
1332 1556 1538 1642 inspecturis

398 1661 539 1730 salutem
556 1661 589 1729 in
605 1661 756 1729 Domino.
772 1659 988 1730 Vniuersitati
1005 1671 1113 1730 vestre
1138 1663 1284 1749 presenti
1302 1663 1423 1730 cedula
1440 1664 1535 1730 inno·

399 1777 513 1853 tescat,
540 1768 628 1854 qood
654 1769 767 1837 Choba
792 1770 909 1837 Comes
933 1775 1047 1836 nostra
1071 1770 1263 1838 constitutus
1287 1771 1320 1837 in
1344 1771 1533 1856 presencia,

398 1876 564 1946 confessus
582 1885 641 1960 est,
669 1899 704 1945 se
722 1877 837 1944 Cosme
853 1877 921 1944 filio
937 1898 996 1945 suo
1013 1878 1134 1946 ibidem
1150 1881 1293 1966 presenti
1318 1879 1383 1946 duo
1400 1879 1533 1964 predia,

398 2003 460 2068 que
476 1985 547 2070 ipse
565 1985 606 2050 de
622 1986 756 2070 propria
773 1987 850 2052 emit
873 1986 1020 2071 pecnnia,
1046 2006 1181 2071 quornm
1199 1986 1264 2054 ista
1283 1994 1357 2053 sunt
1373 1985 1532 2054 nomina:

398 2091 612 2177 Chobawara,
638 2093 671 2157 in
689 2113 752 2177 quo
777 2093 862 2160 idem
887 2093 1001 2161 Choba
1021 2093 1138 2163 Comes
1163 2095 1335 2162 eeclesiam
1361 2095 1530 2161 edificauit

395 2197 566 2265 inhonore
587 2199 782 2266 Beatissime
799 2200 944 2285 Virginis
960 2201 1075 2285 Marie,
1101 2211 1134 2268 et
1147 2203 1261 2287 Sebsa,
1287 2222 1360 2269 enm
1377 2202 1531 2268 omnibus

396 2305 571 2372 eorundem
587 2306 807 2393 pertinenoijs,
824 2307 978 2375 videlieet
994 2308 1089 2374 terris
1105 2308 1298 2394 arabilibus,
1323 2307 1443 2393 vineis,
1462 2330 1531 2396 pra-

398 2415 449 2498 tis,
477 2415 582 2500 siluis,
611 2413 738 2482 duobus
759 2416 864 2483 seruis
879 2415 1013 2482 choue
1030 2422 1063 2482 et
1077 2415 1215 2482 Fertonc
1234 2416 1375 2502 nomine,
1403 2422 1439 2482 et
1454 2437 1530 2502 quo·

397 2520 473 2588 dam
484 2519 645 2606 libertino,
660 2522 716 2606 qui
726 2523 1043 2608 Zucbanominatur,
1059 2523 1162 2590 tribus
1173 2524 1312 2607 ancillis,
1323 2543 1386 2608 qne
1403 2525 1530 2608 Draga,

395 2629 547 2714 Maguiob
563 2637 594 2697 et
610 2632 747 2699 Holmas
764 2639 908 2716 uocatur,
937 2651 1009 2698 cnm
1024 2638 1132 2700 aratro
1151 2633 1282 2717 bonum,
1308 2637 1440 2699 eentum
1457 2652 1531 2716 por·

395 2737 442 2804 cis
458 2737 653 2823 contulisse3
671 2739 719 2806 ita
734 2739 897 2824 videlicet,
915 2740 1000 2824 qnod
1011 2740 1098 2807 idem
1114 2741 1250 2808 Cosmas
1261 2740 1326 2807 iam
1337 2739 1427 2808 dicto
1440 2739 1527 2826 patri

394 2864 453 2911 suo
469 2842 607 2911 fideliter
618 2846 715 2912 debet
729 2845 891 2931 famulari,
909 2847 1066 2932 quamdin
1076 2848 1206 2934 uixerit,
1216 2853 1249 2912 et
1264 2847 1458 2916 omnimoda
1472 2868 1528 2914 nc·

394 2951 538 3020 cessaria
564 2952 757 3039 ministrare,
784 2975 856 3022 cnm
874 2955 1043 3022 sacerdote
1068 2962 1102 3022 et
1125 2955 1254 3040 clerico,
1281 2956 1337 3041 qui
1354 2955 1385 3021 ei
1402 2955 1529 3020 Diuina

394 3059 512 3128 cotidie
528 3061 760 3146 celebrabunt,
786 3072 818 3129 et
834 3063 921 3148 qnod
936 3063 1040 3148 ipsius
1059 3062 1175 3130 Cosme
1191 3063 1316 3147 tratres,
1343 3066 1463 3130 Petrus
1481 3061 1528 3130 vi·

393 3168 518 3254 delicet,
545 3175 578 3235 et
594 3171 752 3257 Matheus,
769 3169 811 3238 de
828 3172 1026 3258 supradictis
1041 3171 1165 3258 predijs
1183 3178 1215 3238 ct
1235 3189 1345 3238 eorum
1360 3172 1527 3258 pertinen·

394 3274 454 3361 cijs
471 3278 513 3343 ab
540 3278 655 3345 eodem
680 3278 835 3346 nichilum
862 3282 1019 3347 nalcbunt
1035 3287 1180 3366 repetere
1198 3280 1231 3346 in
1247 3280 1373 3366 tuturo,
1401 3279 1526 3348 eisdem

395 3385 514 3452 etenim
532 3385 573 3453 de
589 3385 738 3454 omnibns
755 3387 858 3473 patris
874 3389 1086 3456 facoltatibus
1097 3389 1167 3456 eins
1183 3394 1255 3454 crat
1266 3388 1417 3475 plenarie
1434 3388 1528 3456 satis·

392 3491 523 3559 sactum.
550 3493 620 3559 Nos
637 3502 746 3562 autem
763 3496 806 3563 ad
822 3497 1016 3564 instanciam
1032 3517 1163 3584 precum
1178 3495 1281 3582 ipsius
1298 3496 1415 3563 Oboba
1440 3497 1526 3563 litte·

391 3619 444 3665 ras
461 3609 630 3686 presentes
646 3603 750 3671 nostri
766 3605 968 3689 appensione
984 3605 1083 3690 sigilli
1099 3605 1268 3672 roboratas
1284 3604 1434 3690 predicto
1445 3607 1522 3673 (los-

391 3729 444 3776 me
460 3709 656 3778 contulimus
672 3712 719 3778 rei
745 3721 837 3797 geste
852 3714 1041 3781 memoriam
1057 3713 1268 3782 continentes.
1295 3715 1418 3780 Datum
1436 3734 1522 3782 anno

390 3817 520 3885 Domini
531 3821 575 3886 M⁰
586 3819 651 3888 00⁰
660 3821 733 3887 XL⁰
742 3821 833 3888 VIII⁰
843 3847 851 3906 ς
862 3823 1009 3890 Jnrkone
1019 3822 1169 3908 cantore,
1181 3821 1352 3890 Theodoro
1362 3821 1518 3908 Custode,

391 3928 523 3996 Andrea
549 3932 707 4015 Decano;
733 3951 845 4000 mense
869 3934 1027 4019 Augusto,
1053 3931 1233 4018 ceterisque
1259 3930 1524 4018 quampluribus

390 4036 563 4106 Ganoniois
591 4041 818 4108 existentibus.

389 4233 425 4306 (A
438 4235 513 4306 poesi
526 4237 713 4306 lrdptalannalr
736 4239 852 4309 „nobilis
874 4242 981 4292 iuuenis
995 4241 1107 4292 Comitis
1128 4237 1264 4292 Dominicl
1285 4237 1410 4306 Vosaigij
1435 4231 1518 4292 dicti“

435 4325 560 4381 keresbre
576 4333 652 4382 1³12.
667 4331 776 4383 kiadott
787 4327 940 4393 tenattbtt
954 4346 971 4382 a
984 4331 1068 4383 budai
1081 4331 1133 4384 lrir.
1145 4331 1268 4384 kamarai
1279 4327 1475 4397 lerdltdrban.)

821 4544 1091 4560 ῳ
