3168 5186
876 858 954 926 267.

357 1042 384 1102 Α
403 1043 516 1106 adradi
530 1041 713 1105 koraoentaalo
735 1043 1005 1127 bizoapsa‘qleoele,
1030 1043 1109 1124 kopp
1134 1037 1225 1103 Videt
1243 1039 1479 1119 Mikldanukfia

355 1149 520 1213 obserabat
545 1173 582 1213 aa
599 1149 662 1214 o'ket
686 1150 770 1214 illelb'
793 1149 1036 1236 ladoynepyedro
1060 1154 1149 1212 aeine
1166 1147 1361 1234 eqpezledetl.
1382 1145 1479 1209 1254.

465 1345 650 1413 eonusntos
660 1347 852 1432 Monasterij
864 1345 1099 1433 Waradyensis
1110 1345 1259 1414 omnibus
1269 1342 1392 1411 Christi
1405 1342 1478 1409 fide-

357 1454 442 1522 libus
457 1462 524 1520 tam
551 1455 757 1541 presentibus
773 1476 871 1539 quam
887 1456 1004 1522 futuris
1028 1475 1164 1542 presens
1178 1455 1335 1540 seriptum
1354 1452 1480 1520 intuen-

356 1563 442 1629 tibus
466 1563 605 1630 salntem
621 1563 654 1630 in
681 1565 798 1631 salutis
822 1571 964 1631 auctore.
989 1563 1202 1631 Vniuersitati
1224 1567 1333 1628 vestre
1348 1581 1479 1648 presen-

356 1671 440 1736 cium
457 1679 568 1740 tenore
585 1673 654 1739 fieri
670 1675 819 1740 volumus
844 1672 1063 1757 manifestum,
1089 1672 1179 1755 quod
1193 1670 1320 1736 nobiles
1336 1670 1479 1752 domine,

356 1779 508 1847 videlieet
532 1779 665 1848 domina
679 1784 796 1867 Pynna
811 1782 879 1848 tilia
894 1781 1034 1868 Nyeolai
1052 1783 1110 1867 filij
1127 1778 1201 1867 Vyd
1216 1780 1257 1846 de
1282 1797 1407 1864 genere
1421 1781 1480 1846 Bu-

357 1889 431 1976 ken,
448 1909 530 1956 uxor
546 1890 660 1957 Cbuda
677 1891 719 1958 ab
734 1911 799 1957 nna
814 1899 926 1978 parte;
948 1896 980 1957 et
995 1890 1231 1957 dominallana
1246 1887 1316 1954 filia
1330 1885 1479 1954 eiusdem

356 1997 495 2083 Nyeolai
520 1999 576 2083 filij
594 1997 678 2084 Vyd,
705 2019 786 2065 uxor
810 1998 936 2067 seilicet
957 1997 1097 2084 Myxeed
1122 1999 1164 2065 ab
1190 2000 1314 2081 altera3
1340 2013 1478 2062 vnaeum

358 2105 465 2191 Vydol
481 2107 547 2174 lilio
563 2106 700 2194 predicti
716 2107 856 2192 Nyoolai
871 2109 972 2174 fratre
988 2127 1099 2175 earum
1116 2107 1239 2174 carnali
1255 2125 1365 2174 eoram
1385 2104 1479 2171 nobis

357 2211 573 2297 personaliter
588 2221 824 2302 comparentes,
842 2235 940 2302 super
955 2223 1044 2282 terra
1059 2235 1169 2283 earum
1185 2216 1290 2283 Janns
1309 2219 1431 2280 uoeata
1445 2211 1478 2277 in

357 2328 443 2388 terra
461 2322 565 2390 Janus
590 2322 759 2408 existente,
785 2343 847 2408 que
871 2324 1004 2392 raeione
1028 2333 1152 2409 quarte,
1180 2324 1250 2390 siue
1275 2343 1335 2408 pro
1361 2329 1480 2406 quarta

357 2429 501 2515 ipsarum
517 2450 557 2497 ex
572 2437 665 2518 parte
681 2432 789 2522 Vydol
805 2431 863 2520 tilij
881 2433 1020 2519 predioti
1035 2433 1184 2519 Nyeolai,
1203 2431 1315 2498 fratris
1325 2428 1480 2497 videlieet

355 2537 497 2605 earnalis
522 2538 697 2606 earundem
723 2537 927 2607 dominarum
951 2539 984 2606 in
1001 2547 1090 2606 terra
1104 2538 1210 2606 Jauns
1227 2543 1347 2605 rosata
1362 2559 1480 2605 memo·

355 2645 436 2712 ratis
453 2643 647 2712 dominabus
656 2645 852 2714 dinossoitur
867 2645 970 2715 luisse
986 2647 1157 2734 deuolute,
1177 2645 1405 2734 prenominato
1418 2647 1478 2730 Vy·

357 2755 454 2823 dolel
470 2755 547 2841 alijs
562 2755 673 2842 probis
688 2749 768 2824 viris
777 2757 994 2826 mediantibus
1013 2763 1046 2825 et
1055 2757 1281 2825 ordinantibus
1293 2757 1379 2823 inter
1388 2755 1479 2840 ipsas

358 2865 553 2934 diuisionem
569 2864 755 2935 huiusmodi
771 2867 962 2936 eonoordem
977 2875 1010 2935 et
1023 2866 1197 2954 paeifieam
1218 2885 1277 2955 per
1292 2873 1402 2933 certas
1417 2872 1477 2932 ter-

357 2976 515 3042 minorum
532 2975 771 3062 distinoeiones,
797 2975 881 3044 sieut
895 2976 961 3043 iam
977 2977 1011 3042 in
1034 2976 1239 3063 presentibus
1263 2973 1402 3042 inferius
1428 2993 1478 3042 ex-

356 3084 514 3171 primitur,
530 3083 659 3151 intense
675 3084 796 3151 laetam
811 3083 913 3152 fuisse
925 3085 1122 3170 retulemnt3
1141 3083 1229 3168 qnod
1244 3103 1308 3150 vna
1317 3083 1478 3150 medietas

356 3194 442 3261 dieta
458 3201 543 3261 terre
558 3212 616 3261 seu
626 3192 791 3280 pensionis
806 3191 1065 3278 ipsarnmJanus
1081 3197 1197 3259 uoeate
1211 3193 1246 3258 in
1266 3191 1349 3258 duas
1366 3198 1478 3277 partes

354 3303 461 3370 diuisa
478 3301 587 3387 equali
600 3300 762 3370 diuisione
770 3301 941 3369 mediante·
952 3299 1095 3369 existens
1113 3302 1156 3368 ab
1167 3301 1346 3387 occidente,
1363 3301 1478 3386 quein

354 3411 448 3478 terris
463 3411 644 3478 arabilibus
659 3412 703 3478 ab
720 3411 787 3478 alia
804 3409 1007 3478 dimidietate
1033 3409 1178 3479 eiusdem
1193 3419 1279 3478 terre
1295 3411 1336 3476 ab
1354 3411 1478 3478 oriente

357 3527 546 3587 remanente
562 3539 621 3606 per
637 3524 778 3586 ueterem
803 3526 944 3586 meatum
961 3517 1130 3587 cuiusdam
1148 3517 1245 3585 riuuli
1260 3538 1282 3585 a
1298 3524 1393 3604 parte
1409 3538 1478 3605 sep-

360 3628 555 3697 temtrionali
577 3647 692 3696 uersus
708 3627 875 3695 meridiem
889 3627 1091 3696 deeurrentis
1107 3626 1303 3696 dinosseitur
1317 3629 1477 3715 separari,

357 3757 429 3804 eum
447 3737 631 3805 medietate
645 3737 728 3804 silue
745 3735 790 3801 ad
805 3736 942 3804 eandem
965 3744 1085 3805 terrum
1100 3737 1293 3825 pertinentis
1318 3739 1478 3806 existente

357 3869 378 3914 a
394 3847 632 3933 septemtrione,
649 3865 712 3930 que
727 3847 771 3913 ab
787 3845 1039 3912 aliamedietate
1055 3845 1199 3913 eiusdem
1214 3845 1328 3913 silnea
1343 3847 1479 3913 meridie

357 3958 516 4024 existente
532 3974 591 4041 per
607 3954 770 4040 quandam
786 3955 907 4022 vallem
923 3955 1091 4041 wlgariter
1106 3958 1342 4044 bolopuapudar
1358 3956 1476 4022 dietam

356 4067 399 4132 ab
414 4065 539 4132 oriente
555 4084 667 4132 uersus
683 4063 885 4131 oooidentem
901 4085 937 4131 se
947 4063 1191 4152 protendentem
1202 4063 1365 4130 nosseitur
1384 4084 1475 4151 sepa-

356 4172 421 4238 rari
437 4179 469 4239 et
484 4173 629 4259 distingi,
656 4172 738 4240 sieut
754 4173 829 4240 vine
845 4173 934 4240 uoeis
960 4175 1090 4241 oraoulo
1106 4171 1200 4240 nobis
1227 4171 1407 4240 renitarnnt
1423 4173 1474 4239 do-

355 4283 441 4348 mine
457 4291 643 4367 memorate,
660 4302 732 4348 eum
748 4282 816 4349 suis
833 4281 1027 4349 utilitatibus
1052 4283 1200 4350 omnibus
1216 4288 1249 4347 et
1267 4281 1475 4367 pertineueijs

356 4410 396 4456 ae
421 4389 674 4477 circumstaneijs
691 4389 897 4476 quibuslibet,
922 4391 1061 4458 cessisse
1085 4391 1117 4458 in
1141 4391 1327 4478 porcionem
1351 4387 1474 4476 prefate

356 4501 483 4566 domine
499 4501 611 4587 Pynne
637 4500 734 4566 sinml
750 4507 782 4566 et
797 4500 941 4567 eiusdem
962 4501 1187 4585 posteritatum
1207 4499 1471 4567 descendeneium

356 4607 531 4677 abeodem
555 4610 588 4676 in
614 4617 804 4696 perpetuum
826 4617 858 4676 et
883 4609 1139 4677 irreuooabiliter
1162 4607 1382 4695 possidenda,
1408 4609 1471 4674 alla
