3226 5194
504 873 507 882 ’
641 879 719 948 348.

90 1057 125 1120 Α
157 1063 272 1126 nonai
295 1062 509 1148 kdptulauoci'
533 1063 801 1149 biaonyedplevele,
827 1063 908 1147 boyp
932 1062 1050 1128 laceto
1078 1061 1244 1128 Corbuoiaa'

88 1169 187 1253 yrcis
222 1194 242 1234 a
277 1170 395 1256 Lapate'
424 1171 613 1236 uenerator·
643 1171 799 1238 Somttaoe
829 1171 978 1257 belpne'yet
1008 1171 1242 1256 adomdupcata.

633 1277 730 1342 1258.

225 1472 294 1540 Nos
310 1473 494 1560 Capitulum
512 1474 697 1542 uniuersum
713 1473 877 1542 Nouensis
894 1473 1039 1543 Ecclesia
1055 1475 1166 1542 Sancti
1182 1479 1240 1543 Aa·

91 1581 183 1646 seili
208 1583 385 1668 (Anselmi)
410 1583 631 1667 significamus
648 1582 809 1651 uniuersis
826 1590 859 1650 et
878 1584 1015 1668 singulis
1031 1581 1151 1652 Christi
1167 1583 1243 1652 fide-

92 1688 202 1754 libus
230 1695 297 1754 tam
313 1689 517 1776 presentibus
542 1710 639 1775 qnam
661 1690 780 1758 tutoris
805 1699 989 1777 presentem
1014 1690 1169 1777 paginam
1194 1690 1240 1758 in-

95 1800 288 1884 specturis.
311 1797 363 1863 Ad
380 1798 602 1866 uniuersorum
627 1800 780 1866 noticiam
797 1808 829 1865 et
845 1806 1036 1887 perpetuam
1062 1798 1109 1864 rei
1127 1817 1262 1865 memo·

95 1907 199 1973 riam
211 1909 326 1974 barum
337 1907 420 1973 serie
432 1908 580 1974 volumus
590 1908 771 1994 peruenire,
778 1907 864 1991 quod
875 1907 1035 1975 accedens
1045 1907 1089 1973 ad
1098 1917 1242 1975 nostram

98 2015 319 2099 presenciam
335 2016 455 2084 nobilis
471 2019 520 2082 vir
537 2017 708 2084 Laditlans
724 2016 809 2084 filius
826 2017 964 2085 condam
976 2016 1110 2084 Comitis
1126 2019 1241 2085 Jacobi

99 2122 148 2188 de
169 2123 338 2191 Corbauia
364 2124 495 2210 Gusych
520 2133 613 2211 parte
637 2144 678 2191 ex
696 2145 768 2210 vna,
796 2131 828 2191 et
845 2125 981 2210 Bogdan
1007 2132 1037 2192 et
1057 2125 1240 2194 Stanizlaus

100 2231 246 2315 fratres,
264 2233 322 2317 filij
340 2231 482 2316 Obreiat,
502 2252 561 2298 nec
577 2253 640 2300 non
652 2233 807 2318 Stipanus
824 2239 856 2300 et
872 2233 1071 2300 Radouanus
1088 2233 1145 2320 titij
1157 2237 1241 2320 Bog-

102 2339 255 2424 doslani,
273 2341 367 2406 simut
383 2349 415 2408 et
432 2341 576 2408 uicissim
590 2342 823 2428 consanguinei
839 2362 950 2410 omnes
966 2342 1008 2410 de
1024 2342 1239 2428 generacione

104 2450 266 2536 Laptaue
283 2449 410 2518 nobiles
427 2449 467 2515 de
484 2451 611 2537 Lapat;
636 2451 752 2534 quibus
769 2450 918 2518 omnibus
940 2451 1137 2538 supradictis
1153 2451 1240 2518 circa

107 2577 176 2624 nos
204 2557 418 2623 existentibus
444 2557 530 2624 idem
551 2556 724 2624 Ladizlaus
751 2559 783 2623 in
810 2563 921 2624 nostra
945 2557 1124 2644 presencia,
1151 2566 1183 2624 et
1206 2560 1239 2625 in

105 2665 206 2733 dicta
222 2665 361 2732 ecclesia
386 2665 518 2753 protulit
533 2667 592 2733 hec
607 2667 708 2734 uerba
725 2665 854 2751 dicens3
879 2666 966 2750 quod
982 2666 1054 2752 ipse
1068 2667 1240 2735 attendens

108 2773 307 2842 multimoda
324 2794 362 2840 ae
388 2775 503 2842 erebra
519 2775 660 2842 seruicia
676 2795 697 2841 a
712 2773 868 2862 predictis
894 2774 1058 2842 nobilibus
1076 2773 1117 2840 de
1132 2777 1240 2863 Lapat

108 2889 145 2949 et
162 2902 295 2950 suorum
322 2889 565 2950 antecessorum
591 2881 704 2970 sibiet
719 2883 786 2950 suis
812 2881 1074 2948 antecessoribus
1093 2884 1240 2951 amultie

110 2991 316 3077 temporibus
342 2991 511 3058 retroactis
538 2989 675 3057 fideliter
690 2990 839 3076 inpensa,
865 2997 897 3057 et
912 2992 944 3058 in
960 2990 1102 3059 suturnm
1128 2994 1238 3079 inpen-

110 3098 234 3184 denda,
261 3099 292 3168 in
309 3098 636 3187 recompensacionem
653 3107 685 3166 et
701 3097 948 3167 retribucionem
964 3099 1149 3169 huiusmodi
1167 3121 1238 3168 suo-

111 3229 187 3276 rum
213 3207 437 3290 seruiciorum,
464 3206 628 3294 quandam
655 3216 773 3275 terram
798 3227 855 3274 seu
882 3205 1121 3293 possessionem
1146 3228 1238 3276 suam

112 3315 277 3384 desertam
294 3317 327 3383 in
343 3320 477 3386 Buxaue
493 3317 657 3386 Somilaue
674 3316 805 3400 dictam,
822 3317 1011 3384 existentem
1022 3338 1123 3405 prope
1139 3317 1237 3394 aliam

112 3424 227 3490 villam
254 3445 346 3492 suam
363 3426 633 3509 Radoslanlauas,
661 3446 743 3510 quas
760 3424 906 3512 possidet
931 3424 1037 3493 dictus
1062 3424 1238 3494 Ladizlans

113 3551 156 3599 ex
182 3532 268 3602 dono
293 3534 395 3617 Regia
421 3535 624 3620 Maiestatis,
657 3541 751 3620 prout
776 3535 870 3601 nobis
895 3534 1011 3602 claruit
1035 3534 1156 3602 ibidem
1181 3555 1239 3623 per

112 3642 279 3725 quoddam
303 3642 514 3730 priuilegium
539 3643 743 3710 Serenissimi
769 3640 892 3710 domini
918 3644 1017 3710 nostri
1043 3643 1122 3710 Beie
1137 3645 1238 3730 Regis

112 3750 269 3836 scriptum
296 3751 329 3816 in
356 3751 401 3816 M⁰
425 3749 645 3818 ducentesimo
677 3751 965 3836 quinquagesimo,
998 3752 1136 3836 septimo
1165 3751 1238 3819 idus

113 3857 295 3943 Februarii,
321 3865 352 3924 et
377 3857 468 3925 aliud
493 3858 657 3944 Magnifici
682 3859 840 3944 Stephani
865 3857 968 3925 tocius
994 3857 1128 3923 Croacic
1154 3858 1237 3928 Bani

113 3965 271 4052 scriptum
286 3965 320 4031 in
335 3967 378 4032 M.
392 3963 439 4032 119
453 3967 492 4032 ΙΙ.
513 3968 573 4033 sub
589 3985 699 4034 eorum
720 3967 841 4056 sigillis
859 3965 1088 4053 pendentibus,
1113 3967 1237 4053 predic-

112 4081 180 4140 tam
195 4073 308 4141 rillam
325 4075 490 4142 Somilaue
518 4072 638 4142 dictam
656 4075 689 4142 in
705 4077 841 4142 Boxane
857 4095 928 4141 cum
954 4074 1103 4140 omnibus
1126 4081 1159 4141 ct
1173 4075 1236 4142 sin-

113 4182 199 4268 guiis
224 4184 290 4249 suis
311 4184 460 4269 juribus,
486 4183 717 4271 perpetatibns,
745 4182 943 4250 utilitatibus
968 4187 1001 4248 et
1028 4182 1236 4270 pertinencija

112 4290 253 4376 undique
269 4291 345 4376 suis,
364 4291 528 4378 predictus
545 4292 718 4361 Ladizlaus
738 4312 797 4378 per
813 4312 848 4359 se
865 4311 1007 4376 suosque
1032 4290 1169 4357 heredes
1184 4289 1236 4358 be·

112 4399 289 4484 redumque
313 4419 444 4468 suornm
470 4399 569 4485 dedit,
594 4398 730 4468 tradidit
754 4405 852 4484 atque
878 4397 1012 4466 donauit
1028 4404 1183 4485 perpetuo
1204 4406 1236 4468 et

112 4508 373 4576 inreuocabiliter
398 4508 554 4595 predictis
570 4507 733 4575 nobilibus
749 4507 907 4593 Bogdano
925 4517 956 4573 et
973 4507 1150 4596 Stanialao,
1174 4529 1234 4576 nec

113 4637 173 4682 non
191 4617 325 4702 Stipano
352 4625 383 4683 ct
399 4617 578 4686 Radouano
597 4617 635 4684 dc
653 4618 767 4704 Lapat,
795 4619 841 4683 cis
868 4627 899 4684 ct
925 4639 1034 4684 eorum
1061 4616 1234 4684 heredibus
