3210 5194
834 325 996 423 Aa..

350 535 463 601 hibere
479 521 678 604 studuerunt,
705 524 737 584 et
751 523 820 585 tota
836 517 890 584 die
905 538 970 586 non
987 518 1157 604 desistunt,
1183 523 1374 607 exponendo
1391 543 1429 590 se
1445 528 1484 590 et

351 661 411 710 sua
427 637 536 706 multis
552 625 706 718 periculis
733 633 765 692 et
779 625 908 694 fortune
927 625 1058 693 casibus
1074 625 1287 714 incessanter,
1308 630 1408 698 solita
1423 631 1483 697 he-

349 748 510 834 nignitate
534 742 723 830 pensantes,
750 741 782 801 et
804 733 991 820 specialiter
1017 734 1111 800 lidele
1136 733 1309 802 seruicium
1340 737 1481 804 comitis

348 853 508 941 Stephani
524 853 565 918 de
576 845 729 927 Goricha,
750 841 838 926 quod
847 850 959 909 contre
971 842 1133 926 quendam
1144 850 1310 928 potentem
1320 844 1361 911 de
1370 845 1479 914 'l'heo-

348 961 439 1029 tonia
463 959 593 1026 nomine
609 953 765 1021 Comitem
781 949 971 1017 Albricbum
995 949 1037 1015 de
1052 951 1153 1035 llyha
1176 951 1318 1018 confinia
1327 952 1479 1020 Ducatus
1598 1037 1601 1042 Δ

348 1067 523 1137 Sclauonie
554 1062 664 1149 sepius
695 1057 903 1124 incedentem
935 1056 1120 1125 dimicando
1151 1057 1288 1124 viriliter
1318 1059 1477 1142 exercuit,

348 1175 456 1261 ipsum
472 1167 698 1259 potencialiter
723 1163 918 1249 superando,
943 1183 1084 1249 suosque
1101 1163 1145 1230 ad
1159 1163 1306 1232 ultimum
1323 1165 1479 1232 extermi-

349 1281 439 1347 nium
454 1273 697 1367 prosternendo,
721 1292 786 1339 non
802 1271 913 1354 vtique
929 1270 1055 1355 absque
1071 1290 1192 1354 magna
1207 1273 1380 1358 sanguinis
1396 1273 1478 1339 effu·

349 1387 441 1453 sione
457 1393 490 1452 et
505 1403 637 1452 suorum
663 1378 979 1462 consanguineorum
1002 1377 1255 1463 quamplurium
1280 1386 1313 1446 et
1333 1380 1476 1446 militurn

349 1493 522 1577 occisione,
548 1497 644 1577 prout
668 1489 703 1554 in
727 1485 912 1573 priuilegijs
937 1485 1036 1568 Regis
1062 1485 1224 1552 Hemerici
1253 1487 1477 1554 antecessoris

348 1600 452 1668 nostri
467 1599 554 1665 clare
579 1596 733 1662 memorie
748 1593 878 1679 plenius
904 1591 1095 1676 continetur,
1118 1592 1152 1658 in
1168 1594 1357 1660 memoriam
1381 1613 1476 1662 reuo-

348 1712 480 1790 cantes3
497 1705 584 1771 hanc
599 1701 744 1788 graciam
768 1707 914 1766 nostram
931 1698 1109 1784 specialem
1134 1699 1175 1764 de
1190 1701 1294 1786 Regia
1320 1702 1476 1768 libertate

348 1814 506 1896 Baboneg
530 1816 562 1879 et
577 1809 744 1895 Stephano
760 1806 942 1875 comitibus
959 1804 1000 1872 de
1015 1806 1184 1892 Wodyoha
1200 1814 1232 1873 et
1256 1828 1366 1876 eorum
1383 1809 1473 1875 here-

350 1922 455 2004 dibus,
482 1917 703 2000 heredumque
727 1914 968 1983 snecessoribus
994 1934 1064 1980 curn
1080 1914 1216 1982 oonsilio
1232 1914 1395 1981 Baronum
1416 1936 1475 1982 no-

350 2033 490 2093 strornm
516 2022 667 2089 duximus
692 2021 910 2106 largiendam,
928 2026 963 2086 vt
978 2020 1109 2088 eosdem
1136 2021 1244 2087 nullus
1264 2021 1376 2088 Banna
1392 2021 1476 2087 iudi-

349 2153 426 2199 care
451 2132 571 2198 debeat
586 2129 639 2196 vel
654 2129 770 2215 possit,
796 2130 976 2194 eximentes
1001 2147 1058 2195 eos
1080 2133 1236 2214 perpetuo
1257 2148 1277 2192 a
1287 2128 1414 2214 judicio
1440 2138 1474 2196 et

344 2238 577 2326 jurisdiccione
593 2239 750 2321 Bennios,
766 2237 935 2304 collectam
961 2236 1063 2302 eciam
1084 2233 1345 2302 mardurinarum
1368 2239 1402 2303 in
1417 2255 1473 2304 eo·

349 2369 419 2415 rum
435 2347 699 2434 possessionibus
724 2344 931 2428 hereditarijs
947 2345 1055 2410 nullus
1081 2343 1231 2410 officialis
1247 2345 1348 2412 Ducis
1365 2346 1473 2413 tocius

347 2457 531 2540 Solanonie,
556 2474 618 2520 nec
639 2454 748 2518 Banns
774 2473 834 2540 pro
860 2458 1007 2540 tempore
1032 2452 1157 2536 positus
1182 2451 1252 2519 siue
1277 2455 1474 2522 constitutus

346 2566 413 2631 vllo
428 2582 570 2646 vnquam
585 2567 731 2647 tempore
747 2559 857 2626 dicare
874 2559 926 2625 vel
948 2559 1082 2643 exigere
1098 2558 1213 2644 possit.
1238 2559 1307 2626 Nec
1323 2561 1384 2628 hoe
1401 2581 1474 2646 pre-

345 2670 562 2753 termittimus,
588 2669 653 2734 imo
670 2687 711 2733 er
726 2665 844 2750 Regali
867 2665 1069 2750 benignitate
1085 2665 1165 2750 ipsis
1191 2666 1409 2738 concedimus.
1434 2675 1471 2734 vt

345 2776 454 2845 nullus
471 2778 581 2842 Banus
609 2773 815 2858 descendere,
836 2772 889 2838 vel
906 2773 1195 2856 congregacionem
1222 2774 1407 2856 generalem
1424 2775 1471 2840 fa-

346 2902 420 2950 cere
445 2882 620 2969 possitvel
636 2880 755 2947 debeat
778 2879 813 2945 in
833 2898 944 2946 eorum
967 2879 1229 2965 possessionibus
1252 2880 1472 2967 bereditarijs.

346 2991 381 3057 Si
396 3009 473 3058 vcro
489 2989 593 3074 aliqui
609 2987 850 3070 malefactores,
876 2986 975 3072 fures,
992 2987 1044 3052 vel
1060 2987 1204 3054 latrones
1220 2985 1254 3054 in
1270 3007 1380 3054 eornm
1396 3009 1472 3073 pos-

346 3095 546 3164 sessionibus
571 3094 766 3182 deprehensi
790 3092 918 3179 luerint,
946 3092 1077 3159 eosdem
1098 3093 1269 3178 judicare,
1295 3099 1328 3160 et
1353 3096 1472 3180 punire

345 3224 431 3292 pena
454 3211 487 3272 et
510 3202 741 3271 satisfaccione
772 3200 934 3285 condigna
959 3201 1150 3268 auctoritate
1175 3200 1280 3287 Regia
1311 3201 1472 3286 sepedicti

343 3311 501 3394 Buboneg
525 3313 557 3375 et
571 3309 756 3395 Stephanus
773 3304 915 3374 Comites
939 3303 980 3372 de
997 3305 1178 3392 Wodyeha,
1202 3313 1363 3374 eteorum
1380 3307 1472 3375 here-

344 3418 413 3498 des,
429 3415 646 3498 heredumque
663 3434 869 3482 successores
884 3413 1012 3500 possint
1027 3419 1060 3480 et
1075 3415 1225 3484 debeant.
1251 3415 1294 3482 Vt
1310 3423 1417 3482 cutem
1434 3416 1470 3481 in

343 3521 536 3610 prescriptis
551 3521 698 3588 articulis
714 3521 825 3606 gracie
841 3521 900 3588 hec
916 3529 1028 3588 nostra
1047 3521 1187 3590 donacio
1199 3523 1297 3590 robur
1311 3529 1470 3610 perpetue

343 3629 504 3697 firmitatis
520 3629 676 3714 obtineat,
693 3636 861 3716 presentes
877 3629 925 3696 eis
937 3630 1155 3698 concessimus
1171 3630 1283 3698 literas
1301 3631 1470 3718 dupphcis

341 3735 444 3822 sigilli
460 3737 563 3802 nostri
578 3738 752 3806 munimine
768 3737 948 3804 roboratas.
973 3739 1094 3804 Datum
1109 3759 1169 3824 per
1185 3759 1300 3806 manus
1315 3739 1470 3825 Magistri

341 3843 510 3910 Benedicti
536 3842 699 3929 Prepesiti
725 3842 879 3910 Albensis
905 3849 938 3909 ct
952 3843 1057 3909 illecti
1073 3843 1283 3914 Collocensis.
1310 3843 1469 3930 Striguni·

341 3953 413 4019 ensi
428 3951 513 4018 Sede
529 3959 668 4020 vacante
684 3951 853 4036 existente,
870 3951 1099 4020 Bartholomeo
1116 3950 1467 4038 Quinqneecclesiensi,

340 4058 451 4126 Electo
466 4059 630 4145 Agriensi,
657 4059 885 4128 Bartholomeo
901 4059 1160 4144 Wesprimiensi,
1185 4057 1286 4126 Bulsu
1305 4058 1470 4127 chanadi-

339 4164 421 4250 ensi,
447 4165 623 4234 Benedicto
643 4165 862 4251 waradiensi,
889 4166 1055 4252 Stephano
1080 4166 1258 4252 Wacyensi
1282 4167 1468 4254 Episcopis,

338 4271 525 4339 laurinensi
541 4279 573 4340 et
587 4273 873 4359 Vltrasyluanensi
897 4272 1030 4340 sedibus
1045 4274 1258 4360 vacantibus,
1277 4273 1396 4343 dilectu
1414 4295 1467 4343 co-

338 4385 439 4464 gnato
465 4384 575 4448 nostro
600 4379 728 4449 Joanne
742 4381 882 4448 Domino
901 4380 1031 4465 Syrmie
1056 4387 1090 4447 et
1114 4381 1241 4451 llomite
1255 4382 1467 4470 Wachyensi,

337 4482 488 4551 Dionisio
504 4483 596 4553 Bano
611 4487 716 4553 tocius
731 4485 903 4554 Solanonic
919 4491 952 4552 et
967 4486 1126 4572 Magistro
1141 4487 1342 4576 Agasonum,
1359 4491 1467 4559 Paulo

336 4589 452 4660 Judice
469 4588 587 4661 Oourie
603 4593 727 4662 Oomite
742 4592 889 4679 Albensi,
904 4593 1100 4678 Magistratu
1115 4594 1395 4664 Thaumnicorunr
1411 4617 1468 4666 ra·
