3168 5186
860 343 1015 446 Q

375 545 610 614 suntoonseaai.
628 543 864 629 Obligauerunt
879 545 1012 630 insuper
1028 561 1075 628 sc,
1093 550 1127 608 ut
1138 539 1329 608 michaelem
1339 539 1521 607 Comitem

375 658 407 721 ct
423 672 500 721 snos
516 651 653 720 heredes
667 651 798 718 racione
814 657 900 719 terre
916 651 1061 737 predicte
1077 657 1189 717 contra
1199 669 1312 716 omncs
1329 649 1525 715 molestan-

375 772 424 830 tes
448 759 624 828 defendere
647 765 840 826 tenerentur.
865 760 917 826 Ad
932 760 1025 826 cuius
1040 759 1088 825 rei
1105 760 1204 825 robur
1219 755 1413 824 tradidimus
1433 774 1520 842 pre·

375 889 451 938 sens
467 869 623 955 scriptum
637 869 799 935 communi
815 866 951 936 fratrum
966 875 1151 937 nostrorum
1170 885 1348 950 consenum
1369 883 1520 952 presen-

375 979 463 1046 tibus
481 985 589 1045 tamen
600 977 737 1044 Nicoieo
753 975 934 1065 Proposito,
951 975 1106 1043 Furcasio
1123 973 1274 1059 Contere,
1283 975 1412 1042 Thomu
1432 972 1523 1040 Lec-

376 1093 454 1170 tore‚
472 1086 568 1154 Petro
585 1083 739 1168 Custode,
755 1084 882 1154 Jacobo
908 1083 949 1151 de
964 1084 1121 1168 Sumbun,
1138 1085 1270 1150 Vrbano
1289 1082 1330 1150 dc
1345 1081 1521 1165 zoboleu

375 1194 485 1260 Marco
502 1193 544 1259 de
559 1195 643 1277 Vug,
660 1193 817 1279 Magistro
832 1193 984 1262 Johunnc
999 1192 1040 1260 de
1056 1194 1193 1276 Bursuu,
1213 1190 1364 1259 Johanne
1380 1191 1427 1256 de
1447 1191 1520 1255 Ke-

376 1321 450 1386 mey
466 1299 712 1370 Archidiucouis
728 1308 761 1369 ct
776 1300 851 1369 aliis
873 1300 993 1368 multis.
1019 1303 1112 1368 Anno
1128 1301 1259 1369 Domini
1274 1299 1319 1365 ii‘
1329 1297 1396 1364 00⁹
1413 1298 1522 1383 quiu-

375 1408 568 1494 quagesimo
593 1407 725 1496 quinto;
749 1419 907 1496 regnante
933 1410 1076 1495 glorioso
1101 1411 1181 1476 Bclu
1205 1411 1295 1494 Rege
1319 1407 1519 1492 Hungarie,

376 1515 554 1583 Benedicto
565 1516 817 1605 Archiepiscopo
834 1517 1070 1604 Strigoniensi3
1087 1517 1218 1585 domino
1235 1523 1268 1584 et
1279 1523 1374 1603 patre
1390 1523 1521 1581 nostro

376 1625 550 1712 Lamperto
566 1625 736 1710 Auriensis
751 1626 899 1695 Ecclesie
915 1625 1058 1714 Episcpo
1075 1627 1296 1696 existentibus.

679 1806 708 1872 A
924 1809 951 1874 B
1165 1807 1192 1875 0

376 1984 516 2048 (Brodetic
527 1985 700 2053 borhtnytn,
720 1989 832 2056 molyrd'i
846 2005 863 2042 a
876 1986 1006 2056 kiptulan
1020 1987 1143 2056 peese'tje
1157 1986 1516 2054 singu-vitros-violaszinii

518 2077 747 2144 selycmzaindron
756 2079 824 2147 sugg
837 2097 854 2132 a
867 2079 950 2133 budai
962 2081 1013 2132 kir.
1027 2081 1151 2133 inmersi
1161 2076 1349 2144 lsvdltirbsn.)

849 2378 1067 2389 --.·--·-.--

905 2837 983 2904 290.

378 3015 427 3077 Az
442 3019 509 3100 apri
531 3015 744 3104 kdptulannuk
768 3018 1036 3106 bizonysdpleodc,
1060 3023 1142 3106 kopp
1158 3019 1256 3085 Beris
1278 3039 1376 3083 comcs
1391 3016 1513 3102 Nsstd·

377 3123 476 3188 oluszi
490 3124 656 3212 Eppeduek
672 3151 692 3191 u
707 3127 800 3192 Soita
814 3133 845 3192 e'a
862 3127 963 3193 Rotku
977 3151 1064 3214 peres
1072 3127 1232 3212 javalmat
1246 3128 1356 3192 hairum
1371 3126 1512 3210 copped-

741 3242 835 3302 re'oec't
849 3237 1013 3324 citenpedtc.
1033 3235 1131 3303 1255.

484 3431 641 3500 Omnibus
657 3433 777 3501 Christi
792 3432 943 3500 fidelibus
958 3438 1025 3500 tum
1042 3433 1245 3520 presentibus
1264 3452 1363 3517 quum
1379 3432 1503 3500 futuris

376 3539 560 3626 Capitulum
586 3541 733 3608 Ecclesic
748 3540 917 3626 Agriensis
941 3543 1081 3610 salutem
1098 3541 1131 3610 in
1151 3542 1293 3608 omnium
1318 3542 1503 3608 saluatore.

374 3645 427 3714 Ad
441 3646 664 3718 uniuersorum
675 3647 830 3716 noticiam
845 3648 993 3717 volumus
1006 3652 1186 3737 peruenire,
1204 3649 1292 3735 quod
1302 3648 1506 3717 constitutus

375 3777 483 3824 coram
508 3757 602 3826 nobis
618 3756 726 3825 Bcche
742 3758 857 3826 Comes
886 3757 972 3824 filins
986 3757 1131 3844 Mokyen
1154 3777 1196 3826 ex
1212 3777 1277 3823 una
1292 3763 1398 3843 parte,
1425 3756 1505 3841 Egi·

374 3863 447 3931 dius
463 3863 549 3931 tilius
564 3865 688 3933 Thomc
702 3864 744 3932 dc
759 3864 839 3932 villa
854 3865 1023 3951 Nogolozy
1039 3867 1083 3933 ab
1100 3866 1224 3949 altera3
1241 3863 1416 3952 proposuit
1434 3885 1507 3952 prc-

374 3974 480 4041 dictns
495 3973 603 4041 Beche
618 3973 744 4059 Comes,
769 3973 856 4058 quod
872 3993 945 4041 cum
960 3973 1112 4058 Egidium
1136 3977 1272 4042 racione
1299 3979 1386 4040 terre
1406 3972 1504 4038 Suita

373 4089 405 4149 et
419 4083 538 4168 Ratira,
556 4103 653 4167 quam
668 4082 755 4151 idem
771 4083 909 4168 ugidim
924 4083 966 4152 de
984 4085 1102 4154 Pctrcd
1125 4086 1192 4153 filio
1209 4085 1343 4174 Georgii
1361 4087 1502 4170 emeret,

372 4199 404 4261 et
418 4193 535 4260 litteris
550 4191 668 4259 nostris
684 4193 900 4278 confirmarat,
930 4192 971 4261 dc
986 4195 1154 4262 voluntate
1169 4195 1279 4264 fratris
1294 4197 1345 4264 sni
1373 4195 1503 4286 Buten,

371 4307 404 4366 ct
419 4298 524 4368 eciem
547 4298 686 4366 filiorum
701 4299 803 4387 Opus,
826 4300 979 4370 uidelicet
993 4304 1106 4371 Bnken
1127 4311 1162 4370 et
1186 4303 1300 4374 chana
1324 4308 1500 4379 traxisset

371 4413 406 4479 in
421 4430 564 4495 causam,
590 4410 723 4478 tandem
739 4410 959 4478 mediantibus
984 4414 1095 4499 probis
1110 4413 1189 4482 uiris
1204 4415 1283 4483 talis
1299 4416 1385 4483 inter
1409 4420 1498 4506 ipsos

373 4519 487 4586 fuisset
501 4517 591 4584 iacta
607 4517 814 4603 composicio.
838 4517 934 4597 Quod
950 4528 1076 4588 retente
1092 4529 1208 4608 quarta
1228 4529 1322 4609 parte
1337 4530 1496 4591 terrarum

375 4626 592 4713 predictarum
609 4645 668 4711 pro
684 4644 744 4693 suo
759 4645 831 4710 vsu,
857 4644 898 4692 ex
913 4629 1073 4714 superiori
1089 4630 1151 4697 fine
1168 4635 1234 4697 tres
1250 4637 1363 4716 partes
1387 4651 1498 4700 earun-
