3186 5188
555 299 717 402 Qa-

72 495 144 560 dem
161 494 329 580 Civitatis,
347 492 532 580 achorgii
548 497 689 564 hhhatis
699 495 854 564 Oeenohii
868 494 1019 564 dedicavi
1030 498 1205 566 ecclesiam

8 681 9 684 Ἴ
71 603 182 670 Sancti
199 599 338 687 Georgii
365 602 408 669 ad
434 600 567 670 landem
583 601 645 670 Dei
671 610 705 669 ct
719 603 875 670 honorem
900 601 1043 671 Sanctae
1067 605 1202 692 Mariae,

71 731 226 778 necnon
252 709 410 794 aliorum,
436 730 571 795 qnorum
598 711 756 794 reliquiae
772 709 826 776 hic
850 708 1066 797 continentur,
1094 713 1205 780 Sancti

73 818 220 907 lieorgii,
239 819 359 889 Abdon
375 827 410 888 et
425 821 555 888 Sennen
580 828 770 906 martyrum,
788 839 827 887 ac
846 821 1036 891 Sanctorum
1052 823 1206 891 Innocen-

73 929 169 1014 tium;
188 947 280 1012 qnae
295 927 446 994 Ecclesia
463 927 624 1014 praedicti
640 928 703 996 loci
719 934 789 996 erat
803 928 1091 1014 praedecessorum
1106 931 1206 999 totius

75 1034 328 1103 Communitatis
345 1035 554 1103 catharinae.
572 1034 801 1103 venerabilem
816 1035 878 1102 Dei
894 1035 1076 1103 Ecclesiam
1092 1037 1206 1121 gnber-

75 1149 171 1212 nante
187 1143 384 1211 Innocentio
399 1142 601 1230 Apostoliao,
618 1142 748 1211 domino
764 1149 872 1210 autern
883 1143 1020 1211 Uroscio
1036 1152 1205 1230 regnante.

77 1251 167 1332 Quod
192 1271 358 1339 praesens
383 1251 540 1336 scriptum
557 1251 626 1319 lieri
651 1251 713 1319 leci
737 1272 798 1338 per
812 1251 993 1320 Diaconum
1008 1252 1150 1320 Micham
1166 1252 1207 1320 de

77 1359 183 1446 (ligna
198 1359 376 1428 Notarium
392 1361 581 1448 praedictae
592 1359 853 1447 communitatis,
869 1379 942 1428 curn
959 1382 1055 1430 mann
1072 1363 1207 1449 propria

77 1475 106 1536 at
119 1470 216 1555 signo
243 1473 410 1538 consueto.

316 1664 441 1736 (Farlati
454 1668 595 1735 Illyricum
607 1668 721 1722 Sacrum
734 1668 781 1722 v1.
795 1669 852 1720 ket
866 1669 927 1720 439.
943 1669 973 1735 l.)

514 1973 780 1987 U

602 2473 677 2540 ltu.

87 2672 106 2735 I
109 2671 141 2738 V.
160 2673 242 2738 Be'la
267 2671 371 2757 ursly
396 2671 505 2738 Ιπυάπ
520 2671 620 2739 Jonos
643 2673 757 2739 ciodw
771 2674 896 2757 fidaak,
921 2675 995 2759 sfiu
1017 2674 1178 2740 Jciuoonulc
1194 2701 1214 2740 a

8 2805 9 2814 ²
212 2778 296 2845 tdldh
311 2779 396 2844 eluett
410 2779 600 2866 hudaod'tyys‘
614 2780 742 2846 hirtckm
756 2783 857 2847 uisam
873 2781 956 2866 adju.
986 2782 1081 2847 1248.

188 2975 275 3043 Belo
283 2974 346 3042 Dei
356 2974 471 3059 gracia
480 2974 658 3063 Hungarie,
676 2975 855 3062 Dalmacie,
873 2975 1084 3062 Ohoroaehie,
1100 2979 1213 3063 Rome,

90 3083 206 3169 Sernie,
223 3082 376 3169 delicie,
392 3081 596 3169 Lodomerie,
612 3080 833 3169 (inmaniaque
848 3084 918 3149 Rex
934 3084 1084 3150 omnihus
1094 3083 1216 3150 Christi

89 3190 234 3259 fidelihus
252 3197 435 3277 presentem
452 3192 610 3277 paginam
629 3190 825 3278 inspecturis
841 3191 979 3259 salntem
996 3198 1029 3259 et
1044 3211 1137 3259 omne
1161 3192 1216 3258 bo·

89 3318 170 3366 num.
187 3299 354 3379 Quoniam
371 3297 619 3367 succedentibus
644 3299 746 3366 uariis
763 3303 885 3366 etatum
900 3298 1099 3385 temporibus
1116 3299 1213 3369 colla·

91 3407 195 3476 cinnes
212 3428 274 3475 seu
285 3407 519 3495 disposiciones
536 3410 662 3493 Regum
674 3408 781 3475 solent
791 3405 902 3494 sepius
917 3405 1092 3476 ohhuionis
1108 3409 1216 3476 cinere

92 3519 228 3606 sepeliri,
247 3517 362 3587 maiori
378 3517 516 3587 consilio
532 3518 699 3605 prouisum
717 3524 776 3603 est,
798 3538 854 3586 eas
872 3516 1020 3604 apicibus
1035 3517 1216 3587 litterarum

92 3627 300 3710 perhennare.
328 3627 399 3693 Hac
422 3625 524 3711 igitur
549 3623 814 3695 consideracione
839 3625 963 3693 inducti
988 3627 1031 3693 ad
1049 3627 1217 3696 uniuerso·

94 3753 158 3800 rum
184 3734 391 3822 presencium
415 3741 448 3802 et
472 3732 655 3803 futurorum
680 3735 833 3801 noticiam
858 3736 1007 3801 uolumus
1031 3734 1216 3821 peruenire,

95 3841 175 3924 qnod
191 3843 387 3910 accedentes
403 3842 438 3909 in
453 3843 658 3927 presenciam
673 3849 817 3911 nostram
830 3842 1016 3930 Stephanus
1031 3842 1131 3909 frater
1146 3840 1217 3907 lho-

96 3948 184 4016 annis
200 3950 324 4037 pugilis
340 3950 396 4036 filij
414 3949 537 4035 Rodns,
563 3956 595 4017 et
610 3951 772 4018 lhoannes
788 3950 874 4017 fihns
890 3947 1035 4016 eiusdem
1051 3946 1216 4033 Ihoannis,

97 4058 257 4142 conquesti
273 4064 347 4126 sunt
363 4059 468 4143 nohis,
486 4057 572 4145 quod
588 4058 796 4127 medietatem
812 4057 981 4125 cniusdam
997 4061 1082 4122 terre
1107 4073 1217 4123 corum

98 4165 292 4253 Budawelge
307 4167 447 4253 nomine,
472 4187 572 4253 quam
598 4167 640 4234 ah
665 4167 798 4253 antiqno
824 4173 969 4252 tempore
989 4169 1083 4255 pater
1107 4182 1219 4230 eorum

99 4272 201 4342 Rodus
221 4274 405 4343 antedictus
431 4281 465 4342 et
490 4295 572 4343 auus
597 4275 734 4362 pacifice
759 4291 890 4359 semper
914 4267 1137 4359 possederant,
1164 4267 1220 4334 hli-

101 4378 185 4448 chael
200 4384 318 4452 Oomes
343 4380 443 4450 irater
467 4379 580 4448 anad
605 4381 741 4450 Comitis
769 4379 928 4446 existente
943 4376 1069 4446 Oomite
1093 4376 1221 4443 Woros·

102 4485 199 4558 diensi
215 4493 258 4559 ah
274 4494 323 4561 eis
339 4491 538 4576 abstulisset,
555 4498 587 4558 et
603 4490 709 4558 eidem
726 4488 841 4556 Castro
851 4486 1018 4556 statuisset
1032 4484 1220 4571 asserendo,

102 4593 194 4667 luisse
209 4608 331 4668 terram
348 4598 456 4668 (taetri
472 4598 648 4684 antedietl;
675 4603 707 4662 et
731 4593 831 4682 ijdem
847 4593 1011 4662 humiliter
1035 4593 1130 4663 nobis
1146 4613 1219 4682 sup
