3210 5194
917 921 973 988 90.

380 1095 443 1163 IV.
462 1095 542 1160 Baua
567 1094 675 1182 kirdly
698 1098 875 1183 mepeedeiti
889 1099 935 1166 ΙΙ.
952 1101 1062 1165 mucre
1086 1099 1261 1187 tirdlynak
1285 1099 1357 1166 Aba
1381 1113 1521 1168 umet·

381 1201 496 1289 edpbelc'
519 1202 664 1268 Demeter
688 1214 798 1270 mester
821 1209 969 1272 emmetra
993 1206 1119 1272 Madett
1145 1208 1281 1273 1234-AE
1305 1209 1517 1296 adomdaydt.

899 1313 995 1377 1243.

491 1505 573 1574 Bela
597 1505 660 1573 Dei
684 1505 800 1590 gracia
815 1505 991 1591 Hungarie,
1017 1505 1198 1592 Dalmacie,
1226 1505 1374 1593 Orcacie,
1397 1511 1520 1596 Reme,

385 1613 508 1699 Seruie,
522 1613 673 1698 Gallicis,
690 1613 882 1682 Ledemerie
893 1611 1114 1698 Gemanicque
1127 1616 1198 1681 Rex
1214 1615 1375 1683 uniuersis
1391 1615 1520 1684 Christi

383 1720 533 1788 fidelibus
549 1728 618 1788 tam
642 1721 847 1808 presentibus
863 1739 960 1805 quam
985 1718 1101 1787 futuris
1117 1729 1289 1808 presentes
1314 1723 1445 1790 litteras
1469 1725 1520 1790 in-

385 1830 543 1917 specturis
560 1829 699 1896 salutem
715 1828 749 1894 in
764 1828 904 1897 Domine
921 1829 1165 1915 sempiternam.
1182 1829 1285 1914 Regia
1299 1829 1520 1913 benignitatis

385 1937 499 2021 gracia
513 1935 730 2022 peticionibus
756 1955 887 2003 suerum
903 1935 1047 2003 fidelium
1062 1935 1118 2023 pio
1141 1937 1312 2004 consueuit
1338 1956 1519 2022 assurgere

385 2063 457 2110 eum
473 2041 597 2128 fauere,
624 2049 657 2110 et
672 2043 815 2130 ipserum
832 2042 1029 2110 desiderium
1053 2043 1147 2110 iuxta
1169 2063 1300 2111 suorum
1325 2043 1517 2111 meritorum

386 2149 590 2236 exigenciam
616 2149 828 2219 laudabiliter
852 2150 1032 2238 admittere,
1059 2159 1095 2217 vt
1111 2171 1150 2218 ce
1176 2154 1248 2221 nise
1273 2155 1334 2220 sub
1359 2151 1518 2238 Principe

386 2255 536 2340 graciae
561 2255 692 2323 discant
715 2256 814 2324 ceteri
840 2255 993 2323 deuecius
1016 2254 1179 2322 famulari.
1210 2258 1263 2323 Ad
1287 2257 1516 2325 uniuersorum

386 2367 487 2450 igitur
502 2363 657 2430 ncfieiam
681 2370 793 2433 tenere
808 2363 1012 2451 presencium
1037 2365 1187 2432 nolumus
1210 2365 1398 2450 peruenire,
1425 2363 1519 2448 qnod

385 2473 544 2558 Magister
559 2473 744 2539 Demetrius
759 2472 846 2539 lilius
862 2471 998 2540 Comitis
1014 2471 1110 2557 Syrti
1126 2470 1167 2538 de
1184 2491 1306 2557 genere
1321 2472 1396 2539 Aba
1415 2472 1518 2540 dilec-

387 2586 439 2647 tus
456 2585 489 2645 et
504 2578 610 2646 tidelis
624 2585 735 2647 nester
751 2577 795 2646 ad
805 2587 950 2648 nestram
966 2579 1124 2646 accedens
1134 2581 1348 2665 presentiam,
1365 2578 1518 2646 exhibuit

386 2687 479 2756 nobis
505 2687 713 2774 priuilegium
728 2687 1002 2755 Excellentissimi
1028 2687 1152 2755 demini
1167 2686 1297 2756 Andrce
1316 2687 1518 2757 victoriosis·

387 2796 461 2863 simi
477 2795 540 2861 Dei
565 2794 679 2879 gracia
694 2794 796 2879 Regis
812 2793 981 2879 Hungarie
1006 2795 1110 2880 patris
1134 2795 1239 2861 nestri
1255 2794 1420 2862 karissimi
1444 2794 1517 2861 feli-

388 2903 519 2971 cissirne
542 2902 780 2971 recordacionis
805 2901 986 2970 conlectum
1011 2921 1108 2988 super
1135 2902 1315 2971 denaeicne
1343 2910 1515 2986 terrarum,

388 3009 488 3079 Salac
503 3009 667 3094 videlicet,
683 3009 943 3077 Waarassnkule
960 3016 993 3076 et
1008 3011 1123 3097 Hasay
1140 3017 1327 3078 necatarum
1352 3009 1394 3076 dc
1409 3007 1516 3076 Gemi-

388 3115 680 3203 tatuByhoriens13
697 3117 775 3184 item
786 3117 904 3183 Peclct
914 3124 1065 3202 quartam
1074 3124 1202 3204 partem
1212 3115 1299 3206 (lgy)
1311 3125 1395 3184 terre
1405 3117 1514 3184 Patha

389 3233 422 3292 ct
436 3224 531 3311 Byna
545 3222 588 3290 de
603 3223 736 3290 Zurdnk
759 3225 793 3290 in
811 3223 973 3292 Gemitatu
990 3223 1076 3292 Noui
1093 3222 1211 3310 (lustri,
1237 3231 1353 3308 petens
1379 3242 1453 3290 cum
1469 3223 1516 3288 in·

303 3368 309 3382 =
389 3331 527 3414 starcia,
552 3339 588 3397 nt
608 3349 668 3399 nes
694 3330 800 3419 ipsum
825 3331 1034 3417 priuilegium
1059 3337 1164 3397 ratum
1190 3331 1324 3415 habere,
1349 3339 1382 3398 et
1403 3333 1518 3395 nestro

390 3439 598 3522 dignaremur
613 3437 788 3524 priuilegio
808 3439 1008 3505 confirmare.
1026 3437 1125 3505 Ocius
1141 3438 1273 3524 quidem
1289 3436 1456 3524 priuilegij
1473 3443 1518 3502 te·

390 3564 451 3612 ner
464 3545 541 3611 talis
561 3551 631 3611 est:

499 3651 536 3715 ln
551 3649 683 3718 nomine
699 3653 761 3719 stb.
787 3652 937 3720 Andreas
954 3653 1016 3721 stb.
1044 3649 1255 3740 (kdvctkezilr
1278 3651 1320 3718 11.
1338 3647 1447 3716 lindre
1471 3647 1518 3714 ki-

393 3757 534 3844 rtlynalr
548 3755 974 3847 1234-ki'ademtnylevele,
985 3761 1068 3827 mint
1078 3782 1098 3827 a
1106 3761 1197 3846 jelen
1208 3760 1414 3845 Oltmtnyttr
1423 3755 1449 3822 l.
1464 3757 1519 3821 lud·

391 3868 521 3934 tetthen
538 3865 614 3934 345.
631 3884 676 3931 sc.
692 3865 738 3953 a.)

498 3973 568 4041 Nes
584 3973 706 4060 itaque,
731 3973 787 4061 qui
804 3993 844 4040 ex
861 3972 968 4041 efficio
986 3974 1128 4061 suscepti
1144 3973 1313 4059 regiminis
1336 3970 1440 4062 nostri
1455 3989 1518 4035 me·

390 4080 444 4146 tiri
462 4082 617 4150 debemus
632 4081 750 4149 menta
766 4081 979 4166 singularum,
998 4088 1031 4148 et
1045 4081 1155 4168 dignis
1172 4101 1232 4166 pro
1249 4079 1373 4147 meritis
1389 4096 1518 4164 respen-

394 4189 483 4273 dere,
509 4195 543 4255 vt
558 4190 687 4258 illerum
708 4189 857 4276 exemplo
874 4188 931 4273 alij
958 4187 1001 4255 ad
1017 4188 1187 4255 fidelitatis
1212 4206 1312 4274 opera
1335 4187 1517 4253 icruencius

392 4294 596 4366 inducantur.
614 4297 791 4383 Propterea
807 4295 996 4363 fidelitatem
1013 4303 1046 4362 et
1059 4294 1174 4362 fideles
1187 4293 1364 4362 famulatus
1380 4289 1518 4379 prodisti
1590 4331 1593 4338 ·

391 4404 541 4487 Magistri
556 4403 725 4490 Demetrij,
752 4404 806 4489 qni
823 4402 999 4470 karissime
1023 4401 1116 4470 tratri
1132 4409 1244 4471 nesae
1260 4401 1342 4486 Regi
1361 4399 1397 4466 Ο.
1415 4409 1447 4466 et
1465 4417 1516 4465 nc

389 4511 440 4576 bis
457 4529 496 4576 ac
511 4510 571 4577 teti
586 4511 698 4595 Regno
715 4509 748 4576 in
774 4510 916 4577 diuersis
933 4508 1081 4594 seruiciJs
1108 4515 1141 4574 ct
1155 4508 1261 4592 Regni
1285 4509 1388 4577 nestri
1407 4525 1515 4593 geren·

389 4615 451 4702 dis,
470 4616 693 4702 multipliciter
708 4616 858 4702 inpendit
873 4623 1091 4701 recensentes,
1108 4616 1303 4703 peticionem
1315 4617 1418 4682 eciam
1434 4615 1515 4681 eins·
