3210 5194
603 304 756 405 „oc-

115 498 189 568 lnds
215 500 258 570 ad
275 502 433 586 aegerat,
462 498 546 568 unde
562 517 676 568 nereus
702 501 886 587 aquilonem
913 500 1074 588 peridem
1099 504 1244 570 archad

115 607 189 688 llus,
208 607 250 676 de
262 628 324 692 quo
342 607 388 674 ad
402 609 542 696 primam
559 613 679 674 metam
690 608 912 676 Moluneuren.
930 607 1059 692 Omnia,
1081 628 1144 693 qne
1158 611 1244 678 infra

117 725 215 782 melas
237 715 319 784 istas
346 716 558 798 eontinentur,
576 719 608 781 et
623 713 757 790 fluuium
773 714 890 802 Hydas
909 735 983 783 cum
998 715 1108 783 insula
1123 717 1243 786 Molon-

115 842 207 889 enren
233 842 336 907 nsque
364 822 408 890 ad
434 821 550 907 Hydns
574 823 699 905 stege,
726 822 942 908 prenominati
968 822 1078 891 Abbas
1104 824 1243 891 31033-

115 935 225 996 uentns
253 929 362 996 eidem
388 929 508 998 (lhcrtu
533 936 566 996 et
582 931 732 1015 cognatis
758 930 826 997 suis
850 937 1098 1016 concesserunt3
1127 931 1243 999 dantes

114 1036 193 1104 infra
209 1038 244 1104 in
264 1039 369 1124 pratis
386 1039 469 1106 etin
487 1037 700 1122 arundinetis,
718 1058 781 1123 qne
797 1047 873 1107 sunt
887 1041 974 1106 ultra
989 1039 1121 1107 fluuium
1138 1040 1243 1107 Hidus

115 1165 222 1212 uersus
239 1145 456 1231 occidentem,
482 1152 678 1232 potestatem
692 1142 837 1212 ialeandi
852 1146 974 1228 senum,
991 1145 1133 1214 metendi
1150 1167 1242 1213 arnn-

113 1251 199 1318 dines
225 1252 271 1318 ad
299 1272 393 1320 usum
418 1255 561 1339 ipsorum
586 1252 791 1320 sufficienter.
818 1250 903 1330 Quia
927 1273 1002 1320 nero
1028 1253 1093 1319 ism
1119 1254 1243 1323 tociens

114 1356 185 1426 dicti
201 1358 327 1426 (lhertu
344 1358 487 1428 fidelitas
504 1381 569 1428 non
585 1379 627 1426 ex
642 1358 805 1446 condigno
820 1359 927 1426 inerat
942 1381 1000 1445 per
1016 1362 1078 1427 hoe
1094 1382 1242 1431 remune-

113 1475 187 1550 rata,
214 1486 292 1533 cnm
308 1487 374 1534 non
398 1469 431 1535 in
448 1488 571 1534 meram
587 1468 772 1535 libertatem
797 1467 904 1553 ipsum
925 1475 958 1534 et
982 1475 1139 1554 cognatos
1165 1488 1241 1537 scos

112 1577 391 1662 transtuleramus,
409 1577 511 1644 sedin
522 1576 846 1661 liberosiobagiones
858 1576 1015 1661 aeclesis,
1036 1577 1241 1664 sicntsupra-

114 1681 271 1766 diximus3
301 1685 388 1751 hanc
403 1684 468 1752 sibi
491 1685 624 1767 suisque
647 1683 797 1769 cognatis
824 1683 1078 1750 antenominatis
1097 1684 1241 1768 graciam

112 1790 333 1858 concessimus
358 1791 544 1876 specialem,
572 1797 607 1858 ut
632 1809 833 1875 quecumque
859 1791 996 1856 collecta
1021 1787 1073 1856 nel
1096 1791 1241 1873 quelibet

111 1897 235 1966 exactio
263 1899 301 1964 in
316 1899 432 1984 Regno
451 1906 561 1968 nostro
585 1899 762 1982 emerserit,
788 1897 852 1985 ipsi
868 1896 911 1964 ab
938 1915 1047 1963 earum
1074 1896 1241 1966 solucione

112 2005 199 2074 liberi
215 2006 290 2073 sint
302 2007 435 2094 penitus
451 2011 484 2073 et
499 2006 656 2090 inmunes,
671 2025 732 2073 nee
750 2004 924 2073 nccmione
948 2023 1061 2070 earnm
1080 2004 1238 2088 aliquate-

111 2132 166 2180 nns
181 2115 410 2182 molestentur.
436 2115 479 2180 vt
493 2113 593 2200 igitur
607 2114 668 2180 hec
684 2118 796 2180 nostra
820 2109 989 2179 ordinacio
1005 2131 1045 2178 an
1073 2113 1240 2180 concessio

109 2222 251 2309 legitime
281 2221 370 2291 faeta
396 2222 491 2290 salua
515 2241 644 2310 semper
671 2226 704 2287 et
727 2221 920 2288 inconcussa
945 2224 1153 2307 permaneat,
1180 2239 1240 2286 nec

109 2332 208 2418 possit
219 2331 436 2416 imposterum
453 2350 510 2415 per
526 2328 712 2414 qnempiam
729 2326 920 2412 retraetari;
937 2334 1105 2414 presentes
1122 2327 1155 2394 in
1170 2347 1239 2413 per·

108 2447 236 2528 petuam
253 2437 307 2505 rei
324 2439 511 2506 memoriam
538 2444 570 2504 et
585 2436 769 2503 firmitatem
785 2435 914 2504 litteras
930 2433 1081 2504 duximus
1105 2455 1232 2504 coneen·

112 2549 246 2632 dandas,
277 2545 422 2633 duplicis
446 2544 547 2630 sigilli
562 2544 665 2612 nostri
690 2542 867 2610 munimine
883 2543 916 2607 in
932 2548 1121 2629 perpetuum
1147 2543 1238 2610 robo-

111 2666 204 2724 ratas.
231 2657 360 2724 Datum
375 2673 435 2741 per
450 2671 565 2721 manus
582 2650 732 2736 Magistri
748 2649 916 2717 Benedicti
931 2649 1093 2735 Propositi
1115 2649 1241 2718 Buden-

111 2764 164 2848 sis‚
188 2765 265 2832 aule
292 2768 406 2830 nostre
420 2756 722 2844 Uicedancellarij,
751 2777 837 2824 anno
862 2757 993 2824 Domini
1010 2758 1056 2822 ll.⁰
1069 2756 1134 2823 GC?
1150 2755 1241 2824 trice

112 2871 188 2940 simo
214 2889 321 2954 nono,
347 2867 524 2936 tredecimo
547 2865 710 2933 kalendas
734 2865 825 2951 Maij,
842 2864 948 2951 Regni
972 2871 1082 2930 antem
1109 2862 1240 2952 (nostri)

112 3000 191 3048 anno
210 2985 342 3065 quarto.

200 3176 251 3242 (Aa
266 3177 373 3230 eredeti
386 3171 452 3228 utin
465 3175 545 3240 Nagy
557 3175 637 3233 imre,
650 3173 739 3225 Haaai
751 3163 920 3236 Olrmdnytdr
932 3169 980 3220 1v.
992 3168 1049 3221 ket.
1065 3171 1108 3219 22.
1120 3169 1151 3236 1.)

544 3475 815 3488 m
