3252 5198
627 321 790 424 *sr—

138 513 202 597 bat‚
220 513 256 578 in
273 514 404 580 modum
421 515 539 600 insule,
557 517 652 585 etsie
668 519 799 585 demum
814 518 859 585 ad
876 525 996 586 metam
1007 523 1148 608 priorem
1163 543 1272 591 reuer-

136 625 256 686 tuntur.
274 622 317 688 Et
331 621 519 689 insimiliter
543 624 578 691 in
594 624 709 712 predio
725 627 832 714 Kyniz
848 631 952 693 metas
965 637 1216 697 renouauerunt.
1234 634 1273 698 ln

136 729 228 794 cuius
245 731 294 796 rei
319 731 542 799 testimonium
566 741 734 820 presentes
754 737 879 802 litteras
903 737 1123 805 concessimus
1149 739 1273 822 sigillo-

136 855 204 901 rum
219 842 407 906 uostrorum
425 841 602 908 munimine
618 843 808 927 roboratas3
826 862 911 908 anno
929 843 1098 911 Dominice
1114 846 1268 913 lucarna-

136 943 239 1010 cionis
256 945 435 1012 millesimo
452 944 674 1015 ducentesimo
691 950 855 1017 tricesimo
872 952 1021 1037 septimo.

135 1159 251 1228 (Mityle
271 1161 421 1228 lrirdlynak
438 1164 549 1214 lass-ki
568 1161 724 1226 atiratlbol,
747 1167 817 1231 moly
829 1182 847 1217 a
865 1165 1060 1232 saombathelyi
1080 1166 1266 1234 kdptalannalr

532 1252 719 1306 leveltdraban
733 1255 880 1322 criatetik.)

570 1571 838 1581 Q

672 2115 731 2184 33.

125 2333 213 2398 Arba
240 2334 336 2418 κείρει
364 2331 534 2416 kcacnsdpe
556 2330 689 2415 koppriri
706 2333 802 2416 jopdt
826 2353 847 2392 c
872 2353 914 2394 cz.
935 2331 1061 2396 Mdrtoa
1085 2333 1266 2398 eisztelettrs

285 2437 497 2504 Barbatdbaa
511 2440 618 2523 cpitett
634 2437 791 2522 oppidem
800 2435 997 2523 senatortjo.
1016 2440 1111 2504 1237.

239 2655 336 2722 Anno
353 2653 484 2719 Domini
511 2655 605 2720 1237.
631 2651 813 2719 Indictione
834 2653 876 2718 X.
894 2672 1005 2720 mense
1031 2653 1110 2740 Maji
1126 2656 1183 2720 XI.
1211 2655 1263 2721 die

124 2769 270 2830 exeunte
282 2762 400 2827 Arbae.
418 2761 576 2846 Tempore
593 2759 724 2844 quidem
741 2759 864 2826 domini
881 2761 984 2826 nostri
999 2761 1263 2849 JacobiTeupoli

126 2871 189 2936 Dei
200 2869 315 2955 gratia
324 2866 428 2933 incliti
438 2867 538 2934 Ducis
548 2868 766 2950 venetiarum,
779 2867 965 2934 Dalmatiae
979 2877 1077 2950 atque
1090 2867 1242 2937 croatiae
1255 2894 1261 2954 ;

126 2986 160 3044 et
185 2978 314 3044 domini
330 2974 466 3043 Jordani
489 2976 688 3042 venerabilis
708 2975 863 3061 Episcopi
880 2975 1055 3060 Arbensis3
1082 2983 1114 3043 ct
1130 2979 1262 3061 Rogerii

127 3089 321 3155 Eanroceni
347 3085 474 3172 egregii
490 3084 634 3152 comitis.
664 3086 745 3151 cnm
768 3087 812 3151 sit
838 3084 1089 3152 consuetudinis
1110 3085 1261 3151 civitatis

128 3195 302 3282 tirbensis,
329 3201 364 3260 ut
380 3196 531 3262 defuncto
548 3195 731 3282 Capeliano
758 3195 988 3278 cuiuscumque
1003 3195 1172 3261 Ecclesiae
1195 3195 1263 3260 fun-

128 3303 265 3372 datores
281 3303 385 3389 ipsius
394 3303 565 3369 Ecclesiae
576 3302 792 3388 capellanum
809 3302 931 3386 eligere
942 3301 1092 3387 debeant,
1111 3307 1143 3367 et
1158 3303 1262 3387 ipsius

131 3413 304 3480 electionis
321 3411 522 3478 confirmatio
540 3410 581 3476 ad
598 3411 741 3496 ipsorum
758 3411 955 3496 Episcopum
972 3416 1115 3496 spectct;
1140 3412 1261 3477 idcirco

128 3541 191 3588 nos
219 3541 344 3602 omues,
370 3539 505 3602 quorum
523 3521 655 3588 nomina
679 3519 812 3585 iuferius
835 3519 1047 3602 continentur,
1073 3517 1262 3587 fundatores

128 3628 303 3695 Ecclesiae
320 3627 432 3694 Sancti
448 3627 579 3693 Martini
604 3627 645 3693 de
661 3627 805 3694 Barbato
831 3625 987 3692 Arbensis
1010 3626 1188 3715 Dioecesis‚
1217 3629 1261 3694 vi-

128 3734 246 3803 dentes
264 3735 437 3802 Civitatem
462 3741 608 3801 nostram
625 3773 668 3782 —
684 3771 728 3780 —
744 3771 787 3782 -
803 3740 836 3800 et
850 3735 1019 3819 ingruente
1039 3734 1139 3801 nimia
1154 3756 1262 3801 neces-

128 3843 229 3910 sitate
246 3844 288 3909 de
304 3845 377 3928 ipso
389 3841 499 3909 debito
515 3847 626 3908 nostro
639 3842 808 3908 Communi
825 3839 990 3926 solvendo,
1009 3839 1175 3926 deperiet
1190 3861 1271 3906 con·-

129 3951 222 4018 cordi
249 3951 420 4018 voluntate
436 3950 662 4016 Praelatorum
681 3954 713 4014 et
728 3949 827 4016 totius
843 3949 1000 4015 Arbensis
1022 3946 1177 4032 Capituli,
1201 3967 1261 4012 nec

127 4080 196 4126 non
213 4059 255 4125 de
273 4058 481 4143 beneplacito
498 4056 621 4125 domini
638 4056 784 4142 comitis,
805 4055 1071 4122 consiliariorum
1088 4058 1121 4118 et
1137 4054 1262 4120 univer-

127 4187 190 4233 sae
206 4167 466 4252 communitatis,
492 4165 622 4253 pignori
639 4168 749 4233 locare
766 4164 985 4250 disposuimus
1014 4161 1138 4228 reditus
1154 4162 1261 4228 Eccle·

126 4275 202 4343 siae
216 4276 416 4360 nominatae,
443 4273 621 4341 secundum
646 4274 731 4358 qnod
747 4274 781 4339 in
806 4271 936 4358 publico
958 4273 1172 4336 instrumento
1198 4270 1262 4333 evi·

125 4382 246 4450 denter
256 4389 405 4469 apparet,
423 4401 504 4466 qnos
515 4381 673 4448 Arbensis
684 4380 906 4448 communitas
922 4377 1071 4460 termino,
1088 4395 1151 4459 quo
1162 4375 1260 4442 iidem

124 4491 255 4558 reditus
271 4490 466 4556 tenebantur
483 4509 556 4554 esse
566 4487 696 4574 pignori
714 4487 860 4572 obligati,
879 4487 933 4553 vix
956 4483 1164 4550 medietatem
1181 4483 1260 4548 redi·

124 4618 219 4664 mere
244 4606 409 4668 curarunt.
435 4597 538 4682 Igitur
554 4617 625 4663 eum
643 4597 849 4664 Gathedralis
873 4595 1022 4662 Ecclesia
1040 4594 1180 4658 Sanctae
1197 4593 1261 4658 lla-

1065 4726 1100 4782 4*
