3186 5188
556 337 720 442 ,ge-3„

59 546 252 616 mansuros,
284 550 340 598 eos
356 533 550 601 auctoritate
574 540 688 602 nostra
715 541 748 603 et
766 536 967 623 reconcilies,
994 547 1027 606 ct
1045 545 1203 625 unquam

58 636 228 724 speciales
248 647 287 706 et
310 639 445 710 devotos
461 641 547 710 lilios
562 642 747 730 incorpores
763 643 909 732 predicte
927 646 1073 715 Romane
1092 648 1202 715 Eccle-

58 745 115 830 sie,
131 764 202 829 quc
219 751 334 813 mater
350 755 400 816 est
415 748 568 836 omnium,
594 749 722 818 unitati.
748 750 850 838 quue
867 773 925 840 per
939 753 1013 822 loca
1029 760 1062 821 ct
1076 755 1201 840 Regna,

57 852 233 938 inquibus
253 855 415 944 expedire
430 855 562 938 videris,
581 857 728 946 publices
745 866 778 926 et
792 857 897 928 iacias
915 860 1012 928 etiam
1031 860 1200 950 publicari.

57 963 179 1030 Datum
197 963 363 1048 Lugduni
378 966 451 1035 Vll.
467 965 541 1034 idus
556 965 768 1054 Septembris.
788 965 999 1037 Pontificatnn
1024 969 1126 1036 nostri
1146 990 1201 1036 an·

58 1091 98 1138 uo
111 1071 251 1154 quinto.

406 1203 563 1270 (lurgcner
583 1204 619 1256 id.
632 1219 666 1257 m.
680 1205 703 1256 1.
716 1205 772 1258 ludt.
793 1207 836 1258 el.
849 1205 880 1274 l.)

603 1973 681 2046 lot.

65 2154 86 2220 I
87 2154 121 2220 V.
138 2153 238 2222 Iacca
249 2160 344 2245 pcipe
368 2155 582 2244 appetam
600 2153 807 2226 eaenulas
831 2161 863 2223 da
877 2181 898 2226 a
913 2157 1048 2228 iudicant
1068 2160 1201 2249 paspssk.

150 2265 269 2352 cdpbeu
284 2287 323 2331 oa
338 2265 435 2332 eall
445 2266 581 2352 pallam
595 2265 799 2334 dmadldsdt
811 2267 1000 2357 superponis
1010 2265 1110 2336 1247.

169 2465 386 2534 Innocmtius
401 2465 586 2553 spiscopus
611 2481 726 2534 seruus
745 2482 911 2534 serrorum
934 2466 997 2534 Dei
1023 2466 1201 2536 venerabili

69 2567 158 2640 boni
174 2622 184 2640 .
201 2621 211 2640 .
231 2621 241 2641 .
258 2574 514 2662 Anchicplscopo
530 2573 672 2658 Prussie,
699 2573 835 2642 Livonic
862 2582 895 2644 ct
910 2575 1046 2644 Estonie
1061 2574 1201 2644 sdntem

70 2683 338 2769 etApostolicam
353 2683 623 2752 benedictionem
639 2682 855 2769 Exigentibus
871 2690 927 2752 tue
938 2683 1121 2752 devotionis
1138 2701 1202 2750 me·

72 2787 149 2873 ritis,
174 2791 267 2859 votis
291 2791 356 2860 tuis
382 2790 521 2859 libenter
537 2790 720 2876 annuimus,
745 2797 778 2860 et
792 2789 967 2878 petitiones
991 2797 1075 2878 tuas,
1100 2809 1200 2875 quan·

73 2901 135 2964 tum
150 2919 227 2967 cunr
245 2901 321 2969 Deo
335 2919 517 2988 possumus,
535 2899 759 2969 favorabiliter
774 2899 979 2968 exaudimus.
995 2899 1074 2967 'luis
1090 2898 1202 2986 itaque

75 3005 367 3093 supplicationibus
381 3007 540 3093 inclinati,
561 3007 671 3077 utendi
686 3007 795 3094 palleo
810 3007 845 3076 iu
863 3005 1010 3095 partibus
1035 3005 1153 3074 Russie
1169 3010 1202 3074 et

74 3112 215 3184 Ecclesie
231 3116 437 3204 Lubieenais,
453 3135 551 3202 quam
566 3115 626 3182 tibi
641 3114 869 3201 commisimus,
895 3113 1024 3201 plenam
1049 3112 1110 3181 tibi
1125 3132 1199 3182 con·

75 3221 212 3293 ccdimus
227 3223 274 3293 de
288 3225 426 3312 speciali
442 3225 551 3310 gratia
569 3222 770 3293 facultatem.
795 3223 890 3292 Hanc
905 3229 1016 3291 autem
1031 3220 1199 3306 indulgen·

75 3327 148 3398 tiam
164 3332 209 3400 ad
223 3340 302 3401 tuos
316 3332 447 3401 exoeudi
463 3331 614 3400 ndumns
638 3348 864 3416 successores,
879 3331 984 3418 ipsam
1011 3337 1043 3398 te
1064 3328 1199 3398 cedente

75 3437 122 3502 rel
137 3439 339 3510 decendente
355 3459 467 3512 carcre
482 3439 608 3509 viribus
628 3440 849 3508 decernentes.
864 3436 956 3507 Nulli
971 3455 1051 3523 crgo
1066 3437 1198 3506 omuino

78 3541 236 3616 bominum
252 3548 353 3618 liccat
367 3547 453 3616 hanc
467 3547 623 3636 paginam
646 3553 755 3616 nostre
770 3543 992 3615 concessionis
1010 3542 1198 3632 iufringere,

76 3652 169 3719 vel-ei
184 3675 269 3724 ausu
284 3656 459 3724 temerario
476 3655 648 3726 contraire.
664 3655 700 3722 Si
716 3655 906 3740 pulsantem
922 3653 984 3721 lroc
999 3659 1198 3741 attemptare

79 3764 305 3852 presumpserit
330 3765 587 3852 indignationem
612 3764 852 3852 omnipotentis
871 3765 944 3850 Dei,
970 3770 1004 3832 et
1022 3767 1197 3834 Beatornm

78 3863 153 3936 Petri
168 3879 202 3938 et
216 3873 314 3942 Pauli
322 3874 551 3961 Apostolorum
567 3875 640 3961 ejus
655 3895 691 3943 se
701 3875 826 3942 noverit
840 3875 1056 3944 incursurum.
1073 3875 1196 3940 Datum

81 3969 221 4060 Lugduni
237 3981 309 4048 Vll.
325 3981 398 4048 idus
410 3980 619 4067 Septembris,
636 3980 848 4050 Pontificatus
858 3981 1059 4049 nostrianno
1071 3979 1194 4065 quinto.

403 4181 560 4246 (lurrgouov
573 4179 608 4232 id.
623 4197 656 4231 m.
671 4181 692 4232 1.
705 4180 763 4234 loc.
773 4183 815 4232 65.
831 4177 863 4249 l.)
