3210 5194
640 867 695 934 84.

98 1039 268 1130 aspirant
282 1041 506 1130 kaptclcmrolr
533 1045 803 1132 bizooysciplcoele,
830 1053 909 1134 lopy
924 1047 1093 1116 Aedomik
1113 1054 1144 1116 ts
1160 1051 1230 1116 toto

94 1151 165 1213 aar
178 1148 271 1214 bor-ai
294 1147 490 1236 carpobbdpy
510 1149 681 1216 Tlclmoclt
697 1155 780 1216 acolt
795 1151 936 1238 ffildcek
959 1156 1058 1221 racel
1077 1179 1098 1220 a
1115 1156 1230 1224 Geron

211 1254 344 1321 mtlatti
358 1278 400 1320 az.
417 1255 564 1322 bencdcki
579 1258 781 1344 apcttatpnak
796 1258 988 1346 atcnpcdttk.
1009 1261 1108 1332 1242.

512 1434 811 1503 ABG

203 1609 392 1697 Capitulum
402 1609 551 1678 Ecclesia
566 1611 742 1680 Nitriensis
762 1613 911 1681 omnibns
928 1613 1048 1681 Christi
1064 1615 1224 1699 fidelibus,

92 1715 136 1782 ad
160 1735 246 1801 quos
270 1736 409 1804 presens
435 1717 590 1803 scriptum
616 1719 750 1804 venerit,
766 1720 907 1787 salutern
923 1718 958 1785 in
972 1739 1049 1787 vero
1074 1721 1227 1790 salutari.

92 1820 144 1888 Ad
159 1824 388 1892 uniuersorum
410 1824 563 1892 noticiam
580 1832 691 1892 tenore
716 1826 921 1911 presencium
946 1827 1097 1894 nolumus
1113 1847 1224 1913 perne-

91 1929 172 2014 nire,
203 1930 293 2014 quod
306 1930 490 2016 Andornylr
505 1931 590 1999 filins
608 1932 748 2017 Andree,
776 1939 809 1999 et
824 1933 984 2000 Martinus
1008 1933 1092 2000 tilius
1109 1935 1223 2018 Pnyne

91 2035 130 2104 de
157 2038 244 2105 uilla
260 2039 401 2123 Korsak,
418 2041 590 2107 Borsensia
607 2038 714 2106 Oastri
733 2039 930 2125 jobagiones
955 2061 1015 2125 pro
1031 2059 1078 2124 se,
1094 2043 1176 2110 Bors
1192 2053 1225 2109 et

88 2143 211 2211 Barleo
237 2143 314 2212 liliis
330 2146 463 2230 Bothus,
488 2165 548 2213 nec
573 2168 638 2214 non
663 2167 723 2234 pro
740 2146 843 2214 Falclr
858 2146 924 2213 lilio
943 2146 1093 2214 Farcasii
1116 2146 1158 2216 de
1173 2169 1225 2216 ea·

89 2249 165 2318 dem
184 2272 295 2322 coram
311 2254 407 2322 nobis
423 2256 639 2340 personaliter
655 2253 834 2340 constituti,
854 2253 1018 2338 quandam
1029 2256 1223 2340 particulam

86 2366 178 2426 terre
195 2361 238 2428 de
253 2367 341 2428 terra
357 2363 548 2447 Thulmach,
575 2383 672 2449 quam
688 2363 731 2429 ab
750 2361 903 2429 Ecclesia
927 2363 1039 2430 Sancti
1053 2363 1223 2432 Benedicti

86 2487 164 2534 cnm
179 2468 249 2535 litis
265 2469 405 2537 materia
415 2471 644 2556 proponebant
655 2470 810 2554 alienare,
823 2469 1068 2538 considerantes
1077 2469 1221 2553 tandem,

85 2593 154 2642 non
171 2575 218 2643 ad
242 2577 344 2661 ipsos,
369 2576 429 2643 sed
446 2577 491 2644 ad
509 2577 695 2646 Ecclesiam
719 2578 894 2665 pertinere,
921 2582 1127 2663 prenotatam
1152 2578 1223 2645 reli·

86 2687 233 2766 querunt
257 2681 363 2748 eidem
387 2702 461 2750 cum
478 2683 627 2752 omnibus
643 2684 711 2752 suis
727 2685 934 2768 vtilitatibus‚
959 2701 1057 2752 unam
1077 2703 1222 2752 marcam

86 2788 220 2874 argenti
245 2790 378 2856 racione
402 2809 622 2876 expensarum
646 2792 845 2878 recipientes
862 2791 904 2858 ab
924 2791 1039 2859 eadem
1064 2799 1221 2879 perpetuo

86 2915 144 2962 seu
159 2896 303 2980 pacifice
312 2897 554 2983 possidendam.
575 2899 804 2968 Promittantes
820 2898 971 2967 similiter
981 2897 1136 2984 expedire
1148 2919 1221 2986 par·

85 3004 222 3070 ticnlam
238 3009 325 3070 terra
341 3009 559 3091 pretaxatam,
576 3005 606 3072 si
622 3007 1047 3093 perquempiamprocessu
1062 3007 1219 3092 temporis

85 3114 331 3180 retractaretur.
358 3111 396 3176 In
414 3111 505 3178 cuius
521 3111 569 3178 rei
594 3113 782 3180 memoriam
802 3117 970 3198 presentes
996 3111 1122 3180 litteras
1147 3131 1220 3180 con-

86 3217 249 3284 cessimus
279 3215 382 3302 sigilli
412 3218 513 3285 nostri
544 3217 721 3286 munimine
752 3221 944 3303 roboratas,
978 3235 1065 3286 anno
1088 3218 1220 3285 Domini

84 3321 128 3388 ll⁰
138 3320 207 3390 00⁰
217 3324 294 3390 LX⁰
303 3323 352 3390 11⁰
376 3331 495 3410 quarta
508 3325 593 3394 feria
621 3334 697 3413 post
723 3326 809 3394 diem
835 3324 1046 3394 ascensionis
1075 3323 1217 3408 Domini,

84 3429 246 3516 Magistro
262 3433 431 3503 Demetrio
447 3433 594 3502 Doclesie
618 3441 728 3503 nostre
743 3437 879 3502 Leotore
895 3432 1064 3503 existente.

83 3621 221 3690 (Eradetie
241 3626 422 3696 btrhartytm
441 3637 550 3685 artrts
563 3631 789 3698 selycmzsintron
809 3633 918 3699 iflgglttt
930 3629 1022 3698 pecstt
1041 3630 1180 3698 elresaett
1201 3647 1219 3683 a

407 3719 489 3770 budai
502 3720 553 3772 lrir.
566 3719 691 3771 kamarai
703 3717 894 3786 lereltlrban.)

114 4696 221 4736 nom
239 4692 326 4732 mla
342 4693 411 4734 mn.
429 4707 466 4720 -
485 4699 557 4735 nrrt.
575 4690 611 4730 lt·
