3168 5186
261 528 264 534 Ι
359 564 493 633 Gordun
517 561 646 630 nomine
662 558 819 654 Potuleu;
846 566 879 627 et
894 558 970 626 inde
990 556 1203 626 descenderet
1226 555 1348 624 directe
1367 573 1484 623 uersus

357 680 484 760 partem
511 669 745 739 occidentalem
775 669 868 736 iuxta
891 668 1055 754 quandam
1079 667 1188 753 uiam,
1214 687 1277 752 que
1301 664 1359 732 via
1381 663 1484 753 Regis

235 769 239 784 '
357 785 561 868 nuncupatur
586 778 629 845 ad
652 778 786 845 fluuium
804 779 946 844 Kenesa
972 776 1072 845 Cuius
1096 785 1184 844 terre
1208 779 1303 860 mete,
1330 775 1417 841 sient
1440 775 1483 839 ab

358 895 494 972 utraque
517 893 612 974 parte
627 885 856 970 intelleximus,
882 885 944 951 hoo
967 883 1080 953 ordine
1102 884 1324 970 distinguntur
1341 881 1485 968 :Incipit

358 998 464 1088 prima
489 1003 577 1063 meta
602 996 635 1060 in
660 994 802 1082 quodam
826 993 934 1061 teneto
959 1012 1061 1082 prope
1086 998 1191 1060 terras
1222 992 1367 1061 arabiles
1391 992 1486 1060 iuxta

359 1113 463 1174 metas
488 1102 626 1169 filiorum
654 1100 788 1170 Gordus
814 1101 1052 1188 predictorum,
1078 1108 1111 1167 et
1135 1099 1227 1168 uadit
1251 1099 1296 1167 ad
1318 1099 1486 1183 quoddam

357 1231 481 1294 nemus,
507 1211 621 1294 inquo
647 1210 707 1276 sub
733 1208 848 1277 arbore
872 1209 962 1296 pomi
986 1215 1062 1275 sunt
1085 1215 1171 1276 mete
1195 1213 1319 1292 terree;
1349 1215 1384 1274 et
1407 1207 1486 1273 inde

358 1320 540 1408 procedens
566 1319 658 1386 uadit
683 1316 727 1384 ad
750 1317 856 1403 ripam
881 1317 972 1403 fiuuij
996 1317 1129 1384 Kenesa
1152 1317 1308 1404 predicti,
1336 1325 1369 1385 et
1392 1317 1486 1382 iuxta

358 1429 495 1497 eandem
510 1429 544 1494 in
560 1426 731 1494 arboribus
747 1449 823 1513 epar
838 1431 871 1492 et
886 1451 991 1493 uenae
1007 1432 1084 1492 sunt
1097 1435 1201 1512 mete;
1224 1433 1257 1493 et
1271 1426 1318 1493 ibi
1332 1427 1436 1495 intrat
1451 1425 1486 1492 in

358 1538 480 1605 dictum
496 1534 629 1603 fluuium
645 1534 786 1619 Kenesa,
812 1552 871 1620 per
887 1555 983 1620 quem
999 1532 1168 1601 deseendit
1190 1534 1236 1602 ad
1251 1540 1377 1622 partem
1392 1535 1486 1602 meri-

357 1645 521 1713 dionalem
545 1663 647 1726 usque
672 1641 715 1708 ad
730 1641 894 1726 quoddam
909 1641 1140 1725 molendinum,
1166 1642 1253 1727 quod
1270 1648 1320 1710 est
1338 1643 1486 1710 ricinum

358 1754 436 1822 ville
451 1753 627 1835 Kerelrtou,
643 1758 678 1818 et
693 1770 795 1837 prope
811 1749 892 1817 illud
918 1751 1138 1820 molendinum
1164 1751 1233 1818 exit
1252 1753 1295 1819 de
1318 1751 1422 1819 fluuio
1439 1751 1486 1817 sd

357 1863 522 1948 quandam
537 1861 687 1944 insulam,
714 1858 771 1925 ubi
786 1865 837 1925 est
860 1859 968 1945 ipsum
990 1860 1220 1945 molendinum,
1245 1868 1278 1927 et
1295 1867 1371 1927 sunt
1396 1867 1486 1927 mete

358 1979 482 2057 terree;
508 1971 584 2037 inde
610 1966 791 2056 procedens
808 1968 898 2036 vadit
921 1970 967 2036 ad
981 1967 1147 2056 quandam
1162 1971 1311 2038 arborem
1335 1969 1399 2057 piri
1418 1969 1487 2038 eri-

358 2084 495 2147 steutem
512 2096 613 2165 prope
628 2077 791 2163 paludem,
819 2076 879 2143 sub
896 2097 962 2162 qua
978 2084 1052 2144 sunt
1067 2083 1153 2145 mete
1168 2085 1291 2164 terree;
1315 2075 1394 2145 inde
1409 2096 1484 2164 pro

357 2185 477 2254 cedeus
501 2187 601 2252 iuxta
620 2183 756 2252 eandem
782 2184 934 2269 paludem
952 2185 1043 2252 uadit
1058 2186 1102 2252 ad
1121 2186 1203 2253 duas
1227 2192 1332 2254 metas
1348 2190 1487 2271 terreas,

358 2313 421 2380 que
437 2300 511 2361 snnt
526 2294 559 2360 in
575 2294 771 2379 quibusdam
786 2291 974 2360 fructicibus
991 2292 1206 2362 existentibus
1221 2295 1257 2360 in
1271 2293 1381 2360 meula
1396 2299 1487 2360 ante

357 2400 465 2488 dieta;
491 2401 569 2468 inde
584 2400 752 2470 declinans
768 2419 882 2468 uersus
898 2403 1064 2486 orientem,
1090 2402 1288 2470 transeundo
1304 2401 1411 2489 ipsam
1428 2422 1487 2488 pa·

217 2499 219 2504 ’
356 2510 467 2577 ludam
481 2507 575 2576 uadit
593 2511 636 2576 ad
651 2510 803 2594 antiquas
819 2517 925 2576 metes
941 2509 1059 2578 Princh
1075 2508 1211 2579 Comitis
1226 2511 1407 2595 memorati,
1427 2510 1488 2576 uhi

357 2625 446 2685 tenet
461 2625 565 2685 metas
581 2637 653 2684 eum
668 2624 758 2684 terra
771 2617 851 2684 ville
867 2617 942 2702 (lug
965 2618 1096 2685 nomine
1112 2618 1289 2704 Kerektou,
1315 2626 1350 2686 et
1363 2621 1409 2688 ibi
1424 2628 1488 2688 ter

360 2727 509 2796 minatur.
535 2729 691 2794 Preterea
706 2727 847 2795 confessi
873 2735 948 2794 sunt
963 2727 1064 2812 ijdem
1078 2727 1138 2814 filij
1152 2728 1262 2815 Egidij
1287 2735 1320 2796 et
1335 2728 1393 2814 lilij
1409 2729 1489 2796 Ful-

357 2835 432 2923 kns,
458 2836 545 2923 quod
562 2857 625 2906 non
643 2837 800 2905 haberent
823 2837 1011 2904 tenultatem
1026 2837 1168 2906 faciendi
1192 2839 1327 2924 aliquod
1349 2859 1433 2925 opus
1448 2839 1486 2906 in

357 2943 431 3034 ipso
446 2946 555 3032 fluuio,
572 2953 682 3033 preter
698 2947 918 3018 molendinum
928 2947 1167 3034 supradictum,
1178 2969 1281 3032 usque
1296 2949 1486 3017 adultimas

359 3061 464 3123 metas
480 3061 564 3122 terre
574 3054 691 3122 Princh
703 3055 836 3122 Comitis
852 3055 1050 3142 supradicte,
1070 3073 1131 3122 nec
1146 3057 1252 3143 ipsum
1260 3056 1487 3126 molendinum

356 3165 507 3232 mouendi
535 3164 695 3250 superius,
721 3183 782 3228 nee
798 3162 946 3244 inferius,
963 3163 992 3229 si
1008 3163 1071 3229 sibi
1096 3163 1269 3250 videretur,
1296 3164 1356 3233 sed
1370 3187 1488 3236 omnes

355 3271 515 3339 utilitates
540 3271 686 3340 eiusdem
702 3269 793 3356 duuij
820 3269 908 3337 idem
923 3271 1041 3338 Princh
1068 3269 1184 3339 (lomes
1200 3274 1252 3341 uel
1276 3275 1329 3341 sui
1346 3273 1488 3344 heredes

358 3401 416 3466 per
432 3379 668 3465 longitudinem
691 3385 776 3446 terre
792 3399 852 3446 sue
866 3379 969 3447 libere
985 3386 1019 3447 et
1035 3379 1172 3466 pacifice
1194 3381 1409 3468 possiderent,
1435 3383 1487 3452 la-

359 3486 473 3557 ciendo
489 3489 668 3573 clausuras,
685 3488 879 3574 molendina,
904 3486 1020 3555 etalio
1035 3508 1146 3575 opera,
1171 3490 1314 3575 quesibi
1336 3491 1486 3561 uideren-

354 3601 420 3662 tur.
446 3595 510 3675 Qui
525 3595 555 3662 si
572 3595 675 3666 lacta¹
686 3616 786 3682 opera
800 3616 860 3681 per
876 3597 1062 3683 quempiam
1078 3597 1273 3683 amitterent,
1295 3598 1378 3667 dieti
1391 3601 1487 3668 nobi-

355 3703 403 3770 les
423 3703 560 3790 deipsis
577 3704 730 3790 operibus
746 3704 937 3772 satisfacere
961 3711 1157 3774 tenerentur.
1181 3704 1350 3774 Adicimus
1365 3706 1483 3795 eciam,

357 3813 445 3898 quod
460 3812 546 3878 idem
563 3811 682 3878 Princh
699 3810 814 3878 Comes
829 3817 961 3900 propter
979 3814 1100 3882 bonum
1115 3815 1217 3900 pacis,
1243 3820 1280 3881 ut
1294 3815 1399 3884 omnis
1414 3839 1484 3885 ma-

355 3922 440 3988 teria
456 3921 634 4006 questionis
650 3921 806 4007 sopiatur,
823 3930 857 3990 et
873 3921 967 3990 lauor
982 3922 1171 3991 dileccionis
1180 3925 1293 4009 pocius
1310 3933 1484 4012 augeatur,

358 4031 435 4117 filijs
446 4028 555 4115 ligidij
572 4030 740 4098 etFnlkus
757 4029 953 4118 supradictis
969 4031 1069 4101 soluit
1083 4030 1195 4099 decem
1211 4040 1245 4100 et
1260 4039 1386 4120 septem
1401 4055 1485 4103 mar-

360 4157 416 4205 cas
432 4137 561 4222 argenti
570 4135 744 4226 ponderati
755 4159 863 4206 coram
879 4139 982 4206 nobis.
999 4138 1073 4207 Tali
1084 4139 1288 4226 obligaoione
1297 4141 1486 4228 subiuncta,

356 4247 444 4331 quod
460 4249 489 4314 si
504 4267 563 4334 per
578 4249 762 4336 quempiam
779 4256 990 4333 cognatorum
1014 4267 1145 4317 snorum
1161 4249 1218 4336 filij
1234 4249 1345 4336 Egidij
1360 4261 1395 4318 et
1408 4253 1485 4320 Ful·

355 4376 413 4424 eus
441 4355 600 4442 sepedicti
624 4376 722 4443 snper
746 4357 985 4444 composicione
1009 4357 1102 4426 faeta
1127 4356 1377 4446 impeterentur,
1408 4359 1489 4447 ipse

354 4463 472 4531 Princh
490 4462 604 4532 (lomes
621 4471 653 4531 et
669 4467 721 4532 sui
735 4465 872 4534 heredes
889 4464 1063 4534 defendere
1079 4472 1283 4552 tenerentur;
1305 4467 1363 4551 qni
1379 4467 1409 4535 si
1425 4487 1482 4535 ne-

356 4571 520 4656 gligentes
535 4571 712 4640 existerent
720 4573 754 4639 in
764 4573 893 4660 tuendo,
910 4575 1022 4641 decem
1036 4579 1069 4640 et
1084 4581 1209 4662 septem
1224 4593 1354 4642 marcas
1369 4595 1482 4662 perso·

354 4679 451 4765 lutus,
467 4678 586 4747 additis
597 4681 728 4767 insuper
744 4681 846 4750 tribus
862 4681 990 4766 marcis,
1007 4683 1157 4751 amittere
1173 4681 1337 4750 deberent
1351 4684 1479 4752 senso
