3162 5188
560 366 713 468 “s—ns—

67 563 201 630 hannes
227 582 267 630 ac
282 561 399 630 irenes
428 563 489 646 sni,
516 569 674 632 eteorum
699 561 836 630 heredes
855 563 989 632 terciam
1015 570 1142 650 partem
1167 566 1202 631 in

66 669 156 738 nicto
184 677 284 757 portu
310 677 468 758 perpetuo
493 669 710 759 possiderent,
735 670 855 757 prelati
880 690 956 741 vero
976 666 1203 756 Dyonisins'et

66 777 176 865 Tyba,
205 798 246 847 ac
261 779 320 865 filij
337 780 489 866 Dyonisij
515 779 654 850 condam
670 778 815 850 Palatini
839 781 926 848 Imre
951 785 984 848 et
1004 779 1138 866 Samuel,
1162 800 1202 848 ae

67 905 180 956 eornm
210 885 360 975 heredes,
387 889 592 976 possiderent
616 893 775 976 perpetuo
801 889 947 974 reliquas
971 888 1054 957 deas
1081 893 1202 975 partes.

65 995 115 1061 Ita
132 1001 261 1080 tamen,
286 996 374 1081 qnod
389 997 418 1064 si
433 1004 510 1065 ante
525 997 646 1065 dictum
662 997 796 1065 tercium
814 998 932 1066 festum
955 997 1065 1065 Sancti
1082 996 1200 1064 Jacobi

68 1102 192 1188 prefati
211 1102 380 1172 lohannes
405 1109 438 1172 et
453 1106 569 1172 tratres
595 1105 644 1172 sui
662 1105 861 1192 superdicto
877 1111 974 1193 portu
999 1111 1111 1172 contra
1131 1123 1201 1192 prc-

68 1210 175 1278 dictos
192 1211 390 1296 Dyonisium
406 1219 438 1279 et
450 1211 587 1298 Tybam,
606 1233 645 1279 ae
655 1212 740 1279 tilios
750 1212 913 1298 Dyonisij,
929 1214 1013 1279 Imre
1028 1217 1062 1278 et
1077 1209 1200 1277 Samnd

69 1325 241 1387 mouerent
255 1318 467 1405 questionem,
483 1327 540 1387 aut
550 1340 607 1387 eos
623 1319 656 1386 in
672 1319 783 1405 aliquo
793 1321 1011 1408 molestarent,
1029 1320 1103 1406 ipso
1113 1318 1199 1386 lacto

68 1427 162 1495 illam
179 1427 319 1496 terciam
334 1434 472 1516 partem,
498 1447 596 1513 qnam
612 1428 734 1495 habere
750 1425 906 1497 deberent
924 1426 1066 1515 predicti
1080 1426 1200 1494 Johan·
1218 1437 1234 1458 ¹

67 1555 123 1603 nes
150 1542 186 1602 et
201 1535 323 1604 tratres
340 1537 420 1621 eius,
447 1557 487 1604 ac
502 1536 639 1605 heredes
664 1525 785 1622 eorum,
803 1538 836 1603 in
856 1545 1045 1624 perpetuom
1071 1536 1198 1603 amitte-

68 1649 158 1729 rent;
176 1643 207 1711 si
225 1651 333 1711 autem
348 1643 465 1731 prefati
476 1644 655 1730 Dyonisins
670 1651 703 1711 et
718 1643 823 1730 Tyba,
842 1664 882 1710 ac
897 1643 956 1730 filij
966 1644 1107 1728 Dionisij
1124 1663 1197 1710 eon-

68 1751 143 1818 dsm
160 1751 318 1836 Palatini,
337 1753 422 1819 Imre
437 1758 471 1820 et
486 1751 619 1838 Semnd,
637 1758 694 1822 ant
709 1753 846 1821 heredes
870 1772 991 1838 eornm,
1016 1759 1092 1839 post
1107 1772 1197 1820 reuo-

69 1860 237 1928 lnoionem
268 1861 360 1946 tercij
385 1861 460 1928 festi
484 1862 595 1928 Sancti
619 1862 736 1929 Jacobi
765 1861 928 1949 predictos
952 1860 1134 1929 Johnnnem
1166 1867 1197 1927 et

68 1967 187 2036 fratres
205 1968 289 2055 eins,
306 1975 364 2037 ant
379 1968 526 2054 heredes,
543 1988 641 2056 snper
651 1968 752 2036 tercia
767 1973 860 2056 parte
875 1969 1094 2052 molestarent,
1110 1967 1197 2034 sirni-

68 2079 141 2144 liter
167 2077 255 2144 deas
272 2085 392 2164 partes,
419 2097 500 2163 qnae
518 2077 675 2147 haberent
699 2078 733 2144 in
750 2076 838 2146 dicto
853 2083 960 2165 portu,
986 2077 1020 2142 in
1039 2080 1196 2163 perpetuo

69 2185 257 2254 amitterent
271 2186 343 2274 ipso
359 2187 456 2255 facto.
474 2185 580 2264 Quem
595 2184 725 2272 quidem
741 2205 930 2273 processum
950 2185 1114 2272 lpseBela
1126 2184 1197 2249 Rex

72 2292 112 2360 ad
138 2293 338 2362 instanciam
365 2296 511 2382 parcium
537 2313 609 2362 cnm
635 2295 869 2362 ratihabioione
893 2295 944 2361 sui
960 2309 1137 2361 consensus
1162 2292 1195 2358 in

71 2404 220 2473 omnibus
236 2405 451 2492 approbasset
467 2405 529 2473 stb.
545 2405 666 2470 Datum
676 2401 766 2470 Bude
785 2403 1035 2490 quadragesimo
1051 2398 1195 2469 secundo

69 2511 120 2578 die
144 2521 339 2581 octauarnm
364 2513 439 2581 festi
464 2513 559 2580 Beati
585 2511 720 2598 Georgij
747 2513 920 2600 martyris,
952 2533 1037 2580 anno
1064 2507 1195 2578 Domini

70 2619 242 2689 millesimo
262 2619 581 2704 quadringentesimo
597 2640 692 2688 nono.

207 2817 389 2885 (Hitelesltett
402 2815 536 2872 mtlsclata
548 2833 565 2870 a
577 2818 661 2872 bndai
673 2820 724 2872 trir.
737 2819 859 2871 kamerai
872 2814 1052 2881 lertlttrban)

505 3151 755 3164 mm

587 3637 665 3705 225.

74 3825 175 3892 licinia
193 3821 398 3911 toetpuenat
423 3823 600 3908 cdonednpa
625 3819 735 3883 Simon
750 3823 780 3881 cs
802 3815 949 3900 Oltnmel,
975 3813 1063 3880 Mite
1078 3815 1193 3881 Mittor

446 3931 512 4014 fici
526 3933 683 3997 accinctina.
706 3923 803 3992 1251.

169 4129 241 4197 Nos
251 4129 356 4196 llaria
366 4129 430 4194 Dei
445 4125 562 4212 macla
577 4122 882 4211 Reginallungarie
897 4119 1054 4203 omnibns,
1074 4118 1191 4202 quibos

74 4247 234 4320 presentes
260 4236 484 4318 ostenduntur,
509 4235 660 4302 volumus
684 4231 754 4299 lieri
780 4228 997 4313 manifestum,
1023 4225 1110 4313 quod
1131 4245 1191 4293 nos

75 4340 279 4432 inspicientes
299 4341 439 4411 seruicia
456 4348 488 4410 et
502 4341 679 4410 fidelitates
696 4336 840 4406 fidelium
852 4332 1191 4421 nostrornmSymonis

76 4457 103 4516 et
116 4450 316 4523 Oltnmerani
327 4449 374 4540 (l)
390 4451 529 4518 filiorum
545 4449 686 4534 Nicolay
702 4446 791 4514 llilro
817 4444 859 4512 de
873 4445 967 4530 ltpel
992 4444 1078 4511 hanc
1101 4441 1191 4510 darl-

77 4579 138 4630 nrs
152 4559 279 4634 eisdem
304 4557 449 4646 graciam
464 4555 660 4642 taciendam,
678 4553 766 4641 quod
781 4553 872 4641 ipsos
882 4548 1082 4637 jobagiones
1102 4568 1191 4617 exer-

79 4667 203 4740 cituales
218 4667 454 4751 ordinauimns,
471 4665 629 4734 donantes
646 4660 769 4731 eisdem
785 4663 820 4730 in
836 4659 927 4729 willa
942 4659 1046 4744 Kuuy-
1056 4657 1191 4744 triginta
