3168 5186
865 923 942 991 281.

346 1107 406 1174 IV.
421 1107 548 1173 Sdodor
564 1109 680 1194 popae
695 1107 927 1173 domidnrendri
945 1107 1085 1194 opdczdlc
1104 1110 1333 1194 nappazomlrati
1351 1110 1462 1175 zdrdo'·

521 1218 599 1301 jciro
612 1222 699 1282 nezoe
714 1240 735 1281 o
750 1218 875 1282 ozeructt'
885 1216 1025 1302 szobdlyt
1040 1218 1164 1302 captiti.
1184 1217 1282 1282 1255.

451 1411 639 1480 Alexander
663 1415 847 1502 Episcopus
872 1433 986 1482 seruus
1011 1433 1178 1482 seruorum
1194 1415 1258 1482 Dei
1277 1413 1407 1481 dilectis
1430 1416 1461 1482 in

345 1522 474 1590 Christo
498 1523 630 1590 filiabus
739 1523 917 1592 Abbatisse
943 1533 976 1592 et
990 1521 1173 1592 Gonuentui
1200 1523 1390 1591 llonialium
1418 1524 1460 1589 in-

346 1634 510 1700 clusarum
526 1633 715 1718 llonasterij
733 1633 851 1700 Sancto
861 1633 1031 1700 Helisabet
1047 1633 1080 1698 in
1095 1631 1197 1697 'lirna
1206 1629 1339 1699 Ordinis
1355 1630 1462 1698 Sancti

345 1741 496 1809 Damiani
512 1741 744 1828 Strigoniensis
760 1741 908 1810 Diooesis
924 1741 1062 1808 salntem
1082 1745 1115 1807 ct
1129 1739 1354 1826 Apostolicam
1373 1740 1461 1806 bene·

346 1849 528 1920 dictionem,
555 1852 676 1918 Haberi
692 1850 897 1938 percepimus
914 1850 947 1919 in
963 1849 1125 1916 desiderio
1142 1857 1251 1916 uestro
1266 1848 1461 1932 continuum,

345 1957 431 2043 quod
446 1978 503 2046 per
520 1957 730 2028 affiictionem
741 1959 847 2026 carnis
864 1958 1031 2028 assiduam
1045 1956 1232 2024 mereamini
1253 1958 1379 2044 premia
1394 1957 1463 2024 bea·

345 2075 467 2136 torum:
485 2086 595 2134 rerum
611 2074 720 2135 tamen
736 2089 777 2135 ex
793 2067 974 2152 fragilitate
983 2074 1098 2135 nature
1113 2064 1196 2133 adeo
1212 2065 1346 2151 spiritus
1361 2085 1463 2153 prom-

345 2176 471 2262 ptitudo
496 2174 695 2264 redunditur,
723 2176 809 2262 quod
826 2177 880 2243 uix
907 2175 1031 2262 absque
1054 2175 1185 2242 incursu
1209 2172 1407 2240 discriminis
1431 2174 1463 2239 in

345 2282 494 2354 omnibus
523 2283 664 2370 rigorem
690 2283 826 2354 sormule
850 2285 917 2352 uite
943 2291 1048 2352 uestre
1072 2284 1199 2373 perpeti
1223 2283 1377 2350 ualeatis.
1402 2283 1464 2349 Hu-

345 2392 484 2462 iusmodi
500 2392 661 2478 siquidem
686 2393 898 2480 fragilitatem
915 2399 1050 2480 patemo
1066 2391 1309 2461 considerantes
1335 2389 1463 2472 affectu,

345 2525 417 2571 oum
443 2523 588 2571 essemus
604 2503 638 2570 in
655 2503 768 2572 minori
796 2503 901 2572 officio
925 2501 1099 2588 constituti,
1125 2504 1265 2587 rigorem
1281 2499 1387 2587 ipsius
1400 2499 1462 2566 lor-

331 2613 431 2681 ¹mulc
447 2611 480 2677 in
497 2611 594 2679 certis
621 2611 766 2679 articulis
782 2611 837 2699 pie
853 2631 893 2678 ac
917 2610 1052 2698 procide
1067 2607 1344 2696 temperauimus,
1370 2612 1464 2693 prout

344 2722 376 2789 io
395 2721 579 2810 patentibus
596 2720 712 2792 litteris
730 2721 850 2788 nostris
865 2719 1020 2787 conlectis
1045 2718 1162 2786 exinde
1174 2715 1303 2805 plenius
1323 2715 1462 2784 contine·

345 2839 405 2899 tur.
432 2830 502 2914 Nos
517 2829 626 2917 igitur,
653 2831 731 2918 quia
747 2830 835 2918 pium
853 2849 924 2897 esse
950 2828 1138 2910 dinoscitur,
1165 2833 1201 2894 ut
1216 2845 1256 2892 ex
1275 2823 1462 2913 promisione

345 2939 439 3009 Sedis
450 2940 637 3027 Apostolice
653 2959 674 3006 a
690 2939 782 3007 uobis
797 2940 908 3024 iugum
919 2935 1050 3005 Domini
1066 2957 1139 3004 cum
1155 2933 1316 3003 suauitate
1331 2931 1461 3018 feratur,

345 3049 462 3118 uestris
478 3048 772 3136 supplicationibus
788 3047 945 3133 inclinati,
962 3046 1023 3116 hoc
1036 3046 1123 3132 quod
1139 3043 1269 3114 anobis
1286 3063 1385 3130 super
1403 3043 1462 3110 hoc

345 3159 466 3226 lactum
482 3162 541 3242 est,
567 3163 672 3224 ratum
688 3156 846 3225 habentes
863 3162 896 3224 et
911 3162 1048 3242 gratum,
1068 3153 1102 3220 id
1118 3152 1313 3222 auctoritate
1328 3151 1462 3238 Aposto-

345 3267 411 3335 lioa
426 3266 662 3353 confirmamus,
679 3272 710 3332 et
723 3265 885 3354 presentis
901 3264 1014 3352 scripti
1031 3261 1211 3350 patrocinio
1222 3259 1461 3327 communimus.

345 3374 435 3443 Nulli
452 3394 529 3459 ergo
546 3374 674 3442 omnino
689 3373 855 3443 hominum
872 3373 970 3440 liceat
992 3371 1078 3440 hano
1093 3371 1247 3458 paginam
1267 3374 1378 3436 nostro
1393 3387 1462 3435 oon-

346 3481 537 3551 firmationis
556 3481 744 3567 infringere,
761 3483 814 3549 vel
829 3481 859 3546 ei
870 3500 952 3548 ausu
967 3479 1141 3548 temerario
1157 3475 1328 3546 contraire.
1345 3475 1380 3544 Si
1391 3475 1461 3561 quis

345 3599 454 3661 autem
469 3591 530 3659 hoc
556 3595 750 3678 attemptare
766 3590 1010 3678 presumpserit,
1035 3586 1294 3672 indignationem
1314 3583 1461 3670 Omnipo

345 3703 443 3770 tontis
458 3701 520 3769 Dei
544 3707 578 3769 et
603 3701 777 3769 Beatorum
795 3699 883 3767 Petri
907 3707 939 3767 et
964 3697 1060 3767 Pauli
1079 3697 1307 3784 Apostolorum
1331 3695 1403 3761 eius
1428 3713 1463 3760 se

346 3810 473 3880 nouerit
489 3811 701 3878 incursurum.
723 3810 844 3876 Datum
861 3808 1010 3895 Anagnio
1027 3804 1177 3875 kalendis
1194 3803 1343 3874 Octobris
1358 3801 1463 3871 Ponti·

345 3925 460 3990 duatus
474 3919 576 3988 nostri
593 3939 679 3986 anno
693 3917 807 4005 primo.

343 4123 481 4190 (Eredetie
493 4116 665 4187 bdrhdrtyin,
688 4117 798 4184 melyrlll
818 4133 835 4168 a
853 4111 978 4183 paptnak
998 4111 1208 4181 olyompaesdtjc
1227 4108 1406 4178 vdrtls-sdrga
1424 4125 1462 4161 ss·

495 4209 694 4278 lyomrsindron
705 4209 782 4276 lilgg.
794 4223 813 4259 a
825 4206 906 4259 budai
919 4205 971 4258 kir.
985 4205 1107 4256 hamuel
1120 4199 1311 4266 levatdrben)

778 4507 1046 4541 ,.“..-.....
