3252 5198
372 1050 395 1117 Ι
397 1049 431 1118 V.
447 1049 531 1118 Bata
545 1049 654 1137 hirdly
671 1048 850 1135 odomduyu
866 1046 991 1114 Umuad
1005 1049 1088 1115 aad
1101 1046 1183 1115 latio
1199 1045 1329 1134 ceoddpe
1343 1047 1506 1112 amaa.

888 1153 986 1220 1236.

479 1353 561 1420 Bela
577 1351 640 1420 Dei
665 1353 780 1435 gracia
794 1353 865 1418 Rex
884 1349 1053 1434 Hungaric
1078 1347 1228 1417 omnibns
1255 1346 1377 1415 Christi
1400 1347 1507 1416 fideli-

371 1463 443 1546 bus,
470 1463 588 1547 quibus
604 1478 739 1544 presens
763 1459 889 1544 pagina
913 1457 1067 1543 patuerit,
1094 1458 1233 1524 salntem
1253 1456 1288 1522 in
1304 1476 1355 1542 eo,
1378 1457 1435 1541 qni
1450 1463 1505 1524 est

372 1571 461 1638 salus
472 1568 615 1635 omnium
630 1569 755 1634 atrita.
773 1566 855 1633 cum
871 1585 911 1634 ex
921 1566 1026 1650 Regia
1042 1564 1214 1650 dignitatis
1224 1565 1334 1634 offioio
1352 1565 1504 1652 hospites

370 1685 403 1746 et
417 1678 564 1745 aduenas
580 1676 736 1760 colligere
752 1675 941 1760 debeamus,
966 1676 1109 1743 omnium
1124 1674 1330 1760 presencium
1347 1682 1381 1742 ct
1395 1681 1505 1762 poste·

369 1805 480 1855 rorum
494 1785 616 1854 noticia
639 1783 789 1850 uolumus
815 1782 993 1866 insinuare,
1019 1781 1108 1867 quod
1122 1803 1182 1850 nos
1208 1781 1328 1850 dilecto
1355 1803 1395 1850 ac
1410 1781 1504 1849 fideli

369 1899 481 1961 nostro
497 1890 620 1978 hospiti
635 1890 752 1958 Latino
769 1890 932 1958 Wmando
949 1892 1089 1973 nomine,
1106 1909 1166 1977 pro
1178 1889 1414 1976 multiplicibus
1431 1889 1504 1958 suis

370 1999 529 2084 seruicijs‚
553 1998 637 2065 utin
654 1999 764 2081 Regno
780 2005 890 2065 nostro
917 1997 1138 2064 residenciam
1160 1997 1265 2084 possit
1280 1999 1413 2082 hahere,
1438 2003 1505 2064 ter-

369 2128 441 2175 ram
457 2107 582 2173 culture
597 2107 735 2173 duorum
749 2114 932 2172 aratrorum
948 2105 1162 2174 sufficientem
1178 2106 1220 2174 de
1236 2114 1323 2175 terra
1333 2105 1503 2193 Chyrgov‚

370 2238 391 2284 a
407 2215 523 2283 Castro
538 2215 676 2281 Albensi
691 2222 885 2302 exemptam,
903 2237 1002 2282 unum
1018 2214 1248 2299 molendinum,
1273 2215 1409 2283 terciam
1425 2234 1503 2302 par·

368 2332 434 2393 tem
449 2323 551 2391 teneti
566 2321 713 2390 eiusdem
729 2332 825 2407 terre,
844 2330 876 2392 et
892 2324 1113 2407 quadraginta
1123 2323 1240 2410 iugera
1252 2345 1312 2410 pro
1329 2323 1501 2392 commodo

368 2434 538 2500 vinearum
553 2430 675 2498 ibidem
692 2431 910 2516 colendarum,
939 2430 1134 2498 contulimus
1149 2438 1307 2518 perpetuo
1331 2432 1506 2518 possiden·

369 2542 422 2626 da,
453 2548 612 2625 tanquam
637 2540 759 2628 hospiti
785 2541 829 2607 ad
852 2540 992 2623 Regiam
1016 2539 1220 2608 Maiestatem
1244 2539 1428 2627 pertinenti.
1456 2541 1504 2608 Ut

369 2655 478 2715 autem
494 2647 555 2713 hec
570 2647 710 2715 donacio
725 2668 746 2713 a
761 2645 858 2714 nobis
883 2645 1065 2713 liberaliter
1083 2645 1175 2714 facta
1191 2647 1287 2714 salua
1312 2666 1441 2734 semper
1467 2655 1503 2714 et

367 2754 570 2822 inuiolabilis
596 2755 773 2837 consistat,
799 2759 869 2821 eta
892 2753 982 2822 nullo
1007 2774 1150 2839 unquam
1179 2757 1310 2825 omnino
1333 2757 1503 2823 hominum

231 2871 242 2886 ³
367 2869 466 2946 queat
480 2862 516 2927 in
540 2861 668 2928 irritum
684 2860 843 2944 reuocari,
868 2869 1039 2947 presentes
1064 2863 1285 2930 concessimus
1310 2863 1438 2930 litteras
1463 2862 1501 2930 in

369 2975 595 3052 argumentum
622 2965 791 3053 amplioris
815 2966 891 3033 fidei
908 2966 1049 3053 duplicis
1066 2967 1171 3052 sigilli
1196 2969 1302 3037 nostri
1320 2969 1502 3038 munimina

370 3076 553 3144 roboratas.
578 3077 700 3141 Datum
716 3094 775 3162 per
802 3094 920 3141 manns
935 3076 1059 3142 Mathia
1074 3077 1238 3162 Prepositi
1253 3079 1501 3165 Zagrahiensis,

371 3188 446 3253 aule
471 3190 581 3253 nostre
597 3184 794 3270 Cancellarij
821 3206 906 3254 anno
933 3185 1103 3252 Dominice
1128 3187 1373 3256 lncarnaeionis
1397 3189 1504 3256 milla-

372 3293 454 3360 simo
481 3293 702 3360 ducentesimo
727 3293 892 3361 tricesimo
918 3299 1031 3377 sexto,
1058 3293 1164 3377 Regni
1183 3312 1268 3364 uero
1290 3296 1395 3364 noemi
1413 3317 1504 3364 anno

372 3419 489 3485 primo.

373 3594 422 3661 (Aa
436 3596 536 3646 eredeti
549 3593 614 3646 utin
627 3597 699 3648 kbzli
712 3594 837 3648 Horvttn
849 3598 928 3658 Eleh,
941 3599 1025 3664 Gydri
1038 3597 1202 3652 'rhutenelmi
1215 3598 1243 3652 es
1257 3598 1401 3668 Regesaeti
1413 3603 1504 3655 Fllae·

742 3689 797 3755 een,
807 3688 858 3739 111.
869 3689 926 3742 nos.
937 3690 1014 3741 rues.
1030 3689 1128 3758 rear.)

798 3954 1063 3967 m
