3210 5194
369 1089 401 1156 A
416 1087 604 1156 keretstsrek
613 1085 880 1172 oaekaoselservdri
894 1085 1116 1175 honentjdnek
1126 1084 1398 1174 bisonyaaplsntla
1417 1087 1506 1174 lsogy

369 1196 496 1285 Ha‘pola't
512 1195 651 1264 Clokrrak
657 1194 709 1280 fla
724 1193 831 1260 molani
847 1193 988 1259 hircosas
1004 1193 1198 1260 Konstantia
1206 1190 1378 1277 foldensis-i
1405 1194 1506 1260 kano-

745 1300 873 1368 ooknot
888 1300 1007 1368 aladto.
1024 1301 1122 1366 1243.
1213 1341 1216 1350 ·

475 1498 546 1567 Nos
562 1496 751 1564 Gonuentns
767 1493 918 1562 Fratrm
934 1495 1060 1563 Domus
1081 1493 1265 1582 Hospitalis
1287 1495 1328 1563 de
1342 1495 1441 1580 Alba,
1466 1504 1505 1564 et

367 1607 525 1692 Magister
534 1604 725 1673 Ambrosios
741 1601 902 1671 Bodensis
917 1602 1101 1670 Canonious
1111 1600 1284 1670 Generalis
1300 1603 1504 1671 Procurator

369 1713 516 1782 eiusdem
531 1713 656 1780 Domus
671 1711 777 1777 vieern
791 1709 943 1795 Magistri
959 1708 1174 1778 Prouincialis
1190 1728 1317 1797 gerens,
1333 1710 1503 1795 signifiea-

369 1839 440 1888 mns
459 1817 620 1886 vninersis
646 1823 814 1903 presentes
841 1818 969 1885 litteras
993 1817 1199 1905 inspecturis,
1224 1816 1312 1901 qnod
1336 1817 1502 1886 secedens

369 1925 413 1993 ad
428 1944 488 1993 nos
503 1923 642 2010 Ipolitus
667 1922 753 1990 filios
770 1922 851 1990 Owk
867 1923 1039 2010 proposuit
1063 1941 1174 1992 eoram
1189 1922 1285 1991 nobis
1310 1922 1389 1990 oioa
1403 1944 1501 2008 noce,

368 2032 456 2118 qnod
471 2051 546 2099 oum
570 2049 731 2098 eonsenso
747 2031 879 2117 cognati
903 2031 956 2099 sni
971 2029 1066 2097 Pauli
1090 2029 1149 2116 filij
1165 2029 1287 2118 Tarlro,
1304 2031 1370 2116 ,qoi
1392 2032 1502 2098 seiam

368 2137 587 2225 personaliter
603 2135 717 2222 astitit,
744 2135 885 2204 elidem
909 2135 1097 2223 affirmauit,
1122 2143 1225 2205 totam
1247 2144 1369 2206 terram
1392 2158 1500 2222 suam,

369 2262 428 2311 nee
444 2264 509 2311 non
531 2241 684 2324 sonetum,
713 2248 747 2308 et
760 2242 867 2310 loenm
884 2240 1071 2328 molendini,
1097 2260 1137 2308 ao
1153 2261 1282 2308 omnem
1308 2243 1500 2328 porcionem

369 2350 594 2438 possessionis,
606 2369 705 2437 quam
715 2349 860 2417 habebat
874 2352 908 2416 in
923 2351 1023 2419 Moha
1034 2369 1235 2419 communem
1252 2371 1327 2419 eom
1342 2351 1429 2420 dioto
1445 2373 1500 2422 eo

367 2464 468 2545 gnato
482 2477 541 2525 suo
556 2457 672 2544 Paulo,
699 2477 759 2526 sen
775 2455 917 2525 dinisam
932 2464 967 2524 et
980 2463 1165 2544 separatam
1179 2459 1223 2524 ab
1240 2456 1367 2544 eodem,
1383 2458 1500 2526 vendi·

367 2565 472 2634 disset
496 2584 556 2652 pro
582 2563 754 2633 doodeoim
784 2563 903 2632 mareis
930 2571 1067 2650 argento
1092 2565 1251 2649 Magistro
1277 2565 1497 2632 Constantino

367 2671 504 2740 Albensi
528 2671 694 2738 Canonieo
722 2672 817 2738 metis
832 2670 975 2757 undique
1002 2672 1145 2758 antiquis
1171 2672 1385 2758 assignatam,
1411 2692 1498 2743 oom-

368 2779 529 2848 metaneis
543 2780 577 2846 in
595 2777 789 2845 oirouieione
814 2777 902 2846 dieto
918 2785 1003 2846 terre
1019 2777 1163 2864 undique
1180 2780 1446 2865 eomparentibns
1464 2789 1500 2850 et

367 2907 433 2956 non
447 2885 751 2971 eontradieentibus‚
769 2886 854 2953 siout
863 2885 969 2972 patuit
982 2887 1081 2954 nobis
1096 2905 1155 2973 per
1164 2885 1329 2955 hominem
1347 2894 1499 2956 nostrum

367 2992 567 3078 sidedignnm
592 3012 690 3077 super
705 2992 815 3079 ipsam
839 2999 958 3060 terram
972 2993 1192 3078 destinatum
1218 2995 1364 3080 proeium
1388 2995 1497 3062 eniam

368 3101 514 3171 eiusdem
539 3105 625 3166 terre
650 3098 756 3166 dietus
773 3100 912 3186 Ipolitns
939 3099 1107 3167 ooniessus
1124 3105 1175 3167 est
1189 3119 1225 3168 se
1241 3101 1383 3168 totaliter
1408 3119 1497 3169 reee-

366 3210 465 3296 pisse‚
482 3206 602 3295 partim
618 3206 652 3272 in
667 3208 767 3274 rebus
783 3225 841 3294 per
850 3208 940 3275 viros
956 3207 1092 3276 idoneos
1109 3207 1305 3295 estimatam,
1324 3209 1446 3294 partim
1462 3210 1496 3275 in

366 3321 512 3400 argento.
539 3311 775 3396 Obligauerunt
799 3314 934 3400 insuper
949 3333 994 3400 se,
1015 3320 1048 3381 et
1063 3334 1124 3381 sua
1139 3314 1236 3399 bona,
1262 3321 1296 3382 et
1310 3333 1388 3383 suos
1404 3315 1496 3383 here

366 3422 591 3507 des,1politns
608 3419 761 3489 iidelioet
786 3427 819 3488 et
834 3420 958 3487 Panlus
983 3420 1164 3507 supradicti
1189 3421 1289 3487 simul
1312 3427 1346 3487 et
1359 3421 1395 3486 in
1421 3423 1498 3489 soli·

366 3528 453 3611 dnm,
479 3527 610 3612 quodsi
627 3545 783 3613 proeesse
806 3525 963 3613 temporis
979 3545 1000 3592 a
1015 3526 1175 3611 Magistro
1191 3525 1406 3595 Constantino
1430 3528 1498 3614 ipsi

364 3634 604 3721 possessionem
621 3639 734 3716 totam,
752 3641 810 3700 aut
824 3640 952 3720 partem
967 3632 1115 3701 eiusdem
1125 3634 1290 3722 quispiam
1306 3635 1496 3719 requireret,

364 3740 460 3808 ambo
475 3739 541 3826 ipsi
558 3759 631 3807 eam
655 3739 762 3806 modis
778 3740 930 3808 omnibns
953 3759 1029 3806 eom
1047 3739 1191 3827 propriis
1207 3743 1361 3826 expensis
1385 3737 1496 3810 delen·

363 3850 440 3918 dere
457 3860 489 3917 et
504 3849 642 3916 liberare
659 3850 876 3934 tenebrosum
904 3848 1052 3934 alioquin
1066 3848 1175 3935 ipsam
1191 3849 1373 3936 peonniam,
1399 3857 1433 3916 et
1447 3855 1496 3918 to·

362 3963 430 4025 tnm
446 3958 592 4025 valorem
605 3957 815 4041 edilieiorum,
832 3977 872 4024 ao
884 3976 997 4025 omnes
1013 3957 1098 4023 alias
1108 3975 1281 4042 expensas,
1298 3974 1382 4041 quas
1398 3955 1497 4022 inter·

364 4065 442 4132 dum
458 4065 564 4132 dietus
574 4065 734 4148 Magister
748 4063 874 4150 feeerit,
891 4064 998 4131 eidem
1017 4062 1059 4132 de
1074 4064 1152 4150 alijs
1166 4063 1261 4132 bonis
1276 4082 1388 4133 eorum
1404 4063 1497 4130 resti-
1589 4083 1590 4086 ¹

362 4179 462 4257 tuont,
479 4171 611 4239 racione
622 4171 771 4253 qualibet
786 4191 852 4240 non
862 4171 1026 4239 obstante.
1046 4170 1116 4239 Nos
1131 4169 1232 4257 igitur
1240 4169 1285 4237 ad
1299 4169 1497 4258 petitionem

362 4287 395 4349 et
408 4278 605 4347 instaneiam
615 4277 786 4365 utriusque
796 4280 912 4366 partis,
930 4277 1496 4366 quiaproprinmsigillnmnostrnm

360 4386 480 4458 eratin
495 4385 659 4453 maritima
669 4391 805 4475 propter
815 4394 934 4456 metum
943 4391 1167 4473 Tartarornm
1184 4385 1311 4454 litteras
1321 4395 1494 4473 presentes
1586 4465 1587 4472 χ

285 4509 293 4522 ·
361 4492 529 4583 sepedicto
539 4491 697 4578 Magistro
708 4492 924 4563 Constantino
940 4495 1205 4564 ooneessimusin
1219 4492 1447 4562 testimoninm
1464 4500 1497 4562 et

361 4606 552 4692 perpetuam
576 4599 771 4687 firmitatem,
800 4603 911 4670 fratris
926 4602 1053 4672 Julioni
1077 4599 1242 4686 emendis,
1268 4600 1382 4670 fratris
1407 4601 1497 4669 Lvee
