3168 5186
647 344 713 407 425
733 432 755 440 ..

114 542 241 625 vineas,
258 559 318 628 per
333 541 438 610 valles
454 549 487 610 et
510 542 612 611 eolles
637 541 743 610 eundo
767 541 955 630 peruenitur
981 539 1025 607 ad
1051 549 1155 609 metas
1180 539 1242 608 sub

111 649 232 716 arbore
258 648 437 735 baekeaosa
461 667 561 736 super
575 649 739 735 quandam
754 650 885 717 vineam
911 649 943 714 in
969 655 1098 735 monte;
1123 647 1242 714 abhine

113 758 222 823 eeiam
238 775 300 842 per
315 756 420 823 valles
436 763 468 824 et
483 757 584 825 eolles
594 757 701 842 vergit
719 757 843 824 directe
862 776 1082 844 permagnum
1094 753 1242 842 spacium

114 865 161 932 ad
178 863 260 931 duas
276 865 409 931 arbores
426 865 508 951 tulsa
524 864 740 952 dupplicatas,
765 865 826 931 sub
841 865 958 948 quibus
975 872 1026 932 est
1048 870 1135 931 meta
1150 864 1243 930 iuxta

113 993 272 1058 magnam
281 973 368 1040 mam
386 971 419 1037 in
436 979 555 1058 monte,
573 979 701 1040 ennam
711 972 755 1040 ad
769 980 913 1039 omnum
923 973 1045 1058 (larig3
1063 991 1121 1058 per
1137 971 1242 1057 ipsam

114 1082 231 1166 itaque
245 1081 333 1148 viam
349 1080 456 1148 eundo
472 1079 555 1148 satis
581 1080 678 1164 longe
694 1081 727 1146 in
744 1083 832 1147 beret
850 1080 1040 1166 peruenitur
1062 1079 1105 1144 ad
1124 1079 1241 1162 locum,

114 1188 173 1255 ubi
190 1189 259 1256 exit
273 1187 315 1254 de
330 1207 370 1254 aa
386 1186 430 1254 ad
445 1207 544 1254 unam
557 1186 716 1272 semitam,
743 1193 776 1253 et
792 1207 949 1272 peream,
967 1184 1073 1254 eundo
1092 1184 1242 1252 similiter

111 1297 148 1362 in
159 1299 249 1363 berch
265 1295 334 1363 exit
348 1295 392 1361 ad
403 1293 569 1381 quandam
579 1303 708 1379 metam,
728 1304 762 1362 et
776 1296 819 1362 ab
830 1315 870 1363 ea
886 1295 975 1362 eadit
991 1295 1025 1360 in
1037 1301 1136 1379 eaput
1145 1293 1243 1360 vallis

115 1406 250 1473 nomine
274 1405 511 1491 Horoustoueb,
536 1411 570 1471 et
594 1405 730 1473 ulterius
755 1410 844 1472 tenet
870 1412 989 1472 metam
1015 1423 1087 1470 eum
1113 1403 1190 1488 lilijs
1210 1408 1243 1467 et

115 1512 267 1599 cognatis
283 1513 458 1598 Pestuani3
484 1513 651 1599 decapite
675 1519 785 1580 autem
811 1512 898 1580 diete
918 1507 1016 1580 u'allis
1042 1509 1242 1578 descendens

116 1639 235 1705 parum
251 1619 399 1687 aseendit
415 1620 448 1686 in
464 1623 553 1687 hereb
568 1620 612 1686 ad
635 1629 761 1706 partem
778 1620 968 1688 orientalem
981 1645 989 1706 ς
1015 1618 1091 1686 inde
1106 1623 1165 1704 per
1179 1619 1242 1686 eol-

114 1728 166 1796 les
192 1733 226 1794 et
243 1727 347 1798 valles
372 1728 478 1795 eundo
504 1727 691 1814 peruenitur
716 1727 759 1794 ad
784 1735 904 1794 metam
930 1727 990 1794 sub
1016 1726 1132 1796 arbore
1158 1725 1243 1811 roife

116 1835 304 1924 triplicata,
331 1836 452 1905 deinde
467 1835 510 1902 ad
535 1842 635 1922 eaput
655 1835 789 1903 minoris
804 1836 978 1923 Desniobe,
1003 1844 1036 1902 et
1052 1855 1110 1922 per
1135 1836 1242 1920 ipsam

116 1942 227 2011 eundo
242 1943 378 2011 inferius
402 1943 491 2010 eadit
505 1942 540 2012 in
556 1943 712 2011 maiorem
730 1943 939 2028 Desniobam,
964 1950 997 2010 et
1011 1945 1046 2010 in
1071 1963 1112 2009 ea
1135 1941 1241 2009 eundo

115 2053 187 2120 exit
202 2053 245 2120 ad
261 2059 379 2120 mamm
394 2061 533 2122 terream
549 2053 584 2119 in
600 2053 750 2140 planicie,
776 2054 886 2137 ibique
901 2053 1023 2121 relietis
1039 2052 1115 2138 filijs
1130 2052 1242 2118 Postu·

115 2161 175 2228 ani
191 2161 305 2246 incipit
330 2169 441 2228 tenere
456 2168 575 2228 metam
597 2180 669 2228 oum
686 2162 799 2247 Wleoy
815 2161 882 2228 lilio
899 2161 1024 2245 Borisa,
1046 2167 1079 2227 et
1093 2159 1140 2226 ibi
1155 2157 1244 2225 eadit

115 2271 150 2337 in
167 2288 304 2354 paruam
324 2267 452 2354 vallem,
470 2287 534 2352 que
545 2268 635 2335 duait
650 2267 684 2334 in
702 2268 840 2336 riuulum
851 2269 1026 2353 Desnieha,
1046 2274 1079 2335 et
1094 2287 1154 2356 per
1169 2287 1242 2335 eam

114 2374 224 2444 eundo
234 2372 370 2442 inferius
385 2376 454 2441 exit
470 2374 514 2441 ad
530 2374 696 2460 quandam
706 2377 826 2442 vallem
837 2376 880 2443 ad
890 2383 1017 2462 partem
1039 2374 1241 2458 orientalem,

116 2503 181 2570 que
196 2483 346 2550 similiter
366 2481 454 2549 dueit
469 2482 620 2569 superius
637 2483 681 2550 ad
696 2486 784 2551 boob
799 2484 843 2551 ad
860 2493 980 2552 metam
997 2491 1157 2565 terream
1181 2483 1240 2548 ibi·

115 2611 181 2678 que
197 2591 285 2658 eadit
299 2590 334 2657 in
361 2609 514 2676 magnam
531 2590 660 2677 vallem,
689 2597 722 2658 et
737 2591 771 2659 in
786 2593 860 2678 ipsa
885 2592 989 2660 eundo
1016 2591 1151 2660 inferius
1175 2588 1242 2657 exit

115 2701 162 2767 ad
178 2699 343 2784 quandam
358 2698 481 2767 vallem
497 2717 644 2785 paruam,
661 2707 693 2767 et
708 2719 766 2788 per
783 2702 874 2767 illam
891 2700 997 2768 eundo
1013 2700 1081 2768 exit
1096 2698 1139 2765 ad
1154 2699 1242 2766 beleb

116 2827 234 2876 uersus
259 2805 429 2875 meridiem
454 2807 498 2874 ad
514 2814 634 2874 metam
658 2809 719 2876 sub
735 2809 851 2876 arbore
876 2810 981 2898 epifa,
1005 2808 1098 2876 iuxta
1123 2815 1243 2874 terram

116 2916 245 3002 Goyani
261 2915 430 2983 deseendit
445 2917 479 2982 in
495 2915 613 2983 uallem
629 2953 673 2966 -
689 2953 752 3001 -,
769 2918 850 2984 etin
867 2937 907 2984 ea
923 2917 1028 2986 eundo
1044 2935 1158 3005 parum
1175 2915 1243 2980 exit

115 3025 152 3092 in
166 3044 232 3092 vna
248 3023 377 3092 modiea
393 3025 481 3092 ualle
496 3023 540 3091 ad
556 3028 655 3108 boob,
671 3030 704 3091 et
719 3023 797 3092 inde
813 3025 935 3094 direete
951 3024 1043 3092 vadit
1056 3026 1099 3091 ad
1122 3029 1242 3090 metum

113 3133 177 3200 snb
193 3133 311 3200 arbore
327 3133 522 3218 berrhaeam
540 3131 660 3200 deinde
670 3133 761 3199 iuxta
771 3140 890 3201 terram
901 3133 970 3200 Vde
980 3132 1069 3200 eadit
1079 3132 1112 3199 in
1122 3131 1242 3196 vallem

114 3241 247 3310 nomine
262 3239 452 3325 Predeleeb,
478 3241 559 3307 etin
577 3259 617 3306 ea
633 3241 739 3309 eundo
759 3243 827 3310 exit
851 3231 909 3327 p'er
934 3238 1097 3325 quandam
1122 3236 1241 3304 uallem

114 3369 257 3437 paruam
267 3347 312 3436 ad
328 3352 448 3415 metam
462 3353 604 3416 terream
615 3348 707 3416 iuxta
719 3348 818 3434 uiam,
837 3349 949 3431 ibique
964 3368 1022 3435 per
1031 3347 1119 3413 uiam
1135 3343 1242 3412 eundo

115 3457 152 3523 in
167 3460 256 3524 berch
272 3454 460 3542 pemanitur
470 3455 513 3522 ad
528 3457 645 3541 loeum,
666 3457 722 3524 nbi
737 3457 912 3525 reflectitur
926 3475 1040 3526 uersus
1051 3454 1242 3523 orientalem

115 3571 244 3651 partem
261 3562 398 3630 adduas
413 3568 528 3648 metas,
545 3583 681 3650 quarum
692 3585 758 3632 vna
773 3571 825 3632 est
833 3565 965 3632 Martini
973 3561 1119 3650 Comitis,
1137 3563 1243 3629 altera

117 3671 199 3757 Vde,
225 3672 337 3757 ibique
361 3671 474 3739 relicto
490 3671 562 3740 Vde
577 3679 665 3740 tenet
690 3681 810 3742 metam
835 3694 908 3742 eum
923 3675 1101 3758 Mortuum,
1127 3679 1160 3738 et
1183 3691 1243 3757 per

116 3780 293 3868 planioiem
308 3779 432 3848 directe
457 3780 564 3849 eundo
581 3781 669 3848 eadit
685 3783 718 3850 in
734 3783 932 3851 Desniebam
947 3782 981 3850 in
1007 3788 1094 3849 meta
1109 3781 1172 3848 sub
1195 3800 1239 3847 ar-

115 3890 196 3957 bore
213 3886 255 3953 de
272 3887 363 3974 piro;
380 3895 413 3953 et
425 3887 624 3956 transeundo
636 3889 774 3958 riuulum
789 3892 882 3959 uadit
897 3891 981 3958 inter
991 3891 1074 3957 duas
1089 3887 1242 3972 antiquas

115 3995 284 4064 sessiones
300 3994 424 4062 direete
439 3996 483 4062 ad
498 4003 639 4062 montem
656 3997 699 4063 ad
715 3996 798 4065 duas
815 4003 932 4082 metas,
957 4015 1093 4080 quarum
1109 4015 1175 4061 vna
1191 4002 1243 4063 est

114 4102 249 4170 Martini
265 4100 412 4186 Comitis,
440 4102 547 4168 altera
562 4103 709 4187 Mortun3
736 4103 853 4172 deinde
879 4101 1048 4171 deseendit
1071 4102 1104 4168 in
1120 4098 1242 4169 sieuam

114 4210 246 4296 vallem,
273 4215 306 4276 et
320 4208 367 4275 ibi
383 4207 521 4276 tenendo
548 4216 667 4276 metam
684 4230 756 4277 eum
769 4210 921 4279 Othmieb
937 4209 1083 4297 proaedit
1106 4209 1242 4276 inferius
1268 4231 1272 4237 ·

114 4337 220 4402 usque
234 4317 278 4385 ad
293 4318 411 4402 loeum,
428 4317 483 4384 vbi
498 4317 566 4384 exit
581 4319 614 4384 in
631 4337 695 4385 vna
710 4319 797 4386 valle
814 4318 857 4386 ad
872 4319 956 4387 duas
973 4326 1088 4403 metas,
1105 4337 1242 4403 quarum

114 4447 182 4495 vna
197 4433 249 4494 est
264 4427 367 4515 ipsius
384 4428 525 4510 Martini,
552 4430 657 4497 altera
672 4427 821 4495 Otbmieb
841 4427 935 4495 iuxta
949 4427 1055 4512 viam3
1080 4447 1139 4514 per
1154 4426 1242 4492 viam

5 4565 9 4572 ·
116 4542 227 4604 autem
243 4533 350 4604 eundo
375 4536 562 4620 peruenitur
577 4537 692 4604 iterum
718 4536 762 4602 ad
778 4534 861 4603 duas
877 4542 992 4620 metas,
1017 4554 1154 4621 quarum
1175 4554 1243 4601 vna

116 4654 168 4714 est
182 4643 314 4714 Gordus
329 4644 439 4714 fratris
456 4646 518 4731 sui,
544 4647 650 4713 altera
675 4642 813 4732 predicti
833 4644 981 4731 Otmieb3
1008 4643 1084 4713 inde
1100 4637 1242 4710 eadit'in
