3168 5186
856 300 1008 398 „ii-⁶„

376 506 488 566 uostro
506 495 645 564 fideliter
655 495 814 583 impendit
830 501 861 562 et
877 495 1004 579 deuote,
1021 503 1177 582 perpetuo
1199 495 1461 564 contulissemus
1483 499 1517 557 et

377 603 598 674 donassemus
624 603 865 692 possidendam,
892 623 931 670 ac
948 623 1022 670 eam
1036 611 1147 671 nostro
1172 603 1344 689 priuilegio
1371 601 1518 670 fecisse-

378 733 449 782 mus
468 713 678 798 commuuiri;
703 712 907 800 postmodum
922 711 1029 798 ipsam
1044 719 1167 780 terram
1182 711 1296 780 Abbas
1312 709 1518 791 llouasterij

379 822 420 891 de
440 823 559 908 Telluy,
587 829 619 889 et
635 823 815 908 Woywoda
841 843 880 890 ac
891 822 1058 889 lohannes
1074 820 1160 888 filius
1184 821 1341 906 ejusdem,
1368 817 1518 886 Patroni

379 933 569 1017 llonasterij
585 931 752 1016 antedicti,
767 933 810 998 ab
827 931 941 999 eodem
957 931 1137 1016 Scywredo
1153 930 1276 998 Comite
1294 930 1518 1016 repetierunt,

378 1041 413 1107 iu
429 1040 549 1108 indicio
565 1059 675 1107 coram
702 1041 796 1108 uobis
813 1039 967 1125 diceutes,
994 1038 1101 1126 ipsam
1116 1045 1235 1106 terram
1257 1038 1359 1106 luisse
1380 1036 1520 1104 beredi-

380 1150 497 1216 tariam
520 1149 674 1235 ipsorum,
703 1157 735 1216 ct
759 1150 802 1215 ob
827 1148 888 1216 hoo
914 1146 957 1214 ad
980 1149 1068 1234 ipsos
1094 1149 1210 1216 iterum
1233 1149 1351 1215 debere
1378 1145 1519 1227 redire;

379 1258 490 1324 Abbas
515 1277 642 1343 quoque
667 1257 796 1324 dicebat
812 1259 845 1323 iu
871 1258 987 1325 eadem
1012 1277 1048 1323 se
1073 1263 1199 1344 partem
1224 1257 1346 1324 habere
1372 1257 1518 1322 racione

380 1366 569 1452 Mouasterij
586 1368 635 1435 sui
653 1367 819 1434 antedicti.
837 1364 960 1433 Contra
975 1386 1055 1451 quos
1070 1366 1157 1432 idem
1172 1364 1369 1451 Seywredus
1387 1365 1518 1432 (lomes

379 1475 557 1560 proposuit,
575 1474 662 1560 quod
673 1483 760 1542 terra
772 1479 951 1540 memorata
967 1474 1010 1541 ad
1021 1472 1184 1560 predictos
1195 1473 1326 1540 Petrum
1336 1481 1370 1540 et
1380 1475 1518 1541 doban-

382 1603 456 1650 nem
473 1584 604 1670 proprie
621 1591 654 1650 et
670 1582 855 1670 specialiter
872 1583 1029 1667 pertinuit
1046 1583 1088 1649 ab
1105 1583 1251 1668 antiquo,
1274 1588 1307 1648 et
1322 1602 1343 1648 a
1361 1587 1519 1667 ternpore

382 1693 474 1776 cujus
491 1711 556 1756 uon
573 1698 663 1759 extat
681 1691 846 1775 memoria,
863 1690 1081 1775 predictorum
1095 1690 1185 1756 Petri
1206 1696 1239 1755 et
1253 1687 1418 1759 lobannis
1435 1709 1517 1774 pro-

384 1799 557 1884 genitores,
584 1807 616 1866 et
632 1800 696 1886 ipsi
712 1800 914 1868 solummodo
930 1819 990 1886 per
1005 1799 1244 1868 successionem
1263 1799 1371 1886 ipsam
1386 1805 1516 1865 terram

384 1912 557 1973 tenuerunt
573 1915 606 1974 et
630 1907 853 1993 possederunt,
870 1908 994 1993 absque
1019 1907 1277 1995 participatione
1300 1907 1518 1992 cujusquam.

383 2016 452 2082 Nos
470 2035 558 2102 ergo,
575 2015 696 2083 auditis
711 2017 857 2102 parcium
873 2016 1167 2103 propositionibus,
1183 2015 1311 2100 utrique
1328 2013 1417 2100 parti
1435 2034 1514 2100 pro-

383 2123 552 2191 baciouem
577 2124 727 2192 duximus
753 2123 977 2212 indicendam,
1007 2123 1066 2192 sed
1091 2144 1163 2191 oum
1189 2122 1344 2210 probaoio
1369 2120 1516 2190 Comitis

385 2230 552 2319 Seywredi
570 2239 657 2300 esset
671 2234 771 2318 louge
787 2234 934 2320 superior
951 2239 984 2300 et
1000 2234 1133 2320 melior;
1159 2233 1361 2300 decreuimus
1377 2239 1511 2300 senten-

386 2342 567 2429 oionaliter,
593 2341 680 2426 quod
695 2341 842 2428 prelatus
860 2341 975 2411 Comes
992 2341 1199 2429 Seywredus,
1216 2362 1370 2410 unacum
1387 2339 1512 2425 Egidic

386 2458 418 2518 et
433 2449 571 2519 Nicolao
586 2459 825 2520 sacramentum
850 2471 946 2540 super
963 2472 1024 2520 sua
1041 2449 1225 2519 assercione
1247 2455 1396 2538 prestare
1413 2448 1511 2515 debe

387 2565 435 2626 ret
460 2579 567 2626 coram
592 2558 742 2647 Capitulo
759 2560 934 2628 Waciensi.
961 2558 1025 2638 Qui
1052 2559 1085 2627 in
1101 2559 1238 2628 termino
1254 2558 1303 2626 eis
1324 2557 1511 2644 assignato,

388 2675 482 2755 prout
498 2689 556 2756 per
581 2669 707 2738 litteras
724 2670 869 2756 ejusdem
885 2669 1027 2756 Capituli
1049 2668 1230 2737 Waoiensis
1246 2668 1365 2736 fuimus
1390 2666 1512 2748 edocti,

389 2784 626 2846 sacramentum
639 2779 858 2874 prestiterunt,
868 2780 952 2847 siout
962 2798 1019 2867 per
1029 2799 1088 2848 nos
1099 2778 1403 2846 fueratiudicatum.
1414 2773 1511 2842 Vnde

386 2906 445 2953 uos
461 2887 562 2955 tocies
578 2888 699 2955 dictam
715 2894 835 2956 terram
851 2887 951 2955 Keuw
966 2885 1131 2974 sepedicto
1148 2883 1265 2954 comiti
1282 2883 1462 2971 Seywredo
1480 2885 1512 2948 et

387 2993 489 3082 ipsius
514 2995 687 3063 heredibus
712 2995 930 3080 heredumque
951 2995 1192 3063 successoribus
1218 3013 1275 3079 per
1295 2991 1510 3060 deffinitivam

389 3105 589 3173 sentenciam
605 3105 876 3192 adjudioauimns,
903 3103 1057 3193 predictis
1072 3101 1261 3191 Woywode,
1288 3102 1419 3187 filioque
1439 3121 1510 3181 suo,

388 3220 421 3282 et
446 3233 556 3281 eornm
582 3199 834 3299 suooess'oribns,
859 3232 920 3279 nec
935 3232 1000 3280 nou
1021 3210 1143 3279 Abbati
1158 3217 1225 3278 tam
1240 3208 1394 3297 presenti,
1411 3226 1510 3293 quam

388 3328 421 3389 et
445 3321 501 3406 qui
520 3343 577 3407 pro
604 3328 747 3408 tempore
770 3320 972 3408 successerit,
997 3327 1186 3406 perpetuum
1202 3336 1300 3404 super
1323 3314 1397 3402 ipsa
1422 3322 1510 3382 terra

389 3427 558 3498 silencium
584 3430 804 3517 imponentes;
829 3429 956 3500 litteras
982 3449 1079 3516 super
1103 3430 1164 3496 boc
1188 3431 1317 3495 nostras
1343 3425 1404 3492 has
1429 3424 1510 3512 dup-

389 3537 484 3625 pliois
509 3537 610 3622 sigilli
635 3539 737 3608 nostri
753 3539 927 3606 munimine
954 3541 1124 3608 roboratas
1149 3535 1315 3623 sepedicto
1333 3533 1509 3620 Seywredo

391 3645 518 3732 comiti,
536 3653 568 3714 et
584 3648 654 3733 ejus
671 3647 914 3716 successoribus
930 3656 1085 3734 perpetuo
1105 3646 1316 3714 conterentes.
1337 3643 1461 3708 Datum
1477 3641 1508 3706 iu

390 3755 517 3823 Waslra
541 3777 625 3825 anno
642 3759 772 3826 Domini
797 3755 978 3842 millesimo,
1002 3755 1222 3825 ducentesimo
1238 3751 1508 3838 quinquagesimo

390 3864 514 3952 quinto,
530 3865 635 3951 Regni
651 3874 759 3934 autem
776 3865 878 3934 nostri
895 3885 979 3934 anuo
996 3865 1166 3951 vigesimo.

579 4061 678 4127 (utum
691 4057 839 4128 rraJatnyr
851 4044 935 4112 laum
948 4057 1061 4112 aetnae
1075 4057 1331 4126 gyujremonycuur.)

824 4347 1082 4364 W
