3252 5198
720 307 743 372 5

651 392 806 408 Ἠ

159 519 227 584 111,
244 499 301 585 qui
316 501 406 569 inira
421 510 551 589 tempus
571 507 774 592 probationis
789 509 944 576 Fratrum
963 510 1123 580 llinorum
1140 516 1298 586 Ordinem

160 609 403 696 derelinquunt,
428 611 509 680 licet
523 611 690 683 evidenter
714 623 889 702 appareat,
917 617 1004 702 quod
1029 620 1179 690 absolute
1194 625 1296 694 vitam

160 727 288 785 mutare
303 717 479 804 voluerint,
505 722 726 788 renuntiando
740 723 872 808 penitus
896 725 1020 792 saeculi
1035 729 1172 796 vanitati
1185 759 1193 817 ;
1218 735 1296 802 riva

158 827 214 893 vel
238 827 370 894 funesta
396 825 508 912 potins
523 847 604 894 voce
620 829 838 913 pronuncias,
863 851 961 916 posse
987 831 1089 902 libere
1114 837 1157 904 ad
1174 845 1294 911 statum

159 934 268 1002 redire
283 933 469 1020 pristinum,
487 951 547 999 nec
563 941 698 1019 propter
713 936 785 1020 boc,
802 935 836 1002 in
853 939 1075 1008 contrahendo
1084 946 1291 1018 matrimonio

157 1045 318 1128 ipsorum,
333 1041 442 1108 redire
452 1040 586 1126 aliquod
601 1041 869 1128 impedimentum
882 1069 890 1130 3
908 1045 1003 1129 quasi
1014 1047 1164 1118 voluntas
1180 1051 1214 1120 in
1229 1055 1293 1123 bac

157 1157 255 1238 parte
268 1149 330 1215 tibi
346 1170 406 1237 pre
423 1149 494 1215 inre
509 1147 660 1235 sufficiat,
678 1157 711 1216 et
727 1151 824 1219 timor
839 1160 917 1220 tuae
932 1155 1152 1228 concientiae
1161 1161 1204 1226 de
1219 1182 1291 1248 pro·

159 1259 763 1328 eessncontrasanctionesoanonicas
778 1279 844 1328 non
854 1261 1029 1332 incumbat
1049 1265 1292 1355 Quarnmignc-

158 1369 302 1436 rentiam
316 1369 372 1434 vel
397 1373 617 1453 contemptum
643 1386 684 1434 ex
699 1369 762 1436 boc
784 1369 957 1438 manifeste
979 1373 1178 1460 praetendis,
1203 1377 1292 1461 quod

158 1476 344 1562 quemdam,
362 1475 418 1561 qui
433 1476 614 1560 praemisso
631 1476 727 1544 modo
744 1477 890 1547 habitum
907 1479 1093 1566 reliquerat,
1111 1485 1292 1552 reclaman-

157 1585 245 1653 tibus
262 1585 359 1652 dictis
376 1582 543 1665 iratribus,
558 1583 724 1652 concessis
738 1585 804 1652 sibi
819 1586 924 1652 sacris
940 1588 1120 1672 ordinibus,
1136 1591 1171 1657 in
1186 1588 1290 1659 (lano-

156 1697 266 1762 nionm
292 1700 325 1760 et
340 1692 474 1762 undem
498 1692 532 1758 in
553 1693 777 1760 Primioeriurn
802 1694 1016 1781 promovisti,
1043 1695 1140 1763 alteri
1165 1697 1221 1783 qui
1245 1697 1289 1766 ad

157 1801 305 1870 eiusdem
322 1800 456 1870 Ordinis
479 1801 627 1868 habitum
643 1802 1100 1887 processeratassumendum,
1117 1805 1287 1874 suadendo

156 1911 274 1979 litteris
284 1915 317 1976 et
331 1907 617 1996 promissionibus,
635 1907 723 1993 quod
735 1908 856 1976 rediret
866 1909 910 1976 ad
924 1912 1104 1994 saeculum,
1121 1913 1212 1980 cuius
1229 1934 1288 2000 per

155 2037 331 2104 processus
357 2015 543 2084 huiusmodi
558 2020 591 2082 te
617 2020 798 2083 amatorem
814 2015 923 2084 innuis
938 2038 1003 2085 non
1018 2019 1201 2088 remissum.
1227 2021 1288 2088 Ve-

156 2146 227 2194 rum
245 2147 320 2194 cum
336 2143 378 2192 ex
395 2124 596 2210 praemissis,
611 2124 641 2191 si
657 2124 795 2192 veritate
810 2125 965 2210 nituntur,
989 2125 1049 2194 tibi
1065 2135 1099 2195 et
1113 2127 1286 2196 multitudo

155 2235 285 2302 ruboris
311 2233 508 2316 incumbere,
536 2237 570 2297 et
593 2230 730 2316 grandis
756 2230 875 2298 debeat
900 2233 1039 2301 materia
1064 2234 1287 2320 poenitudinis

158 2343 346 2426 imminere;
373 2339 515 2410 maxime
531 2357 603 2404 cnm
619 2358 680 2405 nos
703 2337 769 2424 ipsi
784 2358 845 2424 pro
859 2339 1057 2406 verecundia
1071 2350 1286 2428 reponemus,

154 2459 281 2520 tantum
299 2448 479 2516 membrum
494 2445 664 2512 Ecclesiae
679 2463 872 2512 excessuum
886 2447 1130 2533 perpetratione
1149 2456 1215 2518 tam
1232 2470 1286 2516 va·

154 2562 214 2644 ria,
230 2559 304 2626 Deo
320 2561 354 2622 et
369 2553 553 2622 bominibus
569 2551 762 2637 displicere,
779 2551 975 2620 fraternitati
990 2562 1066 2622 tuae
1082 2559 1286 2643 perAposto-

152 2670 219 2735 lica
235 2665 363 2752 scripta
379 2662 525 2732 (11111111
541 2660 772 2748 praecipiendo
791 2661 996 2748 mandamus,
1012 2670 1183 2750 quatenus,
1199 2683 1284 2748 quae

153 2796 255 2863 supra
269 2771 462 2862 praemissis
487 2767 670 2855 improvide
688 2773 903 2854 attemptasse
918 2769 1110 2856 dinosceris,
1129 2772 1284 2860 prompti·

152 2884 267 2951 tudine
283 2879 436 2968 diligenti
461 2876 637 2945 emendare
652 2874 821 2959 sollicitus,
835 2897 857 2942 a
873 2877 1032 2944 dictarum
1053 2879 1234 2967 mulierum,
1251 2886 1284 2949 et

151 2992 290 3060 iratum
307 2988 465 3056 Ordinem
474 2985 729 3070 Praedictorum,
749 2989 782 3050 et
797 2984 937 3052 aliorum
953 2987 1105 3071 omnium,
1123 2990 1179 3073 qui
1195 3007 1233 3057 se
1247 2989 1282 3056 in

151 3100 302 3190 partibus
317 3092 518 3182 supradictis
528 3111 643 3159 sacrae
660 3091 827 3176 religionis
838 3092 1065 3159 observantiae
1078 3092 1283 3180 dedicarunt,

151 3206 382 3278 molestatione
398 3201 569 3284 desistens,
586 3205 644 3266 aut
659 3198 787 3283 aliquos
803 3219 825 3265 a
841 3201 960 3266 semita
976 3200 1204 3268 mandatorum
1218 3204 1283 3269 Dei

153 3339 217 3386 non
231 3320 397 3396 avertens,
423 3311 522 3377 talem
538 3317 572 3376 te
588 3304 706 3376 amodo
732 3325 831 3392 super
846 3305 898 3392 iis,
924 3325 1009 3390 qnae
1023 3307 1214 3375 Pontificale
1229 3309 1282 3376 de·

150 3426 257 3514 poscit
272 3420 428 3502 officium,
454 3418 554 3486 verbo
570 3416 728 3485 exhibeas
745 3422 779 3482 et
794 3413 955 3501 exemplo,
975 3414 1062 3499 qnod
1076 3415 1193 3483 iratres
1209 3437 1280 3486 eos·

152 3536 236 3620 dem,
262 3537 297 3600 et
321 3527 494 3613 religiosos
519 3527 604 3592 alios
628 3523 677 3592 tui
701 3522 840 3590 nominis
867 3521 1044 3590 constitues
1069 3523 1278 3612 laudatores,

152 3649 185 3710 et
198 3639 310 3709 Patris
324 3635 459 3704 Aeterni
474 3633 603 3717 Filium,
628 3651 724 3717 quem
739 3631 774 3698 in
789 3630 948 3718 praelatis
971 3632 1157 3698 excessibus
1174 3632 1280 3718 gravi-

150 3758 200 3818 ter
225 3747 404 3819 offendisse
429 3741 631 3825 dinosceris,
657 3741 718 3808 tibi
743 3741 917 3828 propitium
941 3739 1078 3807 reddere
1101 3742 1278 3810 merearis:

151 3857 298 3956 alioquin
316 3856 433 3922 111111
448 3847 630 3920 venerabili
646 3848 741 3916 fratri
756 3856 865 3918 nostro
883 3897 891 3913 .
908 3896 916 3914 .
935 3897 942 3914 .
958 3848 1226 3934 Arcbiepiscopo,
1247 3855 1279 3917 et

149 3971 268 4038 dilecto
294 3963 363 4032 lilio
385 4012 392 4030 .
411 4009 446 4028 ..
472 3956 713 4028 Arcbidiaeono
738 3957 929 4043 Spalatensi
954 3957 1075 4024 nostris
1099 3955 1218 4021 litteris
1244 3955 1278 4024 in

147 4073 325 4158 mandatis,
350 4079 389 4138 ut
403 4077 438 4138 te
453 4068 496 4136 ab
520 4065 707 4133 huiusmodi
732 4062 1062 4151 praesumptionibus,
1085 4061 1279 4130 anctoritate

145 4195 258 4259 noema
267 4237 277 4272 ,
302 4176 530 4269 appellatione
545 4181 672 4242 remota
691 4181 909 4260 compescant.
933 4173 1054 4238 Datum
1070 4169 1218 4253 Viterbii,
1234 4169 1276 4235 X.

145 4292 303 4366 calendas
318 4284 534 4370 Decembris,
550 4280 764 4350 Pontificatus
787 4279 891 4347 noemi
915 4298 1000 4347 anno
1016 4297 1122 4362 nono,
1147 4274 1277 4365 (1235.)

411 4482 534 4546 (Parieti,
547 4479 685 4546 Illyricum
698 4477 810 4529 Sacrum
823 4477 855 4529 V.
869 4477 925 4529 1111.
940 4477 982 4526 ta.
995 4473 1026 4540 1.)

580 4674 847 4691 -ffl
