3258 5192
887 287 954 358 568

352 485 484 554 Tertius
509 494 618 556 autem
636 488 801 556 exereitus
827 486 959 555 obsidet
982 492 1086 554 tetam
1100 485 1267 571 Ruseiam,
1292 485 1376 554 sieut
1402 484 1485 552 dixi.

355 595 474 660 Verum
503 601 538 660 ut
562 595 605 660 de
629 593 715 662 bello
741 595 836 665 robis
861 593 1052 679 siguifieeur,
1077 593 1206 677 dieitur,
1237 593 1326 678 quod
1351 593 1485 678 longine

352 699 479 770 iaoiunt
505 701 657 789 sagittis,
683 723 781 788 quam
805 707 913 770 oetere
938 700 1169 768 consueverint
1191 700 1362 784 nationes,
1389 705 1423 766 et
1448 700 1484 767 iu

353 807 459 894 prima
485 809 717 894 eougresslone
741 808 834 893 belli,
860 807 946 874 siout
971 807 1098 890 dieitur,
1125 826 1189 874 uon
1216 806 1396 892 sagittare,
1422 806 1484 874 sed

353 917 449 1002 qnasi
474 919 587 1004 pluere
614 917 737 1001 sagitte
761 916 924 984 videntur.
955 914 1085 984 Gladiis
1110 926 1144 984 et
1175 915 1299 982 laueeis
1329 915 1483 982 dieuntur

353 1024 461 1092 miuus
477 1025 548 1110 apti
572 1023 616 1091 ad
632 1023 763 1092 bellum.
789 1024 915 1091 Taliter
931 1022 1016 1091 euim
1031 1042 1126 1092 suum
1151 1042 1289 1092 cuneum
1307 1023 1481 1092 ordinant:

353 1131 442 1216 quod
458 1131 489 1198 X
506 1131 690 1200 homiuibus
707 1152 790 1200 uuus
804 1133 947 1200 Thartar
962 1138 1092 1219 preest,
1108 1130 1187 1200 item
1202 1139 1331 1201 eentum
1346 1129 1482 1198 bomini·

356 1237 416 1304 bus
432 1255 515 1304 unus
540 1239 687 1305 eenturie
703 1246 821 1324 preest.
847 1240 917 1306 Hoe
932 1237 965 1304 iu
983 1239 1044 1305 tali
1067 1237 1190 1306 astutia
1204 1236 1338 1322 laniunt,
1364 1257 1407 1303 ue
1426 1257 1483 1304 ex·

353 1343 534 1430 ploratores
543 1345 811 1439 supervenientes
827 1345 956 1432 possint
965 1344 1171 1430 aliquatenus
1186 1345 1289 1412 latere
1305 1345 1458 1412 intereos
1474 1370 1483 1428 ;

353 1459 385 1519 et
399 1454 429 1522 si
442 1454 526 1520 forte
536 1455 752 1540 eontiugeret,
769 1474 879 1522 eorum
889 1455 1031 1538 aliquem
1048 1453 1186 1522 diminui
1201 1453 1479 1539 propterbellum,

353 1561 460 1646 possit
474 1562 601 1628 restitui
626 1561 697 1630 siue
722 1581 833 1646 mora;
858 1567 891 1628 et
915 1562 1056 1649 populus
1081 1561 1236 1630 eobeotus
1261 1581 1304 1628 ex
1328 1559 1480 1644 diversis,

354 1666 580 1736 infidelitatem
605 1669 749 1753 aliquam
776 1668 886 1736 lasere
911 1689 977 1736 non
1002 1669 1127 1755 possit,
1153 1688 1249 1754 quem
1274 1686 1316 1735 ex
1340 1667 1483 1737 diversis

354 1775 477 1860 linguis
503 1785 536 1844 et
559 1776 747 1844 nationibus
773 1778 984 1863 collegerunt.
1011 1777 1162 1844 Omnium
1192 1779 1389 1862 Regnorum,
1418 1797 1483 1862 que

355 1883 513 1970 obtinent,
539 1885 648 1952 Duees
674 1891 707 1952 et
722 1885 905 1971 Magnetes,
932 1887 973 1952 de
997 1884 1117 1969 quibus
1136 1891 1186 1952 est
1209 1903 1295 1970 spes,
1312 1884 1399 1968 quod
1424 1884 1484 1951 ali-

354 1990 488 2076 quando
514 1990 642 2076 possint
665 1991 774 2060 faeere
799 1993 1031 2080 resistentiam,
1062 1991 1257 2060 interlioiuut
1281 1991 1353 2058 sine
1380 2013 1482 2059 mora.

355 2097 479 2165 Milites
494 2104 614 2184 autem,
640 2105 674 2166 et
689 2100 828 2168 rusticos
843 2099 945 2168 fortes
961 2101 1004 2166 ad
1021 2100 1170 2186 prelium,
1195 2107 1270 2167 ante
1290 2118 1327 2166 se
1351 2098 1484 2165 mittunt

354 2213 501 2274 armatos
517 2204 561 2272 sd
577 2207 783 2294 preliandum
798 2211 870 2276 siue
885 2213 1010 2293 sponte.
1038 2208 1130 2276 Alios
1147 2216 1256 2274 autem
1282 2205 1420 2274 rustieos
1436 2203 1481 2271 ad

356 2312 562 2398 preliandum
579 2315 685 2383 miuus
701 2322 796 2403 aptos
812 2316 1000 2401 relinquunt
1015 2317 1060 2384 ad
1071 2314 1283 2385 excolendam
1298 2322 1429 2398 terram,
1447 2323 1480 2380 et

357 2421 499 2488 omnium
515 2418 613 2508 (tam)
630 2425 820 2511 oeeisorum,
837 2445 935 2508 quam
952 2425 995 2491 ad
1010 2425 1151 2511 prelium
1161 2424 1342 2509 missorum,
1360 2441 1480 2489 uxores

355 2534 388 2594 et
402 2529 489 2596 filias
507 2537 540 2596 et
566 2539 723 2616 cognatas
742 2532 893 2600 dividunt
908 2533 951 2598 ad
976 2533 1123 2618 singulos
1139 2531 1227 2600 viros
1252 2531 1353 2599 uultui
1373 2539 1480 2596 terrae

355 2636 507 2722 relietos,
536 2639 671 2704 cuilibet
695 2640 758 2707 XII
784 2642 836 2706 vel
862 2640 972 2726 plures
996 2642 1222 2726 assignantes,
1254 2646 1288 2706 et
1312 2641 1483 2725 imponunt

355 2745 488 2832 eisdem,
515 2753 551 2813 ut
566 2747 719 2815 Thartari
736 2745 777 2814 de
792 2755 900 2816 cetero
924 2757 1159 2834 nuncupentur.
1185 2747 1305 2815 Milites
1321 2767 1407 2833 vero,
1425 2747 1482 2831 qui

355 2851 399 2921 ad
423 2852 627 2938 preliandum
655 2857 909 2942 compelluntur,
941 2857 971 2922 si
998 2857 1081 2922 bene
1104 2860 1251 2941 pugnent
1280 2861 1312 2919 et
1337 2854 1480 2935 rmeuut,

355 2979 460 3046 parva
476 2959 554 3046 (eis)
569 2961 698 3047 gratia,
724 2963 752 3028 si
769 2983 845 3030 vero
862 2964 895 3030 in
920 2964 1024 3049 prelio
1051 2963 1239 3046 moriuntur,
1265 2961 1357 3027 nulla
1382 2980 1481 3044 eura,

358 3065 387 3133 si
404 3085 481 3134 vero
497 3067 530 3131 iu
545 3067 651 3152 prelio
668 3067 883 3153 retrooeduut,
909 3067 979 3136 siue
996 3089 1087 3136 mora
1103 3089 1124 3135 a
1139 3069 1311 3136 Thartaris
1330 3067 1482 3134 oeeidnn-

355 3180 417 3240 tur.
432 3174 573 3258 Ideoque
588 3174 766 3261 preliantes
783 3182 943 3263 appetunt
957 3175 1062 3244 oeeidi
1078 3177 1186 3263 potius
1202 3178 1235 3243 iu
1251 3175 1366 3264 prelio,
1383 3194 1481 3260 quam

356 3279 477 3367 gladiis
492 3280 726 3350 Thartarorum
751 3282 851 3350 feriri.
867 3283 1021 3368 Pugnant
1036 3303 1114 3366 ergo
1138 3282 1265 3368 lortius,
1291 3289 1411 3348 utnon
1436 3280 1482 3346 ri-

356 3393 434 3454 vaut
450 3390 485 3454 iu
501 3398 676 3474 posterum,
693 3387 753 3456 sed
769 3398 803 3457 ut
819 3389 915 3458 eitius
932 3391 1117 3458 moriautur.
1142 3388 1259 3457 Castra
1275 3389 1400 3456 munita
1415 3407 1481 3455 neu

357 3501 558 3582 expugnant,
583 3495 642 3562 sed
667 3495 758 3582 prius
784 3503 903 3564 terram
930 3497 1115 3582 devastant,
1141 3505 1174 3564 et
1194 3497 1350 3584 populum
1368 3497 1481 3582 depre-

357 3599 484 3686 dantur,
512 3607 544 3666 et
560 3600 705 3670 eiusdem
731 3611 816 3672 terre
831 3605 989 3692 populum
1005 3604 1103 3674 simul
1128 3611 1330 3690 congregant
1348 3611 1381 3671 et
1394 3624 1481 3672 eom-

356 3709 484 3795 pelluut
507 3708 551 3774 ad
567 3728 723 3796 pugnam,
748 3710 791 3778 ad
808 3712 1061 3798 expugnandum
1080 3713 1187 3798 ipsum
1210 3732 1304 3779 suum
1328 3718 1481 3779 ossuum.

356 3817 406 3882 De
423 3813 628 3884 multitudiue
653 3818 796 3885 omnium
812 3820 975 3888 exereitus
1000 3819 1050 3887 sni
1066 3821 1160 3889 vebis
1176 3840 1240 3888 nou
1258 3819 1402 3887 reseribo
1419 3819 1481 3886 ali·

356 3921 443 4006 quid,
457 3921 522 3988 uisi
539 3921 637 3990 etiem
648 3927 736 4008 qued
752 3926 894 3992 omnium
904 3929 1100 4013 Regnorum,
1118 3947 1181 4012 que
1196 3927 1345 4010 obtinuit,
1359 3925 1481 3994 milites

357 4028 400 4096 ad
414 4049 559 4116 pugnem
574 4038 668 4116 aptos
679 4040 755 4101 aute
770 4052 807 4099 se
822 4034 987 4121 eompellit
1003 4035 1148 4120 preliari.
1165 4034 1280 4101 Fertur
1296 4033 1481 4120 apluribus

358 4157 392 4203 re
417 4143 516 4221 eerta,
542 4143 576 4203 et
591 4139 666 4204 Dux
692 4139 733 4206 de
758 4140 862 4207 Sudal
888 4143 1056 4208 mandavit
1081 4163 1140 4228 per
1162 4161 1213 4207 me
1229 4139 1312 4225 Regi
1335 4140 1482 4223 ngarie

357 4244 433 4311 viva
448 4263 537 4329 voee,
555 4245 642 4329 qued
658 4245 711 4312 ‹lie
725 4255 886 4332 uoetuque
902 4248 1073 4316 eonsilium
1083 4249 1206 4316 babent
1221 4248 1384 4330 Thartari,
1402 4267 1482 4332 qua-

357 4351 432 4420 liter
447 4350 580 4418 reniant
595 4358 628 4417 et
643 4353 812 4421 obtineant
827 4355 975 4437 Regnum
992 4355 1139 4440 Ungarie
1154 4355 1383 4421 Christianum.
1404 4357 1482 4420 Pro-

357 4459 499 4546 positum
525 4459 611 4525 euim
636 4459 756 4526 babere
782 4461 940 4546 dicuutur,
968 4462 1053 4545 quod
1080 4462 1214 4529 veniant
1238 4470 1270 4529 ot
1293 4467 1483 4546 expugnent

357 4568 503 4656 Romam,
529 4575 561 4634 et
577 4571 664 4636 ultra
680 4571 825 4638 Romam.
852 4569 946 4638 Unde
963 4570 1092 4656 legatos
1116 4572 1206 4639 misit
1227 4572 1310 4655 Regi
1326 4571 1483 4656 Ungarie,
