3186 5188
854 878 930 947 128.

329 1060 388 1128 IV.
401 1061 478 1126 Bao
495 1061 660 1147 dirdlyuafc
685 1061 863 1146 odomdapo
880 1086 899 1124 α
911 1059 1109 1147 preuroutrc'fr
1129 1061 1315 1146 npdlaaa'peti
1330 1083 1373 1124 sa.
1391 1059 1458 1124 Ms-

596 1171 672 1254 help
689 1175 891 1254 pre'postsriqo
907 1174 1062 1234 eadmero.
1089 1168 1186 1233 1245.

435 1365 516 1431 Bela
544 1364 605 1431 Dei
630 1364 744 1448 gracia
760 1364 938 1448 Hungarie,
960 1364 1138 1451 Dalmacie,
1167 1363 1315 1447 Oroacie,
1344 1365 1457 1444 Rama,

327 1472 455 1556 Seruis,
473 1472 621 1556 Gallicis,
635 1471 837 1556 Lodorncrie,
855 1473 1076 1553 Cumanieque
1086 1475 1155 1537 Rex
1172 1471 1321 1538 omnibus
1336 1471 1461 1536 Christi

330 1580 481 1648 fidelibus
508 1589 572 1647 tam
592 1579 796 1666 presentibus
822 1601 918 1664 quam
944 1579 1062 1645 futuris
1086 1580 1226 1645 salutern
1253 1581 1287 1646 iu
1314 1579 1459 1644 omnium

328 1689 509 1756 Saluatore.
532 1684 798 1754 Continendauda
813 1687 939 1770 Regum
966 1688 1119 1754 nobilitas
1137 1697 1257 1771 quanto
1278 1686 1459 1766 sublimior,

330 1805 421 1867 tanto
440 1796 537 1863 debet
563 1817 634 1863 esse
651 1796 887 1883 prouidcucior,
915 1805 1028 1864 utnon
1048 1797 1152 1862 solum
1173 1815 1226 1862 res
1250 1794 1459 1881 temporales,

332 1925 442 1972 uerum
460 1907 564 1972 eciam
581 1905 768 1990 spirituales
784 1913 882 1971 cauta
898 1911 1076 1988 cognoscat
1092 1904 1267 1988 disponere
1287 1902 1460 1988 prouiden—

331 2012 404 2096 cia,
430 2019 461 2078 et
487 2012 712 2099 propensionis
738 2013 845 2078 studio
873 2012 994 2079 Diuino
1020 2013 1121 2078 cultui
1146 2009 1263 2078 debeat
1289 2009 1459 2080 adherere.

331 2121 473 2186 Proinde
490 2120 532 2185 ad
550 2121 773 2186 uniuersorum
789 2121 942 2186 noticiam
958 2127 1070 2189 tenore
1087 2119 1292 2206 presencium
1309 2121 1459 2186 uolumus

333 2229 510 2314 peruenire,
530 2227 617 2308 quod
634 2247 707 2294 cum
723 2227 832 2294 dilecti
851 2229 944 2295 nobis
960 2229 1075 2295 fratres
1092 2231 1167 2294 Isou
1184 2229 1277 2294 Prior
1293 2237 1325 2295 et.
1340 2227 1461 2292 fratres

335 2334 466 2401 Ordinis
477 2335 825 2402 Premonstratensium
844 2336 1092 2402 deMouasterio
1108 2337 1219 2402 Sancti
1237 2336 1407 2402 Michaelis
1426 2337 1460 2402 in

334 2444 444 2510 Insula
461 2443 621 2528 Leporem
637 2442 796 2508 defectum
813 2442 1040 2528 temporalium
1065 2464 1128 2510 non
1145 2442 1307 2508 modicum
1324 2445 1461 2511 sustinc-

334 2557 416 2633 reut,
435 2558 466 2616 et
483 2549 744 2616 conuersacionis
761 2549 904 2635 ipsorum
925 2550 1039 2632 religio
1055 2571 1093 2616 ac
1110 2551 1175 2616 uite
1196 2551 1362 2635 sanctitas,
1391 2551 1462 2632 qui-

335 2661 395 2726 bus
419 2678 454 2724 se
470 2659 540 2723 Deo
557 2663 589 2722 et
604 2657 753 2722 omuibus
772 2657 1046 2724 commendabiles
1066 2658 1232 2737 radebant,
1257 2658 1462 2740 requirerent

335 2786 376 2832 ex
387 2763 558 2849 condigno,
577 2772 611 2830 ut
622 2784 730 2830 eorum
742 2765 852 2850 inopie
863 2764 1036 2832 salubriter
1048 2774 1271 2848 succurratur;
1290 2765 1461 2850 nosigitur

336 2876 376 2940 ob
393 2872 614 2940 reuereueiam
632 2871 762 2939 Ordinis
789 2878 821 2937 et
837 2871 1047 2939 dileccionem
1069 2873 1205 2938 fratrum
1231 2871 1400 2959 dictorum,
1429 2883 1463 2939 et

336 2984 490 3069 precipue
507 3004 564 3069 pro
592 2983 698 3048 salute
715 2982 821 3048 anime
841 2983 892 3067 pie
908 2982 1063 3048 memorie
1079 2982 1253 3047 karissime
1280 2981 1393 3047 matris
1413 3003 1466 3046 no-

336 3100 411 3174 stre,
443 3109 515 3156 cum
533 3090 576 3154 ad
594 3090 788 3170 obsequium
805 3089 974 3154 Altissimo
992 3087 1185 3154 exibendum
1206 3087 1465 3156 necessariorum

338 3199 405 3264 uite
423 3197 568 3264 subsidio
585 3195 776 3281 indigerent,
806 3195 983 3280 predictam
998 3196 1143 3260 Insulam
1160 3198 1319 3280 Leporum
1345 3197 1387 3262 ad
1404 3197 1465 3263 Re·
1553 3189 1556 3197 ⁴

338 3306 427 3388 giam
444 3301 649 3368 Maiestatem
676 3301 901 3387 pertinentem,
918 3303 951 3368 in
967 3307 1043 3386 toto,
1061 3323 1133 3369 cum
1151 3302 1300 3370 omuibus
1321 3303 1466 3368 utilitati-

338 3411 397 3475 bus
414 3417 445 3474 et
472 3409 681 3493 pertinencijs
698 3410 777 3491 stris,
806 3409 836 3473 in
855 3409 1091 3493 suplementum
1117 3408 1283 3494 prebende
1307 3409 1465 3477 dictorum

338 3517 473 3582 fratrum
490 3518 522 3582 in
550 3525 726 3582 memorato
743 3516 938 3582 Mouasterio
956 3515 1064 3581 Sancti
1081 3516 1251 3582 Michaelis
1268 3516 1465 3599 degencium

338 3625 520 3710 legauimus
539 3630 570 3689 et
585 3622 780 3689 tradidimus
800 3663 837 3670 —
857 3661 900 3670 —
918 3630 1072 3707 perpetuo
1089 3622 1338 3709 possidendam,
1366 3644 1464 3706 quam

338 3734 477 3800 insulam
502 3742 533 3799 et
559 3733 716 3798 utilitates
744 3733 812 3797 eius
839 3731 997 3816 sepedicti
1022 3731 1140 3798 fratrea
1160 3730 1291 3798 Ordinis
1315 3731 1464 3798 Premen-

338 3840 508 3908 stratensis
525 3841 566 3905 de
583 3839 695 3924 gracia
722 3839 963 3924 progenitorum
980 3845 1159 3905 nostrorum
1182 3837 1396 3922 possidebant
1422 3839 1465 3903 ab

338 3951 485 4033 antiquo.
514 3948 671 4014 Dedimus
688 3947 791 4013 eciam
808 3945 953 4032 predicte
970 3946 1116 4012 Ecclesia
1136 3945 1168 4010 in
1187 3945 1266 4010 uilla
1282 3943 1464 4011 Paranduk

339 4079 436 4125 unum
464 4055 682 4123 molendinum
709 4055 751 4120 ad
767 4055 902 4138 Regiam
929 4073 1060 4119 manum
1089 4053 1271 4138 pertinens,
1301 4052 1389 4135 quod
1416 4059 1467 4118 cst

337 4167 432 4231 iuxta
457 4163 674 4230 molendinum
702 4162 849 4228 Ecclesia
874 4159 915 4227 de
932 4161 1022 4246 Piljs.
1051 4161 1131 4225 ltem
1151 4159 1299 4225 dedimus
1326 4161 1357 4224 in
1384 4160 1465 4225 uilla

341 4273 468 4338 Pardeu
485 4279 604 4338 terram
622 4271 664 4335 ad
682 4271 744 4336 duo
761 4275 871 4335 aratra
889 4287 961 4334 cum
987 4268 1094 4333 feneto
1111 4265 1153 4330 ad
1171 4264 1392 4349 quadraginta
1409 4266 1466 4332 fal·

338 4390 447 4448 eastra
459 4379 552 4444 metis
564 4377 706 4460 antiquis
724 4382 756 4441 et
771 4376 901 4444 fossatis
913 4373 1153 4458 circumdatam,
1165 4393 1228 4455 que
1240 4381 1327 4439 terra
1339 4391 1359 4436 a
1369 4379 1465 4460 parte

340 4489 489 4558 orientali
514 4486 766 4552 conterminatur
792 4491 875 4548 terre
893 4481 1128 4547 cruciferorum
1148 4481 1188 4547 de
1206 4480 1329 4547 Calidis
1350 4482 1465 4565 Aquis,

340 4605 464 4684 aparte
476 4591 612 4681 (autem)
627 4591 829 4656 meridionali
850 4599 934 4658 terre
945 4588 1181 4656 Cauenieoruru
1193 4586 1340 4653 Ecclesia
1350 4589 1464 4654 Sancti
