3162 5188
549 351 710 455 Q

35 547 133 636 ipsis
153 551 402 620 mercatoribus
416 549 662 640 persoluendas,
679 555 774 636 prout
788 548 822 616 in
839 547 969 635 publico
980 548 1193 621 instrumento
1239 621 1242 629 ,

37 657 212 726 conlecto
239 660 358 728 exinde
372 659 503 748 plenius
528 658 730 744 continetur,
756 657 950 727 mandamus
974 666 1145 744 quatenus,
1163 660 1191 725 si

36 767 229 853 predictus
245 767 521 857 Arcbiepiscopus
537 773 570 834 et
585 785 790 834 successores
810 767 913 853 ipsius
929 767 963 834 in
972 768 1104 836 statutis
1120 767 1190 836 loco

40 881 75 942 et
90 875 261 944 terminis
276 877 369 943 iuxta
384 875 524 964 predicti
542 884 686 943 tenorem
696 874 914 958 instrumenti,
934 875 981 942 ita
998 875 1086 960 quod
1101 876 1193 943 nulla

39 981 115 1049 alia
132 984 301 1070 probatio
318 985 371 1052 vel
387 983 547 1052 certitudo
573 1001 672 1070 snper
687 983 873 1051 huiusmodi
896 981 1005 1051 debito
1030 984 1191 1071 exigatur,

43 1093 303 1160 mercatoribus
320 1095 413 1180 ipsis,
440 1094 557 1179 quibus
574 1092 725 1160 nolumus
751 1081 900 1179 pretextu
916 1094 1057 1161 alicuius
1078 1095 1195 1162 consti·

41 1201 199 1267 tutionis
229 1201 386 1267 canonice
403 1201 455 1266 uel
471 1200 589 1284 civilis,
615 1205 673 1265 aut
691 1197 922 1283 cuiuscumque
948 1199 1116 1287 privilegii
1140 1202 1192 1268 uel

44 1307 280 1394 indulgentie,
298 1308 339 1376 de
356 1308 474 1394 quibus
491 1309 525 1374 in
542 1309 663 1374 nostris
678 1307 797 1374 litteris
812 1308 909 1395 plene
924 1315 956 1375 et
972 1327 1136 1396 expresse,
1153 1328 1194 1375 nc

47 1417 219 1486 deverbo
231 1415 275 1483 ad
286 1419 421 1485 uerbum
432 1415 660 1504 oporteatfieri
671 1417 877 1501 mentionem,
894 1417 1090 1499 incumbere,
1107 1417 1196 1502 quod

46 1527 90 1594 de
107 1526 274 1612 predicta
290 1528 431 1612 pecunia
446 1527 480 1594 iu
497 1527 673 1592 utilitatem
689 1525 794 1613 ipsius
805 1525 953 1592 Ecclesie
968 1526 1012 1592 sit
1024 1545 1194 1614 conuersa,

50 1636 93 1702 dc
109 1637 266 1720 pecunia
278 1643 345 1703 'non
372 1633 591 1701 satisfecerint
607 1640 799 1717 memorata,
825 1639 861 1699 ut
880 1640 1000 1699 extunc
1022 1634 1056 1699 in
1074 1632 1195 1701 dictum

53 1742 363 1830 Archiepiscopum
375 1744 427 1810 uel
437 1757 658 1810 successorem
670 1761 773 1826 suurn,
793 1741 848 1825 qui
865 1762 924 1827 pro
933 1747 1079 1826 tempore
1088 1741 1196 1829 luerit,

52 1853 265 1919 auctoritate
280 1857 402 1934 nostra,
430 1851 607 1919 monitione
623 1853 785 1937 premissa
807 1850 936 1917 sublato
960 1850 1193 1937 appellationis

52 1960 249 2042 obstaculo,
265 1979 329 2026 non
347 1960 480 2026 differas
497 1959 715 2045 promulgare,
733 1978 771 2024 ac
787 1958 877 2044 ipsos
897 1959 1193 2029 excommunicatos

52 2068 172 2136 tandiu
196 2067 342 2156 :publice
353 2071 491 2151 nunties,
504 2073 536 2135 et
544 2067 650 2135 facias
660 2087 719 2154 per
728 2068 812 2134 alios
822 2067 855 2132 in
866 2066 956 2151 locis,
974 2066 1029 2135 ubi
1040 2067 1195 2155 expedire

52 2175 195 2258 rideris,
216 2177 362 2243 nuntiari
378 2174 494 2241 dicbus
510 2173 683 2242 dominicis
700 2178 733 2242 et
748 2173 886 2260 festivis,
906 2174 1047 2262 pulsatis
1063 2195 1193 2264 campa-

53 2284 105 2351 nis
122 2293 157 2350 et
175 2284 328 2352 candelis
344 2284 501 2370 accensis,
526 2282 630 2350 donec
646 2281 783 2370 prelatis
800 2285 1036 2352 mercatoribus
1061 2284 1104 2352 dc
1118 2306 1190 2372 pre-

58 2391 148 2458 dicta
163 2393 313 2480 pecunia
335 2411 408 2458 cum
424 2391 520 2458 iustis
536 2397 569 2458 ct
584 2388 762 2457 moderatis
786 2393 950 2477 expensis,
968 2393 1137 2478 interesse,
1155 2415 1194 2460 ac

57 2497 174 2567 debita
190 2501 434 2568 restauratione
450 2498 675 2585 dampnorum,
693 2519 791 2585 super
801 2501 919 2583 quibus
935 2501 1076 2588 simplici
1092 2501 1193 2568 verbo

59 2608 211 2693 ipsorum
237 2613 452 2678 mercatorum
468 2608 521 2674 uel
547 2609 693 2675 cuiusuis
710 2627 820 2675 corum
836 2610 908 2677 siue
933 2615 1136 2677 sacramento
1161 2617 1194 2676 et

59 2715 173 2800 aliqua
184 2715 257 2782 alia
266 2715 462 2801 probatione
478 2713 557 2781 dicti
567 2713 843 2804 Arcbiepiscopus
854 2724 886 2784 et
903 2734 1108 2784 successores
1127 2716 1192 2784 cr'c·

61 2823 138 2891 dere
152 2830 340 2909 teneantur,
358 2825 468 2892 usuris
480 2817 616 2894 ¹omnino
633 2827 847 2913 cessantibus,
863 2827 961 2893 luerit
976 2825 1190 2894 satisfactum.

62 2933 96 2999 Si
111 2955 194 3001 uero
211 2933 300 3001 idem
315 2933 592 3019 Archiepiscopus
608 2935 642 3000 iu
660 2934 844 3002 huiusmodi
861 2937 1194 3003 excommunicatione

63 3061 119 3126 per
133 3042 220 3110 duos
246 3060 375 3109 menses
391 3042 527 3126 steterit,
552 3042 595 3108 ab
612 3039 895 3111 administratione
919 3043 1139 3129 spiritualium
1159 3053 1191 3113 et

64 3151 292 3238 temporalium
317 3147 502 3236 suspendas
518 3149 668 3238 eundem,
694 3151 818 3237 pretixo
833 3151 864 3216 ei
880 3149 1112 3221 nichilominus
1137 3172 1190 3237 pc-

65 3251 241 3346 romptorio
251 3260 391 3326 termino
408 3259 616 3345 competenti,
633 3278 696 3344 quo
712 3260 929 3344 personaliter
940 3265 1051 3329 nostro
1069 3280 1104 3328 se
1115 3280 1191 3328 cou-

67 3369 191 3452 spcctui
208 3373 408 3452 representet
426 3386 483 3453 pro
500 3369 626 3433 meritis
642 3373 840 3454 recepturus.
863 3369 938 3434 Non
954 3366 1103 3435 obstante
1118 3387 1191 3435 con·

10 3485 12 3490 '
66 3476 234 3558 stitutione
259 3476 417 3564 predicta,
445 3475 498 3541 uel
520 3476 550 3542 si
576 3473 681 3543 dictus
698 3474 972 3562 Archiepiscopus
998 3496 1039 3543 ex
1065 3475 1192 3544 indulto

70 3583 254 3667 Apostolioo
272 3585 405 3668 habeat,
429 3582 483 3649 vel
499 3583 565 3650 sibi
580 3588 637 3650 aut
662 3587 732 3651 eius
753 3584 995 3653 successoribus
1020 3585 1193 3670 contigerit

69 3689 241 3775 indulgeri,
266 3690 355 3777 quod
380 3690 665 3777 excommunicari,
694 3690 849 3777 suspendi
875 3690 928 3758 rel
952 3691 1102 3759 interdici
1127 3713 1192 3760 uon

71 3798 203 3883 possint,
230 3819 289 3866 seu
305 3805 400 3865 extra
416 3818 510 3865 suam
534 3799 737 3884 prouinciam
753 3797 796 3865 ad
812 3798 969 3866 iudicium
990 3800 1119 3866 cuccari
1134 3820 1193 3887 per

70 3905 190 3976 litteras
206 3909 427 3994 Apostolicas,
443 3908 612 3992 inquibus
629 3907 670 3974 dc
684 3905 810 3976 indulto
830 3908 1014 3975 huiusmodi
1035 3927 1192 3994 expressa

73 4011 110 4078 de
123 4015 221 4084 verbo
248 4015 291 4082 ad
308 4016 442 4082 verbum
459 4017 579 4083 mentio
605 4037 669 4083 nou
686 4015 832 4100 babetur,
859 4035 916 4082 reu
933 4015 1080 4100 qualibet
1103 4013 1192 4082 dicte

74 4119 161 4189 Sedis
176 4123 382 4210 indulgentia
396 4125 580 4210 impetrata,
598 4125 652 4191 vel
668 4125 765 4190 etiam
782 4123 999 4212 impetranda,
1015 4143 1075 4211 per
1091 4143 1188 4209 quam

73 4223 128 4294 hoc
152 4231 305 4318 impediri
329 4231 442 4299 valcat
466 4232 519 4300 vel
534 4230 668 4300 differri.
695 4233 816 4300 Datum
842 4231 996 4300 Laterani
1011 4233 1070 4299 111.
1087 4252 1191 4300 nonas

76 4334 183 4425 Martii,
197 4339 409 4410 Pontificatus
425 4340 528 4409 nostri
543 4359 630 4406 anno
647 4338 827 4409 undecimo.

118 4534 250 4604 (Theium,
264 4541 367 4594 Vetera
380 4542 558 4594 Moruumenta
572 4537 715 4590 slavorum
727 4537 936 4590 Meridioualum
948 4539 970 4589 1.
984 4539 1041 4592 lx'dt.
1054 4535 1098 4590 81.
1112 4537 1143 4605 l.)
