3168 5186
637 875 714 944 320.

209 1031 323 1120 Splato
340 1036 432 1100 odron
447 1037 722 1122 idroenyszc'ienelc
737 1039 820 1104 dirui
834 1040 940 1104 dileto.
958 1043 1055 1106 1256.

208 1216 303 1282 Auno
328 1213 498 1282 Dominice
530 1209 769 1285 iucarnationis
809 1199 982 1286 millesimo
1015 1201 1236 1290 ducentesimo

97 1321 371 1407 quinquagesimo
396 1332 498 1409 serto,
525 1321 708 1393 Indictione
734 1333 851 1410 quarte
875 1327 1015 1412 decime,
1042 1327 1096 1396 die
1121 1337 1236 1399 octavo

99 1438 243 1500 exeunte
252 1431 386 1519 liureio,
401 1437 560 1516 regnante
570 1429 699 1498 domino
710 1441 820 1502 nostro
832 1433 915 1501 Bclu
924 1434 1137 1507 Serenissimo
1148 1440 1238 1524 Rege

97 1540 266 1627 Ungurie3
282 1542 481 1629 temporibus
498 1539 621 1608 domini
638 1542 770 1626 Rogerii
780 1543 979 1612 venerabilis
987 1546 1235 1633 Arebiepiscopi

97 1649 319 1736 Spulutensis,
336 1647 494 1736 Stephani
506 1649 647 1716 illustris
660 1651 745 1717 Baui
762 1651 947 1736 Solanonie,
963 1652 1099 1720 domitis
1114 1655 1236 1740 Duymi

97 1756 232 1842 Kasuri,
247 1757 353 1824 Micbe
368 1755 483 1844 Madd,
498 1755 609 1826 Picole
625 1757 712 1826 Dese
729 1757 879 1828 Judieum
892 1785 899 1846 3
916 1781 1024 1827 corum
1037 1760 1130 1829 uobis
1142 1758 1235 1828 Judi-

98 1867 193 1934 cibus
210 1865 462 1952 spalatensibus
492 1866 690 1954 supradictis
706 1869 876 1952 questione
893 1870 1028 1940 suborta
1044 1869 1128 1940 inter
1144 1869 1234 1938 Judi-

98 1995 173 2042 cem
189 1975 354 2062 Duymum
370 1973 491 2042 Kusuri
517 1980 550 2040 et
574 1974 806 2062 Lampredinm
832 1977 1000 2060 Sagarelle
1027 1977 1070 2068 de
1091 1975 1235 2044 sedecim

98 2082 291 2169 pecudibus,
308 2081 484 2167 dequibus
501 2081 587 2153 idem
603 2085 753 2170 Duymus
779 2085 985 2152 fideiusserat
1011 2086 1116 2151 eidem
1142 2086 1236 2152 Lum·

98 2191 218 2279 predio
235 2191 403 2274 Segnrelle
419 2189 461 2257 dc
477 2191 575 2258 rebus
591 2191 768 2259 mobilibus
784 2201 840 2261 unt
850 2191 892 2258 de
901 2191 1121 2260 immobilibus
1134 2193 1237 2280 ipsius

99 2297 290 2386 Lampredii
305 2297 449 2383 Bestius,
463 2319 536 2365 cum
551 2297 671 2367 boeuro
689 2299 785 2367 Cnrie
800 2319 904 2384 usque
920 2299 962 2365 ad
974 2320 1131 2368 summam
1145 2301 1236 2368 ualo-

100 2409 148 2472 ris
165 2407 310 2490 ipserum
327 2405 495 2492 pecudum.
513 2407 555 2472 ut
572 2427 644 2474 cum
661 2427 719 2492 per
743 2408 850 2495 ipsum
875 2409 1106 2494 Lampredinm
1133 2409 1234 2493 Saga-

99 2516 183 2583 relle
208 2515 475 2602 responderetur,
501 2514 586 2603 quod
611 2517 683 2603 ipse
709 2516 841 2585 volebat
874 2521 1019 2602 recipere
1054 2518 1235 2604 predictum

99 2623 298 2692 solutionem
325 2622 526 2692 solummodo
553 2625 585 2690 in
610 2624 790 2710 pecudibus
817 2634 849 2692 et
875 2626 997 2691 nonin
1024 2624 1102 2692 aliis
1119 2625 1234 2710 rebus;

99 2754 160 2802 nos
177 2734 300 2801 auditis
318 2731 392 2799 binc
409 2733 485 2800 inde
500 2733 685 2820 propositis,
701 2741 733 2801 et
751 2753 849 2818 super
865 2732 1033 2821 premissis
1059 2754 1131 2799 cnm
1149 2733 1230 2799 Con·

102 2843 241 2912 siliuriis
255 2843 368 2912 babitu
385 2843 521 2912 oonsilio
537 2842 686 2928 diligenti
713 2842 864 2912 duximus
888 2843 1114 2913 iudicandum:
1144 2843 1237 2922 Quod

102 2953 177 3039 ipse
193 2951 408 3038 Lampredius
419 2952 589 3038 Sugurelle
599 2953 757 3039 reciperet
768 2955 959 3020 solutionem
972 2953 1014 3018 ab
1025 2953 1096 3039 ipso
1107 2953 1236 3037 Duymo

104 3064 147 3130 de
163 3063 260 3129 rebus
276 3063 326 3129 sui
349 3061 507 3129 debitoris
533 3061 711 3129 secundnm
739 3061 858 3128 iustum
885 3059 1130 3131 extimationem
1154 3059 1239 3145 ipsu-

102 3189 175 3237 rum
186 3169 359 3256 pecudum.
384 3172 412 3235 Α
430 3190 496 3254 qun
510 3170 674 3237 sententia
689 3166 798 3236 dictus
815 3167 1028 3254 anpredius
1047 3165 1239 3256 appellauit,

104 3277 167 3346 sed
183 3277 359 3343 secundnm
376 3282 533 3344 statutum
551 3275 702 3343 Ciuitatis
719 3273 847 3361 Spalatj
873 3273 1130 3362 appellationem
1147 3293 1238 3342 suem

104 3385 223 3470 exequi
249 3382 334 3450 infra
358 3385 531 3451 terminum
557 3383 679 3450 editum
705 3403 769 3450 non
802 3382 947 3470 curauit5
983 3382 1068 3449 unde
1102 3380 1239 3450 eundem

104 3493 254 3562 Jndicem
271 3493 434 3580 Duymum
451 3493 625 3560 Kasarium
642 3493 791 3559 duximus
808 3491 1044 3559 absoluendum
1054 3487 1095 3557 de
1112 3489 1239 3574 tidejus·

104 3605 199 3672 sione
221 3605 367 3688 ipsarum
392 3600 554 3689 pecudum
580 3603 623 3668 ab
648 3599 850 3685 impetitione
875 3599 1021 3668 eiusdem
1051 3597 1240 3686 Lampredii

105 3711 294 3798 Sugarelle3
310 3717 343 3780 et
357 3709 444 3777 idem
462 3708 676 3796 Lampredius
693 3729 729 3775 se
744 3717 855 3775 tencre
871 3709 913 3774 ad
939 3725 1033 3774 snum
1058 3705 1241 3773 debitorem

106 3821 236 3888 debeat.
253 3821 370 3886 Actum
387 3820 424 3884 in·
437 3817 577 3886 ecclesie
593 3817 705 3884 Sancti
722 3818 902 3892 Laurentii.
920 3817 1037 3886 Testes
1064 3813 1240 3898 Gregorius

105 3929 227 4014 tirube,
242 3927 359 3994 Petrus
375 3924 569 4010 Cerneecbe‚
601 3923 700 3991 Come
717 3925 805 3991 Petri
821 3921 987 4008 Kemurcij
1004 3926 1037 3985 et
1052 3919 1123 3986 ulii.

173 4038 245 4122 Ego
258 4034 435 4103 Geruasius
446 4032 611 4101 Grubesce
621 4032 831 4099 Examinator
841 4034 993 4117 precepto
1006 4028 1103 4095 Ourie
1123 4029 1240 4116 serpsi.

174 4145 245 4229 Ego
260 4144 395 4213 Amicus
411 4141 608 4230 Capelianus
624 4137 812 4208 Communis
827 4136 1010 4223 Splutensis
1020 4133 1156 4202 duratus
1176 4137 1241 4202 No.

106 4259 272 4333 teriushis
282 4253 417 4325 interfui
428 4252 512 4319 etde
522 4249 677 4318 mandute
687 4247 839 4317 Judicum
849 4248 981 4329 rogatus
992 4244 1112 4332 scripsi
1124 4250 1156 4310 et
1167 4263 1242 4311 con-

105 4376 191 4444 sulto
208 4371 305 4455 signo
322 4363 486 4433 roborani.

217 4480 354 4568 illerum
371 4467 548 4561 peosetnek
564 4465 686 4554 helye.)

215 4636 401 4710 (Hitelesitett
414 4634 550 4689 misolutu
562 4650 579 4685 u
592 4631 667 4686 bdesi
681 4623 798 4680 esieziri
810 4627 895 4678 titirus
909 4621 1102 4694 leubildi-bun.)

1019 4782 1082 4852 29*
