3210 5194
883 371 1040 478 *rs—

396 569 622 659 permissione,
642 589 701 638 suo
717 569 780 636 iuri
795 569 1075 658 appropriassent.
1101 571 1152 638 Ex
1167 570 1306 644 aduerso
1323 591 1398 645 vero
1414 574 1532 642 Pousa

396 688 428 749 et
444 679 655 765 Laureueius,
679 678 849 766 suipsius
873 679 1091 767 permissione
1116 680 1320 769 aliorumque
1344 682 1530 751 uioinornm

397 790 519 858 dietam
534 793 653 856 terram
669 787 859 875 possedisse
873 792 1076 858 asserebant.
1102 790 1165 860 Die
1180 790 1280 877 igitur
1295 791 1426 860 anobis
1444 792 1529 859 assi-

396 904 507 985 gnato,
532 895 610 965 dum
632 903 745 983 partes
761 917 801 964 ex
829 896 949 966 iudicio
965 905 1075 968 nostro
1099 919 1194 968 suam
1216 899 1355 970 testibus
1381 921 1530 987 eompro·

396 1008 531 1076 bassent
553 1006 680 1075 idoneis
706 1003 934 1088 assessionem,
960 1007 1063 1073 Ponet
1080 1005 1198 1075 eomes
1214 1005 1300 1074 diets
1314 1014 1403 1075 terro
1427 1008 1527 1075 amis·

395 1115 519 1185 sionem
534 1134 593 1203 per
608 1118 848 1180 sacramentum
863 1132 922 1180 sex
941 1113 1107 1180 hominum
1121 1115 1225 1183 voluit
1241 1114 1413 1200 sustineto,
1428 1115 1530 1182 Pauli

396 1223 549 1291 videlieet
563 1222 622 1308 filij
647 1220 752 1306 Pons,
776 1220 942 1305 Damiani,
968 1227 1001 1288 et
1025 1221 1145 1307 Borieij
1170 1221 1306 1291 fratrum
1331 1221 1526 1310 eorundem,

396 1333 491 1400 Pauli
501 1331 559 1418 filij
571 1333 670 1418 Zepe,
681 1330 770 1397 Petri
786 1329 842 1415 filij
857 1329 1010 1417 Dionisij,
1027 1331 1208 1400 etAbbatis
1224 1332 1381 1401 deBnud.
1398 1335 1527 1399 llteum

395 1442 466 1510 dies
482 1439 678 1510 santonensi
694 1437 893 1528 aduenisset,
913 1440 992 1508 talis
1017 1439 1102 1508 inter
1118 1461 1175 1510 eos
1190 1441 1279 1510 laeta
1299 1447 1350 1509 est
1364 1439 1524 1528 eomposi-

396 1551 457 1636 eio,
483 1551 568 1618 sieut
589 1548 623 1615 in
649 1546 769 1616 litteris
787 1546 972 1615 Oouuentus
989 1548 1107 1616 Sauote
1133 1550 1264 1636 Dextro,
1292 1549 1348 1616 vbi
1374 1553 1528 1637 prestare

397 1660 578 1727 debuerunt
593 1662 842 1741 sacramentnm,
867 1656 1057 1744 reeepimus,
1076 1663 1108 1724 ot
1123 1657 1207 1726 siout
1221 1657 1316 1725 nobis
1331 1678 1393 1746 per
1411 1663 1527 1744 partes

397 1773 447 1836 ost
463 1767 602 1834 relatum
618 1787 626 1830 :
651 1762 738 1849 quod
753 1771 876 1832 terram
899 1765 1036 1832 duorum
1052 1773 1235 1835 aratrorum
1260 1766 1302 1834 ds
1317 1772 1404 1832 terra
1418 1765 1526 1831 Chen-

397 1894 478 1961 guer
492 1875 596 1942 Ponet
610 1871 729 1940 domiti
743 1872 882 1957 pauidos
898 1880 931 1939 et
947 1871 1054 1958 quieto
1069 1873 1139 1940 inre
1154 1883 1312 1961 perpetuo
1323 1873 1527 1960 reliquerunt

396 1981 640 2071 possidendam,
666 1978 725 2045 tali
750 1985 859 2046 tarum
885 1977 1001 2067 modo,
1028 1981 1115 2066 quod
1130 1981 1233 2049 Ponet
1257 1984 1364 2049 Pouse
1389 1987 1423 2047 et
1437 1982 1525 2047 Lau-

396 2090 504 2159 reneio
530 2085 776 2176 quatuordeeim
803 2106 930 2156 mareas
946 2087 1025 2155 dare
1049 2094 1209 2158 teneatur.
1225 2089 1327 2174 Igitur
1343 2087 1427 2156 inter
1443 2093 1525 2154 tem·

395 2218 457 2287 pus
474 2195 651 2266 soluoiouis
665 2193 812 2281 pecunie,
838 2194 917 2263 dieti
932 2197 1041 2264 Pensa
1060 2204 1092 2264 et
1108 2198 1308 2266 Laurenoius
1333 2205 1446 2267 eonna
1460 2195 1524 2261 Re

394 2309 474 2374 kam
489 2312 522 2372 ot
535 2302 676 2387 Bolosey
692 2302 727 2368 iu
742 2302 893 2370 examine
907 2301 1010 2371 duelli
1032 2324 1092 2391 pro
1109 2303 1186 2373 furti
1204 2305 1338 2373 erimine
1354 2310 1430 2371 sunt
1445 2321 1524 2368 eon-

397 2413 485 2498 nieti,
511 2412 568 2497 qui
587 2413 696 2478 Pousa
720 2409 897 2495 suspendio
924 2411 1192 2498 condempnatus,
1217 2413 1416 2481 Laurenoius
1441 2425 1525 2476 vero

395 2522 526 2608 fugiens
542 2507 713 2587 eeclesiam
727 2517 882 2604 iutroiuit,
899 2525 932 2586 et
948 2519 995 2586 sio
1010 2521 1181 2605 sanguinis
1191 2522 1298 2588 euasit
1317 2521 1524 2601 effusionem,

395 2637 528 2718 totaque
554 2646 665 2694 eorum
681 2625 848 2715 possessio
873 2633 940 2695 tarn
956 2629 999 2695 ad
1016 2650 1132 2697 manns
1155 2631 1260 2718 partis
1275 2630 1424 2714 aduerso,
1449 2633 1524 2694 tam

394 2739 439 2806 ad
462 2744 592 2805 nostras
617 2732 679 2801 fuit
702 2733 875 2822 deuolute,
901 2735 1050 2804 similiter
1073 2743 1107 2805 et
1121 2737 1224 2806 Pouet
1243 2737 1360 2807 Comes
1382 2736 1524 2804 terciam

395 2851 520 2934 partem
547 2841 790 2928 quatuordeeim
807 2863 998 2930 marearum,
1024 2845 1141 2929 quibus
1160 2847 1268 2914 Posse
1290 2854 1323 2914 et
1338 2843 1523 2914 Laureneio

393 2953 574 3036 tenebatur,
601 2950 687 3038 parti
714 2950 813 3019 soluit
829 2951 976 3038 aduerso,
1003 2952 1086 3020 duas
1105 2974 1181 3021 vero
1206 2961 1316 3042 partes
1342 2952 1525 3022 earundem

394 3081 576 3130 marearum
586 3059 680 3126 nobis
697 3066 862 3145 tamquam
873 3061 978 3145 judiei
990 3061 1158 3148 persoluit.
1176 3062 1249 3142 Qua
1263 3063 1304 3131 de
1313 3083 1414 3130 eausa
1429 3081 1524 3148 sepe·

393 3173 515 3240 dietam
529 3175 651 3236 terram
667 3167 803 3235 duorum
815 3177 994 3236 aratrorum
1004 3169 1045 3237 de
1054 3179 1143 3239 terra
1152 3171 1335 3258 Chengner,
1355 3173 1433 3238 lieet
1446 3171 1524 3257 ipsa

394 3289 483 3349 terra
498 3277 595 3346 matri
609 3276 715 3344 Pouse
731 3283 764 3343 et
779 3278 952 3363 Laureneij
969 3298 1027 3364 pro
1044 3299 1106 3346 sua
1121 3278 1197 3348 dote
1214 3279 1293 3347 duta
1307 3278 1424 3365 luerat,
1441 3277 1525 3364 quia

394 3399 560 3473 nmquam
575 3385 735 3451 detentrix
753 3384 871 3471 forum,
896 3385 1033 3453 liliorum
1051 3387 1176 3454 seilioet
1192 3407 1332 3472 suorum,
1352 3386 1419 3472 qni,
1436 3386 1525 3453 sient

394 3497 607 3584 prediximus,
626 3493 659 3559 in
676 3490 752 3559 furti
769 3493 902 3560 erimine
917 3492 1043 3562 fuerunt
1059 3496 1209 3579 eonuioti,
1226 3494 1431 3582 deprehensa
1448 3493 1523 3579 suit,

394 3603 646 3693 perdabrielem
655 3601 856 3690 prestaldum
864 3601 948 3692 (lgy)
960 3605 1001 3671 de
1011 3604 1093 3672 uilla
1101 3605 1172 3672 Toh
1181 3603 1285 3672 eidem
1293 3604 1523 3674 PouetOomiti

393 3715 463 3781 iure
478 3715 634 3799 perpetuo
651 3717 683 3776 et
698 3709 962 3779 iureuooabiliter
977 3711 1111 3780 lecimus
1121 3712 1296 3800 assignari.
1313 3715 1355 3780 Et
1371 3712 1523 3780 nehuius

396 3823 444 3890 rei
459 3817 561 3887 series
577 3816 611 3883 in
627 3817 750 3883 irritum
766 3838 824 3904 per
839 3817 982 3903 aliquem
998 3820 1102 3906 possit
1118 3820 1275 3906 renouari,
1302 3818 1346 3888 ad
1362 3825 1523 3908 perpetue

394 3929 492 3996 robur
507 3923 698 3992 stabilitatis
713 3933 882 4009 presentes
892 3925 1005 3992 literas
1021 3927 1239 3996 eoncessimns
1263 3927 1379 4014 sig(illi
1399 3925 1522 4016 nostri)

392 4033 574 4123 patrocinio
590 4033 770 4100 roboratos.
790 4033 911 4100 Datum
927 4055 1013 4101 auno
1024 4035 1155 4102 Domini
1170 4037 1214 4102 Μο
1225 4035 1290 4102 00⁰
1300 4037 1410 4104 XXX⁰
1420 4056 1521 4108 nono.

393 4214 531 4283 (Erodstio
540 4210 715 4280 bdrhdrtydn,
729 4212 853 4279 melynek
866 4214 951 4280 ldggd
964 4215 1083 4281 peosdtje
1094 4216 1231 4282 alvsszstt,
1245 4217 1325 4284 eldbp
1336 4232 1353 4268 a
1366 4232 1407 4283 gr.
1419 4217 1522 4282 Gynlai

335 4321 337 4324 ·
392 4303 485 4357 esdad
497 4299 692 4366 levlltdrdban,
705 4309 776 4354 most
789 4317 820 4354 aa
834 4301 937 4369 erddlyi
949 4305 1074 4356 Mussum
1087 4302 1318 4358 hestratttrtban.
1337 4305 1417 4358 deli
1429 4305 1523 4358 Snabd

392 4393 502 4461 Karoly.
521 4392 617 4447 Kolldr
628 4391 761 4446 mdsolata
773 4391 838 4444 utdn
851 4390 956 4445 sadmos
974 4393 1185 4448 ertolemsarard
1198 4392 1310 4447 htbtvul
1329 4396 1425 4447 lriudta
1438 4394 1524 4462 Fejer

597 4483 663 4535 cod.
676 4483 794 4550 Diplom.
807 4483 900 4550 Hung.
913 4483 960 4537 1v.
973 4485 998 4535 d.
1012 4485 1033 4534 1.
1047 4486 1103 4537 lrdt
1125 4486 1275 4538 lto-1⁷2.
1288 4485 1319 4550 l.)

824 4690 1085 4702 *ma—nn—
