3226 5194
858 346 1017 448 mr.

373 562 432 629 pro
458 541 579 610 salario
605 539 699 609 nohis
725 559 881 610 concesso
905 541 1009 609 libras
1030 541 1116 609 DCC
1131 543 1274 610 Venetas
1301 559 1447 629 parvas,
1473 547 1507 609 et

372 649 474 716 libras
491 649 543 716 CC
560 649 678 717 habere
703 649 821 716 debeat
841 650 881 716 N.
898 649 937 716 V.
955 650 1148 718 Laurentius
1164 648 1312 736 'leupnlo
1333 647 1442 717 donec
1457 649 1506 714 vi·

373 759 466 843 xerit,
484 766 515 826 et
532 780 569 827 co
586 756 762 826 decedente
778 756 887 824 dictae
903 756 1008 824 librae
1025 756 1078 822 CC
1094 759 1128 823 iu
1148 756 1323 824 Commune
1339 756 1503 823 Venetam

372 865 511 932 debcant
536 865 638 932 libere
655 864 815 931 devenire.
843 865 1017 932 Praeterea
1033 864 1301 950 quandocumque
1328 885 1388 952 pro
1405 862 1502 932 Com·

373 973 460 1039 muni
487 971 610 1038 Veneto
632 970 840 1036 annabuntur
857 971 974 1053 galeae
998 970 1092 1036 vela
1117 969 1254 1053 triginta
1269 970 1435 1057 superius,
1450 989 1502 1036 ar·

372 1081 455 1146 mari
477 1077 596 1144 debeat
621 1098 685 1143 una
705 1077 803 1162 galea
818 1076 1036 1164 perhomiues
1053 1077 1155 1164 ipsius
1177 1076 1368 1161 Comitatus,
1389 1097 1503 1145 eorum

372 1187 543 1274 expensis;
571 1186 647 1254 etsi
663 1184 851 1272 magnitudo
869 1186 984 1254 Veneti
1010 1184 1170 1252 exereitus
1196 1185 1257 1251 ibit
1271 1205 1331 1273 per
1350 1185 1502 1272 partitio

371 1315 456 1380 nem,
474 1294 561 1381 qnod
578 1314 659 1362 unus
676 1315 717 1362 ex
733 1292 913 1361 comitibus
930 1293 1084 1362 dedomo
1101 1293 1225 1379 Veglae
1240 1293 1301 1359 ibit
1319 1295 1500 1380 personali·

371 1412 420 1470 ter
437 1402 471 1468 in
488 1401 574 1471 dicto
591 1403 753 1486 exercitu;
780 1409 812 1469 ct
828 1401 935 1488 stabit,
953 1401 1057 1470 donee
1074 1402 1131 1468 alii
1148 1400 1283 1469 Nobiles
1299 1401 1341 1468 de
1357 1401 1501 1470 Venetia

372 1511 593 1593 morabuntur,
619 1529 731 1578 surum
757 1508 916 1577 Comitum
941 1510 1125 1596 sumptibus
1151 1515 1183 1576 et
1208 1509 1372 1596 expensis.
1405 1509 1500 1594 Item,

371 1618 460 1702 quod
474 1616 559 1684 infra
576 1617 688 1684 decem
705 1636 808 1684 annos
824 1615 972 1703 proxime
991 1623 1145 1684 venturos
1161 1614 1302 1686 debeant
1318 1623 1350 1684 et
1365 1625 1501 1685 tenean-

370 1731 423 1792 tur
438 1724 517 1794 dicti
529 1724 680 1810 Comites,
696 1731 763 1791 tam
780 1722 898 1793 Comes
914 1722 1093 1813 Schinella,
1109 1733 1142 1792 et
1157 1724 1227 1808 filii,
1245 1730 1278 1790 ct
1292 1743 1407 1792 corum
1421 1723 1499 1791 hae

369 1831 485 1917 redes3
513 1851 610 1916 quam
626 1831 786 1918 praedicti
812 1831 1008 1916 thidericus,
1036 1831 1303 1900 Bartholomaeus
1330 1838 1362 1898 et
1378 1831 1500 1915 Cnido,

370 1948 403 2009 et
418 1960 528 2009 eorum
539 1939 706 2026 haeredes,
727 1959 847 2028 ponere
863 1939 896 2006 in
907 1939 1053 2007 venetiis
1070 1939 1103 2007 in
1119 1940 1385 2026 possessionibus
1401 1939 1500 2008 libra·

369 2067 438 2116 rum
455 2045 568 2118 decem
593 2047 698 2114 millia
713 2047 910 2115 Venetorum
926 2067 1110 2136 parvarum,
1135 2045 1286 2135 ponendo
1302 2045 1460 2115 videlicet
1478 2067 1500 2112 a

373 2159 511 2240 quatuor
520 2153 614 2222 annis
623 2154 781 2241 proximis
790 2155 824 2222 in
835 2161 931 2224 antea
940 2156 1084 2240 quolibet
1095 2175 1180 2225 anno
1194 2161 1330 2240 tautum,
1341 2161 1500 2240 quantum

372 2260 492 2329 suffieit
507 2261 605 2348 pretii
614 2283 672 2349 pro
683 2268 757 2328 rata
772 2262 805 2329 in
816 2261 963 2351 deposito
974 2285 1032 2350 pro
1043 2263 1125 2350 ipsis
1135 2261 1400 2350 possessionibus
1410 2281 1499 2329 oom-

370 2369 535 2456 parandis,
554 2370 726 2456 dequibus
744 2369 950 2439 medietatem
970 2371 1128 2458 praedicti
1147 2371 1344 2458 Fridericus,
1361 2370 1498 2437 Bartho-

371 2479 517 2546 lomaeus
528 2486 560 2545 et
572 2478 688 2564 (luido,
710 2488 862 2548 eteorum
877 2479 1047 2564 haeredes,
1066 2479 1166 2546 aliam
1177 2478 1384 2547 medietatem
1402 2497 1498 2564 prae·

370 2581 475 2653 dictus
492 2585 663 2673 Schinella,
682 2593 714 2653 et
727 2586 796 2672 filii,
814 2594 845 2654 et
861 2585 1138 2657 eorumhaercdes
1154 2607 1275 2674 ponere
1286 2587 1439 2655 debeant.
1457 2585 1500 2652 Et

370 2693 399 2761 si
414 2693 580 2778 acciderit,
605 2693 691 2779 quod
708 2693 886 2763 Comitatus
912 2696 984 2783 ipse
1007 2697 1041 2761 iu
1057 2694 1150 2763 uobis
1175 2702 1342 2762 remaneat
1366 2715 1426 2782 per
1441 2692 1497 2760 ‹le-

369 2800 488 2868 fectum
506 2801 767 2887 masculinorum,
785 2805 841 2888 qui
859 2822 921 2869 uon
939 2810 1048 2870 essent
1061 2803 1096 2869 iu
1111 2800 1208 2870 domo
1225 2803 1369 2888 Veglae;
1388 2801 1498 2867 dictae

370 2909 594 2995 possessiones
610 2909 690 2996 ipsis
705 2917 897 2978 remaneant
912 2909 1038 2978 liberae
1057 2915 1090 2975 et
1106 2927 1215 2977 eorum
1228 2907 1436 2994 haeredibus,
1452 2905 1498 2974 ad

369 3014 553 3084 laciendum
570 3035 610 3082 ex
627 3016 674 3083 eis
686 3021 744 3101 prb
761 3016 871 3083 anima
887 3023 919 3082 et
935 3036 1079 3103 corpore,
1098 3014 1255 3102 quidquid
1267 3015 1430 3083 voluerint
1445 3035 1498 3083 or·

372 3121 495 3190 dinarc.
515 3125 595 3190 Item
612 3124 879 3212 quandocumque
895 3125 989 3191 nobis
1002 3132 1034 3192 et
1050 3123 1168 3192 nostris
1187 3123 1444 3206 successoribus,
1464 3129 1499 3190 et

371 3231 540 3299 Communi
556 3233 680 3300 Veneto
696 3253 831 3302 neeesse
847 3232 945 3300 fuerit
960 3232 1080 3300 habere
1099 3239 1229 3318 gentem
1246 3252 1303 3319 pro
1323 3231 1498 3299 Communi

371 3339 590 3425 venetiarum,
610 3340 868 3409 tencanturdioti
886 3341 1040 3425 Comites,
1058 3341 1135 3408 dum
1151 3339 1300 3424 vixerint,
1323 3338 1403 3406 dare
1419 3357 1497 3426 ope·

369 3465 449 3531 ram,
461 3447 592 3532 quodin
608 3447 858 3534 insulaVeglae,
876 3454 909 3516 et
920 3448 1092 3533 Comitatu,
1107 3467 1146 3514 ac
1164 3447 1240 3514 aliis
1251 3446 1345 3514 terris
1362 3445 1495 3514 eircum-

368 3555 541 3639 stautibus,
557 3556 765 3626 inveniantur
780 3559 823 3625 ad
840 3557 966 3628 soldum
978 3555 1164 3625 Communis
1175 3556 1290 3622 Veneti
1300 3575 1404 3641 usque
1420 3542 1496 3622 c'cn·

367 3669 435 3731 tum
444 3664 497 3732 vel
507 3663 681 3734 ducentum
690 3667 837 3735 homines
848 3689 905 3755 pru
915 3668 977 3733 tali
987 3665 1091 3752 soldo,
1102 3665 1242 3750 qualiter
1250 3663 1384 3732 dabitur
1394 3665 1497 3733 Vene-

367 3771 440 3859 tiis,
458 3779 490 3839 et
506 3775 775 3859 quandocumque
791 3775 987 3842 frumentum
1007 3772 1130 3840 valebit
1145 3775 1178 3840 in
1195 3771 1339 3840 Venetiis
1357 3772 1495 3858 tri'ginta

367 3877 490 3948 solidos
506 3901 681 3969 parvorum
698 3882 847 3969 superius
863 3903 924 3969 pro
940 3882 1087 3968 quolibet
1099 3889 1199 3964 staro,
1218 3877 1342 3947 dabunt
1359 3900 1496 3967 operam

367 3985 446 4055 dicti
469 3987 611 4058 Comites
636 3991 724 4058 bona
749 3989 822 4075 fide,
850 3991 926 4057 dum
952 3989 1100 4072 vixerint,
1128 3988 1318 4074 aequaliter,
1345 3987 1433 4072 quod
1454 3987 1497 4054 dc

367 4095 530 4164 Comitatu
546 4094 724 4184 praedicte,
752 4105 784 4164 et
800 4097 875 4166 aliis
891 4099 985 4165 terris
1012 4095 1361 4182 cireumadJ'acentibus
1378 4097 1410 4162 in
1428 4115 1495 4162 ma-

363 4204 427 4290 jori
443 4203 636 4290 quantitate,
662 4225 758 4289 quam
775 4213 937 4292 poterunt,
965 4203 1165 4274 conducatur
1180 4205 1335 4270 Venutius
1356 4203 1401 4269 ad
1417 4223 1489 4270 vcn-

366 4309 517 4378 deudum.
544 4311 585 4376 Et
601 4318 651 4379 est
667 4311 845 4400 sciendum,
863 4313 949 4399 quod
967 4312 1199 4380 decedentibus
1219 4312 1369 4379 omnibus
1386 4311 1494 4380 Comi·

367 4419 452 4486 tihus
478 4419 685 4504 supradictis,
713 4427 744 4486 et
760 4421 955 4488 haeredibus
982 4419 1181 4503 nraseulinis,
1209 4420 1256 4486 ita
1272 4420 1359 4501 quod
1385 4419 1496 4487 nullus

367 4525 527 4591 urasculus
538 4528 736 4613 supervivat,
749 4526 855 4596 dictus
867 4529 1046 4596 Comitatus
1058 4550 1129 4595 cum
1140 4529 1288 4609 omuibus
1298 4549 1401 4616 supra
1418 4551 1495 4595 con·

364 4632 509 4700 cessisin
525 4655 585 4702 nos
602 4645 635 4703 et
647 4637 822 4704 Commune
833 4638 1044 4706 venetiarum
1061 4639 1179 4705 debeat
1197 4638 1299 4704 libere
1317 4639 1496 4726 devenire;
