3252 5198
853 357 1010 461 —oa—

368 554 517 621 Ruhman
533 552 653 620 auferri
673 559 827 637 rogantes
843 556 887 620 ab
904 552 1035 622 eisdem.
1054 554 1106 621 Ad
1122 557 1183 622 hoc
1210 554 1289 622 dicti
1305 557 1443 624 Landan
1471 567 1503 624 et

260 667 261 670 ’
370 660 546 748 Gregorius
562 681 627 730 uon
652 660 926 746 contradixerunt,
952 663 1101 729 nolentes
1117 683 1190 730 cum
1216 649 1263 730 eis
1284 665 1352 732 litis
1377 666 1503 732 habere

369 787 574 855 processum3
602 767 722 835 dictam
750 775 871 836 terram
897 771 1088 856 Thusnapia
1112 771 1146 837 in
1175 771 1289 839 eadem
1315 773 1503 856 quantitate

369 898 440 945 cum
456 877 580 944 eisdem
595 878 689 945 metis
706 883 738 943 et
753 878 901 946 terminis
917 897 1031 946 uersus
1047 879 1212 964 Kalanda,
1233 885 1269 946 ul
1282 880 1500 967 prediximus,

371 985 586 1070 adiacentem,
611 985 696 1052 sicul
711 985 753 1051 ab
769 986 893 1054 eisdem
907 989 1072 1072 Stephano
1090 993 1122 1053 et
1138 988 1208 1054 suis
1225 988 1374 1072 cognatis
1391 1009 1505 1075 posse·

371 1096 495 1182 derant,
512 1094 635 1162 eisdem
652 1095 816 1182 Stephano
833 1103 866 1163 et
881 1096 1038 1180 Adriano,
1060 1103 1092 1162 et
1107 1095 1241 1180 Euaino,
1260 1104 1293 1162 et
1308 1096 1412 1163 Paulo
1429 1097 1506 1163 red-

371 1203 540 1290 diderunl5
557 1203 706 1272 similiter
721 1203 900 1270 Laudamus
917 1211 948 1270 ei
966 1202 1145 1288 Gregorius
1156 1223 1250 1270 suam
1266 1210 1396 1288 terram,
1413 1205 1505 1272 vide·

370 1315 446 1382 lieet
456 1315 597 1382 mediam
605 1321 732 1403 partem
748 1315 1003 1398 terreRuhman,
1020 1335 1118 1399 quam
1135 1314 1348 1401 prediximus,
1368 1317 1402 1382 in
1413 1317 1505 1384 bona

374 1423 479 1491 forma
493 1424 584 1510 pacis
602 1423 644 1490 ab
661 1423 708 1491 eis
725 1430 927 1509 receperunt.
952 1423 1022 1489 Nos
1039 1423 1138 1508 igilur
1155 1425 1245 1509 ipsas
1261 1428 1373 1509 parles
1389 1422 1505 1490 uiden-

373 1539 422 1600 tes
437 1532 521 1599 nolle
536 1530 600 1598 frui
616 1551 675 1599 suo
687 1532 760 1615 jure
776 1531 894 1616 priore,
923 1530 1014 1617 ipsos
1029 1530 1073 1596 ad
1089 1549 1149 1597 sna
1160 1531 1238 1615 jura
1252 1531 1388 1617 propria
1403 1531 1506 1596 intro·

372 1639 494 1707 eundos
510 1639 663 1706 iussimus
687 1659 747 1727 per
762 1639 867 1706 llilem
883 1647 1028 1707 nostrum
1054 1639 1260 1724 pristaldum.
1288 1641 1372 1706 Meis
1392 1643 1505 1705 autem

371 1756 457 1816 terre
472 1749 685 1834 Thusnapya,
711 1768 774 1832 que
800 1753 850 1814 est
867 1748 1027 1836 Stephani
1046 1753 1079 1813 et
1104 1749 1173 1815 cius
1199 1753 1422 1834 cognatorum,
1454 1747 1507 1813 sio

372 1857 557 1943 incipiunt:
582 1855 756 1940 Egreditur
773 1854 815 1921 de
831 1855 930 1924 fluuio
946 1857 1019 1942 Ipul
1037 1861 1167 1943 aparte
1193 1856 1341 1923 orientali
1359 1863 1392 1922 et
1411 1856 1508 1921 uadit

374 1966 418 2033 ad
433 1972 558 2052 partem
577 1962 829 2048 meridionalem,
846 1965 986 2031 tenendo
1006 1970 1109 2032 metas
1125 1985 1197 2030 cum
1213 1967 1320 2032 Bence
1331 1971 1363 2030 et
1379 1961 1508 2048 Grego-

374 2073 442 2159 rio;
469 2081 501 2140 et
515 2074 563 2139 sic
579 2072 686 2139 eundo
700 2073 819 2139 transit
834 2079 953 2139 terram
968 2073 1179 2159 Thusnapya,
1196 2093 1260 2158 qne
1276 2079 1325 2141 est
1341 2073 1508 2140 dictorum

374 2185 481 2250 Bence
497 2188 529 2248 et
545 2180 714 2268 Gregorii,
732 2180 856 2249 atinde
873 2183 1018 2268 procedit
1034 2188 1066 2248 et
1082 2182 1171 2249 cadit
1186 2182 1230 2248 ad
1245 2185 1424 2272 decaden,-
1451 2179 1508 2245 de-

374 2290 451 2357 inde
466 2290 558 2357 uadit
574 2291 616 2357 ad
633 2298 737 2359 metas
753 2289 923 2374 Homodei,
946 2296 978 2356 et
994 2291 1040 2356 ibi
1057 2295 1145 2357 tenet
1160 2295 1279 2356 metam
1296 2311 1369 2356 cnm
1385 2291 1508 2355 Homo-

377 2397 429 2465 dci
444 2394 531 2486 (lgy)
548 2403 582 2464 et
596 2418 669 2464 cum
684 2398 766 2464 villa
781 2397 953 2472 Kolenda:
977 2396 1095 2463 exinde
1109 2396 1316 2484 procedendo
1332 2397 1424 2462 iuxta
1439 2402 1505 2462 ter-

375 2527 446 2572 ram
461 2505 621 2574 Homodci
637 2505 741 2573 tendit
756 2513 787 2573 et
802 2506 892 2576 cadit
908 2504 1033 2591 adlpul
1050 2505 1162 2589 berle,
1179 2512 1211 2571 et
1223 2507 1256 2571 in
1274 2505 1387 2573 eodem
1402 2505 1507 2572 fluuio

376 2616 452 2703 Ipul
467 2613 560 2682 uadit
583 2615 734 2702 superius
750 2614 891 2681 tenendo
908 2622 1012 2681 metas
1037 2633 1109 2678 cnm
1126 2612 1204 2678 villa
1224 2611 1348 2695 Vilika,
1374 2614 1510 2696 conjun-

380 2725 466 2809 gitur
480 2722 580 2811 priori
597 2728 691 2808 mete,
709 2730 741 2789 et
756 2723 802 2789 ibi
818 2722 1019 2788 terminatur.
1046 2722 1088 2787 Vt
1103 2720 1202 2805 igitur
1218 2719 1314 2786 huius
1331 2720 1378 2785 rei
1401 2719 1510 2787 series

377 2839 450 2898 rata
466 2839 498 2899 et
513 2831 642 2900 stabilis
657 2838 857 2919 permaneat,
884 2838 915 2897 et
931 2831 1022 2896 nulla
1038 2827 1225 2915 calumpnia
1242 2833 1340 2912 queat
1362 2826 1510 2914 interpo-

378 2941 442 3008 sita
457 2940 614 3026 reuocari,
632 2946 758 3006 nostras
775 2939 993 3007 concessimus
1018 2937 1145 3003 litteras
1161 2943 1271 3003 nostro
1287 2934 1397 3019 sigillo
1413 2936 1511 3002 robo-

381 3054 479 3115 ratas.
507 3051 626 3115 Datum
643 3069 727 3115 anno
744 3047 875 3115 Domini
901 3046 1074 3114 millesimo
1097 3043 1318 3111 ducentesimo
1343 3043 1510 3110 tricesimo

380 3165 505 3226 octauo.
520 3159 692 3244 Regnante
708 3155 839 3224 domino
855 3156 937 3223 Bela
952 3157 1042 3240 Rege
1058 3152 1210 3238 glorioso.

381 3357 416 3422 (Δ
428 3360 559 3424 poasonyi
573 3355 760 3424 kaptalannalr
772 3356 883 3406 lala-ki
898 3355 1006 3418 „datum
1019 3355 1047 3403 in
1058 3353 1101 3404 die
1113 3353 1197 3403 Beate
1210 3351 1358 3402 Katherine
1368 3351 1511 3416 Virginis“

380 3446 409 3499 ds
425 3447 563 3512 „Andreas
575 3447 647 3497 filius
659 3445 805 3510 Laurencij
820 3444 919 3496 nobilis
933 3443 966 3494 de
979 3440 1159 3507 Thusnapya“
1171 3437 1297 3491 aereaere
1307 3439 1414 3491 kindott
1426 3436 1512 3492 §.tira-

643 3534 717 3587 tdbdl
731 3551 748 3586 a
760 3534 843 3586 budai
856 3535 906 3584 kir.
921 3532 1045 3584 kamarai
1058 3527 1247 3596 levcltdrban.)

810 3813 1080 3828 m
