3226 5194
613 286 765 393 pns-

121 505 217 558 sunm
227 487 493 576 prenominatum
508 488 618 555 nullus
634 495 846 574 cognotorum
856 511 987 561 enorum
1003 511 1061 561 scu
1078 498 1254 569 extranens

121 598 246 681 aliquis
262 599 369 684 possit
382 597 438 664 uel
452 596 563 664 ualeat
587 597 734 682 inpetere
751 617 810 666 seu
827 599 1022 688 molestare;
1048 621 1159 669 curum
1175 621 1254 687 quo·

121 725 188 789 que
205 713 239 774 et
262 707 484 793 pronisionem
509 705 627 773 salutis
653 706 762 774 anime
778 725 837 773 sne
861 708 1023 776 commisit
1048 709 1166 777 marito
1193 729 1252 777 suo

120 824 314 885 memorato.
340 817 390 883 Ne
406 823 515 884 autem
532 836 688 902 processu
714 816 870 902 temporis
896 818 1052 887 memoria
1076 819 1171 885 huius
1195 838 1256 904 rey

119 927 157 992 in
173 928 372 995 obliuionem
383 926 542 1011 elabatur,
560 924 725 1012 predictus
737 923 915 1010 Gregorius
932 927 1111 995 litterarum
1129 932 1255 994 nostra-

119 1056 194 1102 rnm
209 1036 397 1104 testimonio
422 1034 523 1121 peciit
538 1034 695 1103 roborari.
721 1035 763 1100 Et
778 1053 838 1102 nos
855 1034 897 1102 ad
916 1036 1113 1104 instanciam
1130 1043 1163 1103 et
1179 1055 1256 1122 sup·

119 1143 338 1231 plicacionem
362 1143 508 1210 eius'dem
523 1140 744 1211 concessimus
761 1160 896 1228 presens
913 1145 1070 1232 scriptum
1093 1143 1255 1213 communi

119 1251 260 1319 fratrum
277 1258 459 1321 nostrorum
477 1270 658 1336 consensu3
676 1251 883 1338 presentibus
899 1256 1009 1319 mmen
1025 1251 1164 1319 Nicolao
1180 1253 1254 1317 Pre-

120 1361 251 1447 posito‚
278 1360 433 1428 Parcasio
460 1359 609 1446 Contere,
642 1359 770 1427 Thomu
794 1360 948 1447 Lectorc,
976 1362 1074 1428 Petro
1101 1357 1253 1443 Custode,

118 1467 320 1537 Leustucbio
336 1467 423 1535 Noui
441 1467 560 1554 Oastri,
587 1470 606 1534 J
610 1468 712 1536 acobo
740 1467 952 1554 desumunt,
970 1468 1104 1536 Vrbuno
1130 1467 1172 1534 de
1192 1466 1253 1534 Zo-

119 1577 218 1644 bolch
230 1629 239 1663 ,
270 1577 420 1645 Jobanne
445 1576 487 1644 de
511 1578 638 1662 Kemey
663 1575 934 1659 Archidiaconis,
967 1585 1000 1646 et
1028 1575 1104 1644 aliis
1130 1575 1251 1643 multis.

119 1687 217 1754 Anno
233 1684 366 1752 Domini
380 1686 426 1751 Ψ
443 1683 665 1752 ducentesimo
682 1685 953 1770 quinquagesimo
969 1704 1065 1753 nono.
1082 1687 1253 1769 Regnante

119 1794 264 1878 glorioso
289 1794 459 1878 Hungarie
475 1794 564 1877 Rege
581 1793 672 1877 Beia,
697 1791 875 1861 Benedicto
899 1792 1117 1879 Strigoniensi
1137 1789 1252 1858 Archi-

120 1901 289 1990 episcopo,
307 1899 489 1985 Smaragdo
505 1901 618 1970 Electo
629 1901 821 1987 Colocensi;
838 1901 967 1971 domino
984 1908 1017 1970 et
1032 1907 1125 1989 patre
1141 1903 1252 1965 nostro

119 2012 299 2099 Lamperto
315 2009 485 2095 Agriensis
501 2011 650 2078 Ecclesie
665 2009 830 2097 Episcopo
846 2009 1075 2080 existentibus.

334 2189 1047 2258 ABODEF

120 2373 263 2441 (Eredetie
271 2371 448 2440 biirbirtytn,
464 2369 636 2440 sirpe-vitriis
648 2370 878 2439 selyemzsinbron
889 2371 974 2437 tuggo
987 2367 1129 2437 pecstttel,
1143 2367 1253 2420 abudai

491 2466 543 2516 hir.
556 2466 680 2517 kamarai
691 2458 882 2530 levtlttrban.)

551 2751 822 2774 *M*-

655 3255 733 3328 366.

121 3443 155 3510 Α
171 3446 290 3532 epitrai
304 3441 518 3532 kciptoloonak
533 3441 801 3529 bicocysctplccclc,
817 3440 899 3525 bcpy
912 3435 1063 3524 Cbckoyc'
1080 3431 1160 3503 Cbek
1173 3430 1251 3500 Cte-

167 3554 288 3641 koybaa
303 3553 372 3618 teob
385 3550 518 3617 birtokcit
529 3549 662 3616 Iodrc'cb
678 3547 831 3614 comesset
846 3546 1092 3633 deotopositotta.
1109 3545 1206 3611 1259.

230 3748 402 3818 Uniuersis
419 3729 540 3814 christi
561 3744 722 3831 fidelibus,
749 3743 868 3830 quibus
884 3747 1053 3830 presentes
1076 3738 1252 3827 potuerint,

53 3913 56 3922 .
121 3838 457 3926 Nitriensisbicclesie
474 3854 660 3942 Capitulum
676 3852 847 3921 oraciones
863 3851 896 3916 in
913 3849 1063 3917 Domino.
1081 3845 1252 3932 Significa-

122 3987 196 4036 mns
211 3967 316 4055 nobis,
343 3967 430 4052 qnod
446 3966 532 4034 sicut
556 3984 596 4031 ex
612 3962 731 4030 litteris
747 3961 868 4029 nostris
893 3955 1137 4024 memorialibus
1156 3954 1251 4021 nobis

122 4077 240 4164 patuit,
269 4075 386 4161 quibus
404 4072 494 4141 Ohek
512 4073 643 4141 nomine
659 4090 700 4138 ex
716 4087 835 4156 genere
860 4063 1074 4136 seruientium
1093 4062 1193 4148 Regis
1211 4061 1253 4129 de

122 4189 205 4256 uilla
222 4185 361 4272 Ohokoy
386 4187 506 4252 uocate
521 4181 554 4248 in
570 4187 683 4248 nostra
706 4177 878 4266 presencia
897 4175 1102 4259 constitutus,
1128 4171 1253 4257 obliga-

121 4302 218 4364 uerat
233 4302 335 4364 totum
351 4293 539 4382 porcionem
556 4295 642 4356 terre
657 4289 692 4353 in
709 4282 823 4352 eadem
839 4283 921 4350 nilla
935 4283 1043 4368 ipsum
1064 4280 1251 4364 contingen·

121 4416 188 4476 tem
205 4405 324 4474 Gomiti
338 4401 452 4469 Indrih
477 4419 538 4487 pro
555 4387 681 4464 iucbns
698 4393 818 4460 marcis
839 4389 978 4475 argenti,
1000 4408 1152 4457 asserens
1168 4389 1253 4455 hanc

123 4515 300 4604 pecuniam
317 4511 361 4579 ab
386 4511 459 4597 ipso
475 4505 586 4575 Indrih
612 4523 648 4570 se
663 4501 810 4590 plenarie
833 4498 1031 4585 percepisse.
1057 4495 1138 4564 Gom
1154 4495 1254 4584 igitur

122 4626 193 4694 dies
219 4616 459 4708 redempcionis
484 4616 575 4683 illins
601 4619 688 4678 terre
712 4610 746 4674 in
772 4605 897 4676 eisdem
922 4605 1040 4674 litteris
1064 4605 1254 4692 assignatus

1029 4722 1092 4780 88*
