3226 5194
631 315 789 418 ..s-og-

137 512 339 594 obseruure,
366 511 646 592 terraemotus,
672 529 735 595 que
759 511 810 578 his
836 513 1060 598 exprimuntur
1088 512 1266 600 vocabulis,

136 619 291 704 Radych,
307 619 420 686 villam
437 618 518 702 Oun,
534 619 625 705 opud
641 619 814 688 ecclesiam
838 620 952 690 Sancti
967 621 1134 710 Lamperti
1157 621 1271 689 villam

137 729 266 814 Wlkoy
282 729 385 795 eidem
403 727 561 812 Magistro
577 726 728 798 Hcholdo
744 736 777 798 ct
792 730 861 798 suis
876 731 1051 800 heredibus
1067 731 1270 800 decreuimns

138 836 376 923 perpetualiter
401 834 636 920 restituendum
663 838 879 924 attendentes,
906 840 1142 928 quodpropter
1165 839 1271 926 ipsius

139 943 284 1010 seruicia
298 943 429 1027 eximia,
455 944 567 1027 quein
583 943 711 1014 feruore
735 943 905 1014 fidelitatis
928 947 1102 1017 karissimo
1128 947 1268 1034 primum

139 1053 229 1138 patri
245 1059 366 1134 nostro,
382 1059 415 1120 et
430 1061 546 1140 postea
561 1054 656 1122 nobis
676 1054 897 1124 indesinenter
917 1056 1074 1145 exhibuit,
1096 1053 1269 1143 possessio·

140 1181 202 1228 nes
226 1162 342 1246 pocius
366 1159 429 1228 sibi
453 1162 521 1228 sint
545 1161 747 1246 conferendo,
779 1181 877 1249 quam
902 1165 946 1231 ab
970 1163 1042 1250 ipsc
1071 1159 1267 1244 auterende3

138 1267 399 1336 transmittentes
416 1287 489 1334 curu
506 1269 618 1336 eodem
635 1271 826 1354 Magistrum
841 1269 1053 1338 Benedictum
1070 1270 1145 1338 aule
1160 1277 1269 1336 nostre

140 1375 476 1444 vica-cannellariun
492 1376 775 1461 Archydiaconum
792 1377 835 1444 de
849 1378 958 1463 Wlko,
977 1379 1032 1464 qui
1049 1397 1198 1446 reuersus
1213 1397 1269 1445 uo-

140 1485 194 1552 bis
210 1485 328 1569 retulit,
347 1484 435 1568 quod
451 1484 695 1570 prenominatus
706 1485 804 1554 villas
820 1493 968 1554 ettotam
985 1495 1105 1556 terram
1121 1486 1163 1554 de
1174 1485 1269 1552 metis

139 1593 186 1659 ad
205 1593 412 1662 muusiuuta
427 1601 571 1662 tenorem
588 1591 1002 1681 dictorumpriuilegiorum
1022 1591 1128 1664 sidem
1139 1594 1268 1662 statuis-

141 1709 207 1768 set.
234 1703 277 1767 Vt
292 1701 392 1787 igitur
408 1700 593 1770 huiusmodi
608 1701 711 1770 series
727 1707 760 1767 ct
775 1722 948 1788 processus
972 1709 1076 1770 retum
1092 1721 1132 1768 ac
1151 1700 1270 1768 stabile

143 1815 343 1895 perseueret,
360 1829 421 1876 nee
436 1829 591 1897 processu
616 1817 795 1895 temporum
814 1830 872 1898 per
888 1811 1074 1898 quempiam
1092 1808 1126 1875 in
1143 1808 1268 1876 irritum

143 1915 249 2001 possit
264 1917 316 1982 uel
334 1917 454 1986 debeat
469 1917 649 2001 retractari,
676 1924 844 2003 presentes
862 1917 967 1986 eidem
987 1917 1204 1986 concessimus
1219 1915 1268 1982 lit-

141 2031 230 2092 teras
259 2024 422 2112 dupplicis
446 2025 547 2110 sigilli
572 2027 675 2095 nostri
701 2025 878 2094 munimine
901 2030 1118 2096 confirmatas.
1147 2027 1268 2092 Datum

140 2151 208 2217 per„
224 2151 341 2199 manus
366 2131 516 2217 Magistri
542 2134 712 2202 Benedicti
739 2135 815 2202 aule
845 2140 955 2204 nostre
979 2131 1267 2216 ViceOuucellorij

141 2238 386 2324 Archyffiacom
401 2238 444 2308 de
459 2240 579 2308 Wclko
605 2239 719 2310 dilecti
734 2250 766 2310 et
782 2242 888 2310 fidelis
905 2243 1018 2328 nostri,
1036 2261 1120 2310 auno
1137 2239 1268 2311 Domini

140 2348 187 2413 dl⁰
203 2346 424 2417 ducentesimo
441 2348 713 2434 quinquagesimo
730 2371 825 2418 nuno.

140 2545 257 2611 (Rcbert
275 2541 377 2612 Kdroly
396 2545 543 2614 kirtlynak
567 2551 644 2600 13:35.
663 2550 751 2616 pridie
769 2565 854 2602 nonas
875 2551 944 2616 Julij
969 2551 1119 2617 „Magister
1139 2551 1268 2604 Nicotaus

139 2635 360 2705 liliusjtephani
379 2637 428 2704 filij
449 2639 552 2692 Hcholt
570 2639 666 2692 Comes
684 2641 868 2694 Zeladisnsis“
888 2639 1006 2694 rinocore
1025 2640 1083 2694 tell
1105 2639 1268 2707 megerdsltd

453 2728 510 2780 kelt
523 2727 686 2796 megerdsild
697 2723 958 2798 privilegiunribdl)

576 3024 835 3038 m

665 3505 743 3573 eto.

136 3689 248 3754 Istuciu
270 3687 371 3774 ifjubb
390 3688 496 3774 kirtly
511 3688 645 3774 Fuipyes
661 3689 818 3757 anennual
842 3689 1022 3774 ceceanu
1041 3715 1062 3756 a
1081 3711 1121 3754 uz.
1148 3687 1267 3754 Vilctori

137 3798 342 3864 cztaztercztek
351 3797 593 3864 monostorduuk
601 3797 728 3882 jcoolru
738 3797 756 3861 1
759 3797 905 3862 tto-tan
921 3798 1162 3878 liadoltleoellt,
1173 3799 1266 3884 mely-

137 3907 193 3972 ten
218 3905 284 3972 dlcel
307 3905 437 3992 taposiri
458 3905 647 3992 pdrtfepclau
673 3905 730 3971 att
746 3904 898 3993 fopudju,
924 3904 1022 3990 dtlrju
1045 3929 1060 3970 s
1081 3904 1265 3992 meyerdcitu'.

655 4011 754 4080 1259.

245 4191 510 4279 StepheuuuDei
525 4192 638 4278 gracie
658 4195 728 4259 Rex
743 4191 977 4277 primogenitus
998 4191 1141 4260 illustris
1161 4193 1263 4276 Regis

136 4300 304 4384 Hungarie
320 4307 353 4367 et
367 4302 443 4368 Dux
459 4299 557 4368 Stirie
573 4300 722 4367 omnibns
739 4319 875 4386 presens
890 4300 1046 4387 scriptum
1065 4300 1263 4386 inspecturis

136 4409 279 4476 salutem
294 4409 328 4474 in
343 4409 494 4478 Domino.
521 4411 647 4492 Regum
663 4407 848 4475 sublimitas
873 4408 969 4476 iustis
984 4406 1136 4493 precibus
1152 4414 1264 4494 peten-

136 4516 222 4583 cium
239 4535 350 4584 aurem
367 4515 465 4584 debet
484 4515 699 4584 fauorabilem
722 4514 889 4600 adhibere,
913 4513 1054 4584 maxime
1077 4535 1176 4604 super
1191 4516 1263 4602 hys,

136 4643 200 4716 que
216 4621 335 4696 cedunt
357 4623 402 4692 ad
426 4623 657 4696 incrementum
684 4623 923 4694 commoditatis
939 4623 1088 4692 Ecclesia
1112 4629 1145 4696 et
1161 4625 1262 4713 huuc·
