3168 5186
850 323 994 424 eoo—

354 521 450 590 illata
466 521 668 590 decernimus
692 529 802 592 mutuo
819 523 1023 591 remittenda.
1039 520 1090 588 Ad
1107 521 1176 604 beo,
1195 528 1228 585 rt
1244 518 1398 608 prodicta
1417 539 1480 584 om·

358 631 414 698 nia
429 631 551 699 firmins
563 631 785 718 obseruentnr,
802 631 924 719 plaouit
938 630 1100 720 partibus,
1117 637 1150 696 et
1163 650 1223 697 nos
1240 627 1481 714 assumpsimus

355 761 413 826 pro
429 739 513 808 bono
530 739 630 827 paois,
656 748 691 807 ut
708 745 835 825 partem
859 741 1088 809 obseruautem
1110 737 1323 826 prescriptam
1350 734 1481 802 ordina-

357 849 482 916 cionem
507 867 734 917 oouseruemus
758 852 792 916 in
817 869 876 918 suo
896 849 967 916 iure
992 853 1107 914 eontra
1139 847 1276 912 alteram
1298 845 1479 914 obseruare

356 977 420 1024 non
445 957 620 1026 uolentem.
645 957 814 1025 Adicimus
839 957 962 1042 seiam,
991 955 1079 1043 qnod
1103 963 1214 1042 partes
1239 963 1426 1041 spontanea
1451 960 1483 1019 et

356 1067 503 1135 ultronea
527 1065 695 1134 voluntate
711 1066 984 1133 renunoiauernnt
1009 1065 1160 1134 omnibus
1178 1062 1295 1130 litteris
1312 1069 1345 1130 et
1364 1063 1482 1128 instru-

356 1173 482 1262 mentis,
499 1176 570 1242 siue
587 1196 608 1241 a
623 1174 708 1242 Sede
718 1174 918 1261 Apostoliea,
931 1173 982 1242 uel
999 1172 1209 1256 undecunque
1220 1172 1364 1240 obtentis
1380 1190 1481 1257 super

355 1282 416 1350 boo
431 1281 529 1368 facto,
547 1281 610 1350 fide
626 1282 705 1349 data
721 1283 945 1368 promittentes
961 1282 995 1348 in
1012 1290 1141 1348 nostras
1161 1301 1274 1348 manns
1290 1299 1332 1347 ea
1352 1280 1479 1363 integre

356 1390 532 1475 resignare,
560 1391 646 1459 etsi
672 1410 737 1474 qna
761 1411 802 1458 ex
818 1390 885 1459 illis
911 1389 1007 1458 modu
1034 1390 1143 1475 aliquo
1168 1409 1269 1477 penes
1294 1388 1479 1474 quempiam

356 1507 570 1585 remanerent,
596 1519 694 1567 oaasa
717 1507 828 1567 essent
844 1507 876 1568 et
892 1499 1028 1588 inutilia,
1056 1507 1089 1568 et
1105 1500 1213 1567 nullas
1239 1500 1326 1566 vires
1352 1498 1481 1586 penitus

359 1609 518 1676 habituro.
546 1610 664 1677 Datum
681 1617 713 1676 et
729 1617 837 1676 uotum
853 1609 887 1676 in
903 1609 1029 1678 Wasks
1045 1629 1130 1676 anno
1148 1608 1280 1676 Domini
1308 1608 1480 1676 millesimo

359 1717 577 1784 ducentesimo
596 1717 864 1805 quinquagesimo
883 1719 1003 1804 quinto.

357 1917 447 1982 (1504.
462 1915 576 1969 obtrivts
595 1916 733 1980 spirasset,
753 1919 824 1985 moly
838 1919 896 1971 kolt
909 1920 1001 1982 „Buris
1022 1919 1089 1971 loris
1108 1923 1205 1984 quarta
1217 1919 1340 1985 proxima
1359 1923 1424 1968 eruta
1444 1915 1480 1965 iu·

357 2014 426 2058 etum
441 2007 520 2058 Beati
534 2009 643 2060 Martini
657 2010 786 2076 Episcopi
800 2016 828 2060 st
841 2009 1018 2073 confessoris,
1037 2013 1151 2078 papiron
1164 2026 1182 2061 a
1195 2009 1276 2061 burlai
1292 2010 1342 2062 lrir.
1357 2006 1479 2058 kamarai

753 2151 757 2162 ,
827 2097 1015 2168 lovelttrban.)

814 2386 1033 2400 w

886 2876 963 2946 eto.

359 3053 381 3118 Ι
386 3053 419 3119 V.
431 3054 558 3119 Suadeo·
567 3055 654 3142 pcipe
669 3077 689 3120 a
704 3057 840 3143 spalatoi
853 3057 992 3122 όνερΙοηεΙε
1007 3055 1200 3143 arreptum,
1219 3055 1300 3141 kopp
1317 3077 1354 3120 aa
1364 3053 1477 3139 vonna

509 3163 670 3228 adluastott
684 3164 832 3229 sebenicos'
842 3164 996 3251 piiaprilro't
1010 3164 1208 3250 meyerb'su'tae.
1232 3161 1329 3226 1255.

466 3359 653 3426 Alexander
677 3360 858 3447 Episcopus
883 3382 999 3430 seruus
1023 3381 1191 3430 seruorum
1215 3359 1276 3428 Dei
1302 3355 1477 3428 venerabili

358 3464 452 3532 fratri
470 3518 477 3534 .
495 3515 504 3550 ,
522 3517 529 3532 .
549 3465 805 3556 Arebiepisoopo
830 3469 1017 3556 Spalstensi
1042 3471 1181 3538 salntem
1206 3477 1239 3537 et
1256 3469 1477 3557 Apostolioam

358 3573 627 3644 benedictionem.
649 3577 719 3644 Sua
733 3577 830 3644 nobis
846 3576 1030 3664 Capitulum
1049 3577 1262 3646 Sibinioensis
1286 3577 1432 3645 Eoolesie
1446 3575 1477 3640 in

357 3682 532 3750 Solanonia
556 3684 675 3770 peticio
703 3686 917 3771 monstrabat,
941 3685 1028 3770 quod
1053 3705 1125 3752 oum
1145 3686 1222 3754 olim
1238 3685 1387 3752 nmlesia
1410 3685 1478 3772 ipsa

359 3797 492 3879 pastore
510 3797 649 3877 vaoaret,
673 3792 748 3878 ipsi,
765 3801 859 3880 prout
875 3793 973 3862 moris
989 3799 1048 3879 est
1072 3794 1303 3862 conuenientes
1322 3793 1357 3860 in
1373 3813 1475 3877 unum,

359 3898 499 3987 Spiritus
523 3901 635 3968 Sanoti
661 3901 771 3986 gratia
798 3901 950 3970 inuoeata
975 3902 1126 3972 dileotnm
1152 3904 1255 3971 lilium
1279 3905 1312 3971 S.
1336 3902 1477 3970 eiusdem

359 4009 507 4078 Eeolesie
522 4009 847 4096 Aronipresbiterum,
873 4012 978 4079 virum
995 4013 1118 4099 ntique,
1144 4020 1179 4080 ut
1198 4020 1358 4098 asserunt,
1380 4009 1477 4099 prori-

359 4115 436 4185 dum
452 4125 485 4185 et
501 4117 681 4205 honestum,
707 4140 747 4187 uo
763 4120 797 4188 in
812 4120 1036 4207 spiritualibus
1053 4131 1086 4190 et
1102 4122 1334 4210 temporalibus
1350 4122 1477 4190 eiroum-

360 4233 517 4314 speotum,
543 4229 737 4300 unanimiter
752 4238 787 4299 et
812 4231 1014 4302 concorditer
1039 4232 1209 4319 elegerunt
1224 4233 1259 4300 in
1285 4251 1396 4302 eorum
1412 4228 1477 4318 Epi«

358 4355 493 4423 seopum
509 4343 542 4406 et
558 4346 731 4425 pastorem.
751 4341 868 4408 Verum
882 4341 968 4428 quod
984 4351 1029 4427 tn,
1047 4343 1102 4427 qui
1118 4342 1181 4410 luoi
1197 4343 1285 4410 illius
1297 4337 1475 4427 Metropoli·

359 4453 455 4514 tanus
471 4447 597 4535 existis,
613 4469 672 4537 pro
690 4469 739 4536 eo,
764 4449 851 4536 quod
867 4451 1017 4519 Eoolesia
1033 4451 1106 4538 ipsa
1122 4458 1212 4518 tanto
1228 4458 1373 4538 tempore
1389 4467 1476 4516 uara·

359 4561 461 4639 verat,
488 4554 575 4640 qnod
589 4557 634 4624 ad
648 4558 766 4626 Sedem
781 4559 1006 4646 Apostolioam
1032 4568 1103 4629 erat
1121 4559 1190 4628 eius
1218 4559 1361 4644 provisio
1386 4558 1474 4625 devo·

359 4662 436 4748 luta,
452 4663 588 4734 renuisti
604 4665 795 4735 electionem
813 4667 997 4736 huiusmodi
1012 4671 1212 4754 confirmare,
1231 4666 1369 4753 predicti
1387 4665 1475 4752 Capi-
