3210 5194
96 1093 305 1179 Aocrnprdmi
329 1089 552 1178 kdptodaonak
567 1088 837 1178 dieooyodyleocle,
861 1090 941 1176 dcpy
957 1092 1077 1178 Empta
1099 1091 1131 1154 e·
1146 1099 1214 1154 tect·

92 1200 169 1264 nerei
181 1198 377 1286 zadomcpycc'
401 1197 636 1285 cdrjobbdpyok
655 1196 783 1262 Goctulc
805 1199 887 1261 occi!
899 1197 1011 1261 drdkde
1035 1197 1218 1260 birtokakct

366 1305 493 1370 Hodold
508 1305 665 1370 comcanelc
683 1304 822 1370 elodtdk.
848 1307 946 1370 1239.

192 1499 381 1586 Capitulum
406 1499 675 1585 Wesprimiensis
700 1499 848 1567 Ecclesie
874 1499 1023 1567 omnibus
1046 1507 1218 1587 presentes

98 1605 210 1674 litteras
236 1607 440 1692 inspectoris
456 1609 598 1675 salutem
620 1607 653 1673 in
668 1606 809 1674 Domino
824 1608 906 1674 ιΙιιιιι
922 1605 1059 1674 Christo.
1083 1605 1136 1674 Ad
1151 1607 1219 1672 vni-

95 1733 254 1781 ‘remorum
280 1715 441 1782 noticiam
465 1717 614 1782 volumus
638 1716 822 1801 peruenire,
849 1713 936 1797 quod
961 1714 1057 1780 hemo
1084 1713 1220 1780 Comitis

98 1819 241 1906 Hoholdy
257 1823 392 1889 nominc
409 1823 531 1890 Paulus
545 1822 633 1889 tilius
653 1825 761 1889 Pouse
778 1819 819 1888 de
834 1820 916 1888 villa
930 1821 1090 1888 Kuhunus
1113 1820 1148 1888 in
1164 1841 1221 1888 no·

98 1936 161 1994 stra
168 1928 346 2013 presencia
356 1928 552 1996 constitutus
568 1947 610 1994 ex
625 1949 692 1996 vna
706 1937 819 2016 parte;
837 1929 970 2015 Empta,
981 1930 1086 2014 Dyca,
1098 1929 1221 2012 Itemyr

99 2045 126 2102 et
139 2037 243 2119 Hcym
270 2035 334 2119 filij
350 2037 447 2117 Deos,
463 2036 580 2102 Petrus
605 2035 691 2102 tilius
717 2035 821 2121 (ling,
846 2035 947 2102 Turul
972 2040 1006 2102 et
1019 2036 1138 2119 Mycou
1162 2033 1220 2120 diij

98 2142 227 2210 Ginnad
242 2141 287 2206 de
304 2141 387 2208 villa
401 2142 479 2226 Boc,
493 2143 691 2227 jobagiones
707 2142 808 2210 castri
824 2141 1029 2210 Zaladiensis
1045 2140 1088 2208 de
1102 2161 1222 2226 genere

98 2249 255 2319 Johannis
272 2251 410 2318 Maioris
420 2251 592 2318 Exercitus
608 2271 649 2318 ex
666 2252 998 2336 alternasseruerunt
1018 2248 1107 2334 quod
1122 2269 1222 2335 quen·

100 2358 168 2426 dam
195 2365 321 2426 terram
347 2378 458 2425 eorum
490 2359 721 2427 hereditariam
746 2358 950 2426 adiacentem
976 2366 1063 2425 terre
1088 2359 1224 2426 Gostule

101 2485 166 2532 cnm
189 2468 292 2534 vinea
318 2475 391 2532 octo
407 2467 524 2550 iugera
547 2474 708 2535 terrarum
732 2469 928 2551 continente,
954 2487 1019 2551 qne
1035 2473 1085 2534 est
1109 2466 1174 2532 sita
1189 2464 1224 2532 in

16 2599 17 2660 f
101 2574 209 2640 eadem
224 2581 328 2658 terra,
356 2575 430 2659 ipso
446 2573 572 2641 Gemite
587 2595 651 2641 oon
667 2581 815 2658 cogente,
841 2573 900 2642 sed
916 2580 1098 2659 spontanea
1113 2574 1225 2640 volun·

100 2687 174 2765 tate,
197 2681 263 2748 sibi
280 2701 341 2764 pro
356 2681 578 2766 qnadraginta
594 2683 712 2748 marcis
728 2682 858 2765 argenti
871 2680 1096 2750 vendidissent
1110 2701 1225 2769 perpe-

101 2794 152 2854 tnc
167 2787 414 2874 possidendam.
440 2787 540 2855 Cuius
556 2788 662 2856 eciam
682 2796 767 2857 terre
791 2789 927 2856 terciam
951 2797 1079 2874 partem
1104 2786 1226 2872 hijdem

102 2895 244 2963 homines
260 2917 322 2982 pro
341 2895 457 2981 viginti
482 2897 601 2963 marcis
618 2897 746 2982 argenti
771 2896 875 2982 primo
894 2895 1118 2980 vendiderant,
1144 2895 1229 2962 sicut

104 3003 192 3069 nohis
216 3003 412 3070 retulerunt.
436 3002 543 3069 Huius
569 3012 678 3070 antem
703 3011 789 3070 terre
813 3011 908 3088 moto,
935 3011 1033 3090 prout
1055 3004 1089 3069 in
1110 3001 1228 3069 litteris

103 3107 178 3178 dicti
193 3109 336 3177 Comitis
362 3110 575 3196 inspeximus,
602 3116 635 3177 et
653 3109 776 3196 hijdem
801 3110 949 3177 homines
975 3109 1228 3191 affirmare-me,

105 3217 150 3282 sic
171 3215 419 3302 distinguuntur
436 3241 444 3283 ι
461 3217 572 3284 Prima
594 3225 683 3285 meta
697 3217 812 3305 incipit
827 3239 849 3284 a
864 3225 953 3284 meta
977 3227 1064 3285 terre
1083 3212 1230 3282 eiusdem

107 3321 245 3410 domitis,
274 3345 373 3410 quam
398 3323 477 3393 dicti
503 3326 650 3395 homines
676 3326 782 3413 primo
808 3326 872 3393 sibi
896 3323 1113 3393 vendiderunt
1138 3322 1231 3390 iuxta

107 3429 236 3498 domum
252 3432 434 3500 Dobronnc
458 3433 501 3500 ab
518 3433 682 3520 aquilone,
708 3443 741 3501 et
756 3433 847 3501 venit
869 3452 983 3500 versus
1007 3429 1164 3500 orientem
1187 3429 1232 3496 ad

105 3537 292 3607 inferiorem
316 3549 444 3625 partem
469 3542 549 3608 ville
573 3541 784 3629 Soenmiclos,
809 3542 866 3609 vbi
892 3547 966 3607 snnt
993 3538 1166 3607 docmate
1191 3559 1232 3605 ex

108 3655 239 3734 reaque
249 3655 346 3734 parte
360 3647 454 3715 fluuii
469 3648 616 3717 ciusdem
632 3650 726 3717 iuxta
741 3651 831 3717 viam
846 3669 1019 3734 magnam3
1036 3655 1069 3714 et
1083 3647 1160 3714 inde
1175 3667 1233 3734 per

108 3754 238 3822 fluuium
255 3758 396 3824 eundem
420 3755 525 3824 tendit
539 3777 600 3844 per
615 3756 754 3824 eandem
770 3758 859 3824 viam
872 3775 1037 3840 magnam,
1061 3775 1234 3842 perquam

108 3864 232 3931 venitur
248 3862 295 3928 ad
310 3865 418 3930 locum
428 3865 661 3950 deorcurka,
680 3873 713 3930 ct
728 3862 862 3931 caditin
878 3863 1035 3930 minorem
1045 3863 1233 3948 Lyndnam;

107 3971 209 4038 minor
234 3975 346 4039 autem
361 3971 500 4056 Lyndua
515 3973 619 4040 fluens
634 3993 691 4058 per
708 3992 843 4059 paruam
867 3978 988 4039 terram
1009 3968 1098 4036 cedit
1122 3969 1155 4034 in
1172 3985 1236 4032 ma-

110 4075 208 4144 iorem
219 4077 410 4164 Lyndnam5
427 4079 524 4144 etrbi
540 4079 645 4146 minor
654 4079 795 4162 Lyndna
811 4077 901 4144 cedit
915 4078 949 4144 in
965 4076 1120 4142 maiorem
1129 4074 1236 4158 Lynd-

113 4203 194 4270 aam,
221 4183 347 4251 ibidem
371 4187 475 4253 maior
490 4184 632 4272 Lyndna
654 4187 794 4253 flectitur
817 4187 861 4252 ad
886 4193 1012 4270 partem
1037 4183 1238 4268 superiorem

114 4311 224 4358 versus
250 4290 461 4378 occidentem,
488 4299 521 4360 et
536 4295 604 4359 exit
630 4294 672 4359 ab
696 4292 812 4360 codem
836 4293 968 4358 flumine
983 4289 1026 4356 ad
1050 4289 1148 4370 riam,
1174 4309 1237 4370 que

114 4395 202 4466 ducit
217 4398 263 4466 ad
278 4401 393 4466 villam
403 4400 627 4486 Scenmiklos;
646 4400 764 4468 deindo
781 4399 929 4468 ascendit
938 4406 1089 4481 montem,
1108 4402 1140 4462 et
1155 4397 1238 4461 inter

116 4505 225 4573 vineas
249 4505 458 4594 procedendo
473 4508 646 4576 reuertitur
659 4507 704 4573 ad
720 4509 859 4592 primam
879 4513 1009 4588 metam,
1025 4502 1179 4569 videlicet
1195 4500 1239 4569 ad

116 4611 248 4682 flumem
257 4616 442 4684 Dobronuc.
461 4615 577 4684 detero
592 4623 702 4683 autem
714 4615 810 4682 vinee
825 4615 857 4681 in
875 4615 989 4682 eadem
1003 4621 1094 4679 terra
1108 4611 1170 4679 site
1185 4610 1237 4677 de
