3168 5186
907 311 1062 418 4⁴43..

422 537 506 598 uam,
532 514 565 583 in
582 534 648 602 qua
673 515 778 581 cundo
795 513 944 599 superius
960 513 1005 579 ad
1020 514 1159 599 priorem
1186 517 1315 593 metam,
1340 509 1396 576 rbi
1415 515 1471 574 est
1488 509 1547 576 Ne-

420 624 498 691 nina
514 623 636 690 mlaka.
654 627 691 690 In
706 625 798 691 ouius
814 623 862 690 rei
879 621 1068 689 memoriam
1077 629 1110 688 et
1126 617 1349 688 certitudinem
1366 617 1547 703 pleniorem

419 739 587 820 presentes
612 733 740 800 litteras
760 733 804 798 ad
828 731 1021 817 peticionem
1039 730 1117 797 dicti
1133 730 1249 815 Bylote
1271 724 1472 811 supradictis
1489 726 1539 790 De

421 841 535 909 metrio
552 850 584 909 et
599 843 751 926 Dragota
776 841 955 907 munimine
971 841 1073 908 nostri
1090 837 1189 923 sigilli
1209 836 1402 903 contulimus
1418 833 1548 900 robora-

360 1043 363 1048 *
421 957 484 1016 tas.
501 955 618 1017 Actum
634 970 721 1018 auno
738 948 848 1034 gracie
864 949 910 1014 Μο
921 946 986 1016 00⁰
1002 946 1270 1034 quinquagesimo
1287 951 1393 1011 sexto.

423 1148 561 1214 (Eredctic
575 1146 746 1214 bb'rbdrtydm
768 1149 895 1215 mclynek
909 1145 1051 1212 zeid-fejer
1069 1143 1295 1211 selyemzsiubron
1315 1143 1406 1209 tugen
1427 1138 1548 1208 pecsdtje

649 1240 788 1302 elvesestt,
802 1255 819 1290 a
830 1239 913 1291 budai
922 1239 973 1290 kir.
986 1239 1110 1289 kamarai
1123 1233 1311 1298 lereltdrban.)

844 1527 1112 1544 ἢ

942 1975 1020 2044 315.

419 2157 450 2222 A
466 2159 599 2244 adproiba‘
608 2160 758 2246 ddptctao
770 2159 887 2223 Perttin
904 2159 1054 2223 consonet
1068 2155 1242 2224 Gloom‘cba
1251 2159 1385 2224 dictet-cit
1395 2159 1547 2243 tcirppozc'

755 2268 902 2333 ilrtctdsdt
917 2268 1092 2353 bizonyttja.
1108 2266 1206 2332 1256.

526 2465 711 2554 Capitulum
737 2464 883 2531 Ecclesie
909 2464 1142 2548 Zagrabiensis
1157 2465 1317 2532 miuorsis
1338 2469 1545 2551 presencium

420 2574 576 2642 noticiam
593 2571 754 2638 habituris
779 2573 918 2640 salutem
941 2571 974 2638 in
991 2573 1129 2639 Domino
1146 2571 1225 2640 Jesu
1242 2572 1382 2643 Christo.
1408 2576 1462 2642 Ad
1477 2581 1545 2646 rni-

418 2681 584 2749 uersitetis
602 2681 756 2749 noticiam
772 2682 883 2747 barum
900 2680 985 2748 serie
1002 2681 1147 2749 volumus
1163 2684 1343 2766 peruenire,
1366 2684 1545 2768 quodcum

419 2792 576 2874 Magister
587 2789 767 2856 Bemaldus
784 2790 928 2877 phisicus
946 2789 1067 2856 domini
1078 2790 1156 2856 Bele
1171 2793 1270 2874 Regis
1281 2793 1452 2878 Hungarie
1470 2815 1545 2862 cnm

417 2898 536 2967 litteris
562 2899 774 2985 preceptorijs
799 2899 944 2966 eiusdem
971 2898 1092 2964 domini
1116 2899 1225 2984 Regis,
1253 2907 1287 2966 vt
1300 2920 1361 2967 nos
1386 2923 1454 2969 vna
1471 2923 1546 2970 cum

416 3005 661 3092 ipsehominem
677 3009 822 3070 nostrum
834 3004 1008 3089 ydoneum,
1030 3023 1138 3072 coram
1156 3025 1218 3090 quc
1229 3007 1428 3094 prescriptae
1446 3011 1546 3080 bomo

417 3115 540 3198 Regius
565 3114 807 3200 possessionem
825 3110 1008 3179 Glannicha
1024 3119 1184 3200 vocatam,
1210 3134 1273 3199 que
1298 3116 1545 3198 quosdamve·

418 3222 520 3307 lizlay
536 3221 608 3288 siue
634 3219 786 3288 heredum
803 3219 926 3286 solacio
952 3239 1050 3286 sexus
1066 3220 1169 3286 virilis
1196 3221 1381 3288 decedentis
1398 3223 1475 3291 iore
1498 3224 1544 3290 di·

417 3329 639 3416 nosscebetur,
657 3328 753 3396 simul
770 3348 843 3394 oum
859 3328 1122 3412 possessionibus
1138 3331 1351 3396 castrensium
1370 3331 1404 3396 in
1421 3331 1543 3400 eadem

420 3437 603 3505 Glannioba
629 3436 851 3520 existentibus,
879 3437 1049 3504 collacioni
1065 3437 1167 3522 Regie
1186 3440 1393 3523 pertinentes,
1420 3440 1541 3508 Comici

419 3547 564 3612 Pertlino
591 3545 771 3632 Cepitaneo
788 3545 956 3613 Graciensi
979 3565 1040 3632 per
1054 3551 1180 3612 ueteres
1205 3552 1308 3613 metas
1325 3554 1358 3613 et
1373 3550 1540 3634 antiques,

418 3653 604 3721 conuocatis
631 3652 909 3720 ccmmetaneiset
924 3654 1039 3720 vicinis
1065 3653 1127 3718 rite
1144 3661 1174 3718 et
1189 3653 1331 3737 legitime
1356 3657 1542 3724 reambnla·

417 3773 495 3847 tam,
522 3769 616 3849 prout
632 3763 664 3829 iu
691 3761 786 3830 dictis
806 3763 982 3846 Regalibus
1009 3763 1241 3848 continebatur,
1265 3770 1421 3850 perpetuo
1437 3766 1541 3851 possi·

418 3871 559 3938 dendam
576 3870 770 3954 assignaret,
796 3869 824 3935 si
840 3883 904 3938 non
921 3869 1004 3938 foret
1019 3869 1272 3954 contradictum;
1298 3871 1539 3940 contradictori·

416 3982 477 4048 bus
494 3987 603 4046 antem
619 3979 716 4063 ydem
742 3980 837 4046 bomo
854 3978 974 4064 Regius
992 3987 1140 4064 presente
1156 3979 1252 4047 bomo
1277 3987 1387 4046 nostro
1403 3981 1437 4047 in
1457 3981 1539 4048 eius

418 4091 493 4156 dem
509 4089 633 4158 domini
650 4089 685 4153 Β.
702 4087 872 4174 presencia
887 4089 1096 4174 comparendi
1113 4090 1282 4155 terminum
1302 4097 1537 4177 competentem

417 4197 612 4282 assignaret.
631 4196 777 4278 Cumque
802 4215 862 4263 nos
878 4205 1032 4281 precepto
1058 4203 1090 4262 et
1115 4196 1267 4264 mandato
1285 4196 1387 4281 Regio
1413 4199 1536 4266 obtem-

417 4312 569 4392 perantes
581 4324 717 4370 vuacum
734 4304 911 4390 prescripto
923 4305 1079 4389 Magistro
1096 4304 1259 4371 Beroaldo
1274 4304 1397 4390 pbisieo
1414 4304 1534 4372 domini

417 4415 518 4501 Regis
535 4420 567 4480 et
577 4412 803 4480 Concanonieo
815 4413 961 4481 Ecclesie
976 4413 1147 4500 Budensis,
1158 4412 1341 4498 Nycolaum
1358 4414 1534 4480 etPaulum

417 4523 591 4607 Magistros
604 4521 848 4589 Concancnicos
864 4522 1010 4589 Ecclesie
1021 4526 1129 4588 nostre
1146 4521 1291 4608 predicte
1306 4522 1531 4591 transmisisse·

417 4651 487 4698 mus
499 4653 507 4714 3
534 4630 731 4718 proscriptus
756 4631 887 4697 tandem
913 4629 1008 4698 bomo
1024 4631 1144 4716 Regius
1169 4649 1243 4696 cum
1258 4630 1411 4716 predictis
1436 4629 1530 4712 sociis
