3252 5198
118 1078 148 1144 A
165 1076 447 1162 szstesfebdrvdri
461 1077 685 1163 lsdptalaaaale
699 1079 964 1167 biaoapsdpleosls
979 1081 1063 1150 Cras
1076 1091 1256 1174 armatq-

328 1185 392 1250 boli
409 1185 528 1251 Mittor
544 1209 641 1252 eomas
659 1187 928 1272 apmdsbrodt.
953 1194 1049 1258 123⁷.

231 1385 270 1449 In
295 1383 428 1451 nomine
444 1383 552 1449 Patris
577 1390 609 1450 et
623 1383 700 1469 Filij
718 1393 750 1451 ot
767 1387 909 1472 Spiritus
934 1391 1046 1458 Sanoti
1062 1394 1175 1460 Amen.
1202 1395 1255 1460 Al·

123 1492 240 1558 bensis
267 1491 416 1558 Ecclesie
433 1490 618 1575 Capitulum
644 1493 804 1562 vniuersis
829 1498 1034 1581 presentibus
1059 1509 1092 1566 et
1115 1503 1255 1586 posteris

122 1604 298 1685 presentes
314 1598 444 1665 litteras
461 1597 655 1684 inspecturis
671 1599 809 1666 salntem
826 1601 860 1667 in
876 1613 1080 1690 perpetuum.
1099 1608 1157 1672 Vir
1167 1607 1256 1674 nobi-

120 1708 165 1774 lis
192 1714 228 1772 et
252 1706 392 1773 illustris
420 1702 537 1772 Comes
552 1705 731 1790 Nyeolaus,
757 1706 857 1775 irater
873 1709 988 1795 Vgrini
1012 1711 1257 1800 Arohiepiseopi

122 1816 294 1900 quondam
310 1813 549 1898 strigoniensis
575 1811 615 1878 de
631 1833 751 1898 genere
767 1816 866 1899 Chao,
892 1837 965 1883 oum
982 1819 1047 1886 lilio
1067 1840 1125 1888 suo
1142 1823 1258 1908 primo

122 1922 239 2008 genito
257 1922 346 1988 Ysae
370 1921 406 1987 in·
420 1921 590 2008 presencia
614 1923 717 1988 nostri
740 1926 932 1991 constitutus
957 1928 1091 2013 publiea
1114 1929 1148 1996 in
1173 1929 1258 1998 hune

122 2029 261 2097 modum
276 2029 387 2096 retulit
401 2029 585 2096 sssoroione
602 2051 611 2092 ι

236 2139 310 2222 Ego
327 2136 445 2203 Comes
461 2136 629 2220 Nyeolaus
644 2135 745 2202 frater
757 2139 883 2223 Vgrini,
899 2139 1144 2228 Arebiepisoopi
1160 2163 1259 2228 quon·

14 2331 15 2334 Ἴ
126 2247 206 2313 dam
218 2245 468 2331 strigoniensis,
478 2244 702 2330 preeauensin
717 2245 860 2313 futurum
871 2248 1092 2315 dissensiones
1108 2250 1258 2336 fortasse,

126 2363 163 2424 et
178 2354 504 2422 eontenoionesinter
518 2353 701 2420 liliosmeos
717 2354 842 2421 futures
858 2357 971 2423 uolens
982 2361 1165 2444 preuenire,
1182 2379 1257 2444 pos·

128 2463 297 2530 sessiones
307 2481 399 2528 meas
410 2467 443 2527 et
457 2460 630 2528 facultates
641 2464 913 2530 testamentaliter
924 2466 1094 2533 distribui:
1113 2468 1260 2533 Primam

129 2576 265 2650 terram,
292 2589 357 2654 qne
373 2576 423 2635 est
438 2569 532 2634 iuxta
557 2568 731 2635 ecelesiam
745 2571 864 2636 Sancte
880 2570 1003 2653 Crucis,
1028 2574 1138 2658 legaui
1156 2573 1259 2640 tribus

132 2678 208 2744 filiis
225 2677 309 2742 meis
325 2676 361 2742 in
377 2695 555 2758 comune,
572 2674 725 2742 videlieet
741 2677 827 2743 Ysae
842 2677 1058 2763 primogenito
1079 2700 1162 2764 meo,
1177 2679 1260 2746 Lau·

134 2786 253 2868 reneio,
270 2791 306 2850 et
320 2784 473 2864 Johanni,
490 2784 600 2851 taliter
610 2783 824 2871 disponendo,
842 2795 878 2852 ut
892 2787 1026 2870 quilibet
1037 2808 1147 2856 eorum
1162 2807 1261 2872 super

137 2913 208 2958 eam
234 2903 357 2959 terram
382 2891 426 2958 ad
441 2912 535 2958 suum
559 2893 646 2958 uelle
665 2893 796 2958 ediliois
818 2894 1014 2978 constituat3
1041 2895 1170 2962 edificia
1185 2915 1264 2962 uero

130 2999 252 3084 juniori
268 2999 335 3066 tilio
352 3018 424 3066 meo
441 2999 562 3083 legaui.
591 3003 634 3066 Et
649 3001 836 3086 porcionem
851 3020 958 3067 meam
974 3001 1015 3067 de
1030 3003 1116 3068 silua
1131 3003 1261 3067 Wertns

134 3107 287 3172 similiter
304 3107 430 3172 eisdem
454 3108 489 3172 in
505 3127 673 3175 commune
689 3108 810 3191 legari,
836 3127 909 3173 eum
925 3128 984 3173 sex
1006 3108 1193 3174 custodibus
1209 3107 1263 3173 sil·

134 3233 260 3296 uarum,
278 3213 385 3296 quiin
401 3213 482 3279 uilla
499 3215 826 3298 Eenreonhabitant5
853 3215 1028 3298 dequibus
1048 3215 1121 3297 dno,
1139 3213 1264 3280 scilieet

134 3319 329 3405 Gregorium
347 3329 380 3388 et
394 3323 524 3407 Jaxam,
546 3321 630 3389 Ysao
644 3322 767 3405 legsui,
785 3322 925 3404 reliquos
943 3341 1019 3388 uero
1036 3335 1185 3406 quatuor,
1202 3321 1263 3388 sei·

134 3431 212 3495 lieet
228 3429 416 3513 Georgium,
434 3431 580 3516 Bersam‚
597 3430 722 3514 Zugud.
740 3435 773 3494 et
788 3431 923 3498 Misoarn
940 3430 1065 3498 duobus
1085 3431 1263 3497 minoribus
1320 3503 1321 3506 Ἴ

135 3535 268 3621 legsni5
287 3541 320 3600 et
334 3537 442 3620 ipsam
456 3542 575 3600 terram
591 3537 677 3602 Eeur
693 3535 774 3620 ipsis
789 3535 823 3600 in
840 3556 1016 3603 eommune.
1033 3537 1161 3604 Deinde
1178 3536 1264 3602 Ysae

136 3643 203 3709 lilio
223 3661 297 3709 meo
313 3641 462 3726 inprimis
472 3643 582 3726 legari
598 3648 719 3709 terram
730 3642 850 3727 Keregj
866 3663 937 3710 eum
949 3655 1073 3728 septem
1092 3644 1263 3729 libertinis,

137 3771 275 3836 quorum
289 3750 424 3817 nomina
446 3750 506 3816 hee
522 3757 598 3816 sunt
615 3772 623 3813 :
648 3750 775 3835 iirbbu,
792 3752 956 3836 Tyrodor,
973 3754 1121 3837 Mogcbu‚
1140 3752 1263 3834 lindos,

136 3859 206 3942 Iba,
223 3859 340 3942 Mogus
366 3863 398 3923 et
413 3856 594 3942 Soberede;
622 3858 701 3924 item
716 3859 827 3943 legaui
851 3859 957 3924 eidem
983 3867 1099 3925 terram
1125 3857 1167 3923 de
1183 3857 1263 3924 uilla

137 3964 240 4032 Celuu
256 3967 383 4049 absque
398 3965 569 4032 libertinis.
587 3966 669 4031 ltenr
690 3965 796 4031 eidem
811 3967 920 4049 legsui
934 3973 1054 4032 terram
1066 3963 1176 4031 Vrund
1191 3985 1264 4032 eum

137 4081 278 4159 quatuor
292 4073 472 4158 libertinis,
498 4093 635 4158 quorum
652 4073 860 4139 nominales
875 4079 969 4138 sunt:
996 4071 1109 4156 llguld,
1127 4071 1263 4156 Aehold,

137 4181 250 4248 Buzad
276 4187 309 4248 et
323 4181 477 4267 Mathey3
509 4183 587 4248 item
612 4181 722 4264 legaui
748 4181 853 4246 eidem
877 4187 997 4247 terram
1022 4181 1161 4264 'lubogd
1191 4199 1265 4246 eum

137 4300 263 4380 septem
277 4293 452 4376 libertinis,
476 4311 612 4376 quorum
628 4293 763 4358 nomina
778 4291 838 4374 heo
853 4298 929 4356 sunt
946 4313 955 4354 r
974 4293 1124 4372 incensu,
1142 4291 1265 4354 Auder-

137 4422 202 4486 eas,
219 4403 343 4489 Bugur,
370 4401 485 4483 Ereus,
511 4400 662 4482 lembus,
681 4400 809 4480 Foreos,
836 4409 869 4464 et
890 4400 1025 4482 Moeby3
1052 4399 1129 4464 ieeur
1155 4397 1266 4480 legaui

135 4509 242 4578 eidem
258 4517 384 4576 terram
399 4510 476 4591 Ker,
494 4529 568 4576 eum
584 4507 711 4576 duobus
730 4508 898 4580 libertinis,
914 4526 1046 4590 quorum
1058 4506 1190 4572 numina
1206 4508 1267 4574 beo

134 4627 228 4688 sunt:
246 4621 359 4686 Forna
377 4625 409 4683 et
425 4621 530 4705 Tegu3
557 4618 668 4702 legaui
691 4617 795 4684 eoisur
811 4616 916 4682 eidem
940 4623 1058 4681 terrani
1078 4617 1167 4695 Vrse,
1193 4637 1267 4682 cum
