3162 5188
867 285 1029 388 —ers—

382 484 560 567 mauerint;
586 489 662 554 tunc
684 483 879 569 quicumque
904 482 1100 566 audiuerint,
1127 502 1226 569 passo
1254 479 1416 549 iniuriam
1444 482 1529 550 totis

382 592 504 661 viribus
522 591 679 660 auxilium
695 600 728 659 et
743 593 895 660 iuuameu
911 598 1061 679 prestare
1080 596 1270 676 teneantnr3
1298 589 1392 674 quod
1410 590 1445 656 si
1465 589 1528 657 lror

383 700 584 786 neglexerint
594 700 784 788 adimplere,
802 710 835 770 et
850 701 950 770 iudici
966 721 1025 790 per
1039 707 1142 768 testes
1152 699 1272 788 poterit
1287 717 1362 766 esse
1389 705 1530 782 notum,

382 818 459 876 tuuc
475 809 530 894 qui
539 807 698 876 auxilium
713 807 898 894 denegauit,
915 829 973 876 suo
987 807 1104 878 comiti
1120 827 1179 895 pro
1199 808 1307 876 banno
1324 814 1401 874 tres
1417 827 1532 874 roma·

384 923 478 986 natos
494 918 622 985 soluere
637 924 794 1002 teneatur,
821 924 855 984 et
870 916 1006 986 totidem
1022 915 1188 1004 perditori.
1212 914 1295 982 Item
1318 915 1532 999 quicumque

383 1026 415 1091 in
432 1025 677 1112 recuperatione
692 1044 799 1092 rerum
817 1023 945 1093 dederit
960 1045 1107 1112 operam,
1131 1033 1164 1091 et
1179 1024 1269 1111 ipsas
1291 1021 1533 1090 defenderita

382 1132 583 1218 latronibos;
618 1135 673 1220 qui
698 1154 756 1202 eas
780 1131 996 1217 conduceret,
1026 1134 1172 1218 ipsarum
1207 1128 1529 1218 recuperandarnm

382 1259 488 1308 rernm
514 1237 674 1308 decimam
700 1241 902 1328 integraliter
928 1246 1155 1326 consequetur.
1191 1242 1271 1307 Item
1297 1239 1325 1306 si
1360 1236 1529 1305 damnum

383 1349 540 1416 inferatur
554 1347 654 1417 elicui
681 1349 722 1418 de
739 1348 834 1418 dictis
851 1348 1055 1435 Gluitatibus,
1081 1357 1113 1417 et
1137 1348 1218 1417 illud
1243 1347 1459 1416 conducatur
1477 1347 1525 1413 Si-

384 1459 533 1528 benieum
547 1459 600 1526 vel
616 1459 822 1546 Tragurium,
848 1459 1045 1547 precipimus
1062 1479 1126 1527 uon
1145 1459 1209 1526 emi
1225 1458 1267 1524 ab
1284 1457 1402 1541 aliquo
1421 1455 1519 1539 ciue,

384 1576 417 1636 et
432 1568 461 1635 si
476 1567 595 1653 aliquit
605 1567 833 1654 Traguriensis
849 1569 947 1636 sciret
962 1587 1030 1635 rem
1040 1568 1085 1636 ad
1101 1567 1245 1652 aliquem
1262 1566 1517 1634 Sibenieensem

383 1677 556 1764 pertinere,
573 1676 626 1744 vel
642 1696 661 1744 e
677 1695 845 1762 conuerso,
870 1683 946 1746 tunc
962 1697 1030 1746 rem
1045 1677 1198 1746 restituet
1214 1696 1272 1745 suo
1293 1673 1432 1744 domino
1447 1672 1519 1740 siue

384 1783 511 1870 precio
537 1789 570 1852 et
585 1782 613 1852 si
628 1784 816 1870 ignoranter
842 1785 966 1871 emerit,
993 1805 1087 1855 suum
1102 1785 1247 1871 precium
1272 1787 1515 1864 coaequarum

385 1897 418 1960 et
432 1910 500 1959 rem
514 1890 622 1977 ipsam
636 1910 695 1960 suo
712 1890 843 1961 domino
862 1891 1008 1960 conterat
1023 1899 1055 1960 et
1070 1893 1228 1980 assignet,
1250 1911 1290 1959 ac
1306 1889 1514 1958 venditorem

384 2000 432 2067 rei
454 1997 591 2088 prodere
615 2006 782 2086 tenestem
802 2007 843 2096 et
867 2001 897 2069 si
920 2001 1132 2071 mmttestare
1158 2003 1319 2085 uoluerit,
1348 2008 1428 2067 tnnc
1454 1995 1514 2063 erit

385 2115 588 2176 sacramento
612 2109 755 2195 proprio,
785 2115 821 2176 vt
845 2108 1016 2178 veritatem
1042 2111 1223 2198 exprimet,
1255 2105 1512 2194 compellendus.

385 2218 467 2286 Item
481 2215 689 2303 precipimur,
715 2217 801 2302 qnod
817 2216 846 2284 si
862 2217 982 2302 aliquis
999 2218 1220 2287 Sibenioeusis
1246 2215 1421 2284 accederet
1435 2215 1512 2281 'Ira-

386 2326 525 2412 ganum,
541 2325 594 2393 uel
609 2345 628 2391 e
644 2343 813 2409 conuerso,
839 2324 950 2410 alique
966 2326 1008 2393 de
1023 2345 1142 2411 cansa3
1160 2326 1242 2395 etin
1265 2323 1373 2411 ipsum
1389 2321 1509 2406 aliquis

386 2453 501 2502 manus
525 2431 672 2502 iniecerit
687 2432 857 2518 violentas,
883 2441 1031 2503 teneatur
1051 2454 1136 2522 pena
1163 2453 1222 2502 sex
1246 2439 1507 2512 romanatorum;

385 2549 452 2610 tres
468 2541 598 2629 quidem
623 2561 681 2625 pro
696 2560 756 2608 suo
771 2541 879 2609 banno
897 2541 1015 2610 comiti
1031 2541 1245 2626 conferentur,
1272 2541 1331 2626 alji
1348 2560 1426 2607 uero
1441 2545 1507 2604 tres

386 2668 486 2736 passo
510 2649 661 2717 iniuriam
687 2647 911 2736 applicentur,
938 2655 970 2716 et
985 2649 1013 2717 si
1030 2649 1072 2716 ab
1089 2649 1214 2736 eodem,
1238 2669 1259 2716 a
1281 2668 1344 2734 quo
1371 2644 1508 2715 intendit

386 2757 545 2828 iustitiam
568 2757 746 2844 postulare,
774 2763 807 2824 et
833 2756 931 2824 fuerit
953 2777 1138 2845 percussus,
1163 2776 1297 2826 causam
1322 2757 1451 2824 amittet
1476 2765 1509 2823 et

386 2887 446 2938 sex
460 2871 657 2950 romanatos,
674 2862 792 2932 Oomiti
808 2873 841 2933 et
868 2863 1039 2933 sustinenti
1064 2865 1229 2952 iniuriam,
1255 2873 1290 2934 vt
1313 2865 1432 2934 dictum
1459 2873 1507 2934 est

387 2975 546 3062 superius,
563 2972 779 3058 assignentur.
805 2973 887 3040 Item
904 2973 1087 3042 stabilimus
1102 2982 1135 3042 et
1150 2975 1283 3042 tirmiter
1309 2972 1504 3060 ordInamns,

387 3081 474 3172 quod
500 3079 528 3148 si
553 3079 672 3166 aliquis
696 3080 886 3148 molestatus
910 3079 1009 3149 fuerit
1040 3081 1111 3149 sine
1136 3081 1305 3167 sanguinis
1339 3081 1503 3168 effusione,

386 3198 473 3276 tunc,
490 3190 573 3257 sient
588 3188 709 3256 dictum
725 3193 785 3274 est,
811 3187 929 3257 debeat
943 3188 1089 3258 inditore
1104 3191 1299 3276 hominibus,
1322 3190 1435 3274 quibus
1449 3191 1504 3258 olt-

388 3296 537 3382 uIauerit,
561 3293 798 3382 etsesdune,
824 3301 856 3361 et
881 3303 997 3382 postea
1021 3295 1120 3365 Ouria
1144 3297 1245 3386 illius,
1271 3299 1327 3384 qui
1353 3296 1502 3366 deltotnm

388 3403 556 3490 commisit,
573 3402 670 3471 debet
685 3402 764 3471 dare
778 3400 875 3471 tidem
890 3404 932 3488 ei,
948 3405 1003 3488 qui
1019 3404 1172 3473 iniuriam
1187 3405 1353 3491 sustinuit,
1373 3407 1452 3474 slent
1468 3407 1500 3473 in

388 3509 557 3578 vulnerato
581 3511 729 3596 superius
754 3517 805 3578 est
829 3517 1005 3579 narratum.
1029 3514 1112 3580 Item
1127 3533 1200 3580 oum
1225 3534 1289 3583 non
1306 3512 1350 3580 sit
1373 3511 1498 3598 iustum,

388 3617 531 3703 aliquem
555 3636 596 3684 er
620 3617 730 3685 allena
754 3617 879 3686 iactura
903 3615 1038 3705 dictari;
1069 3620 1320 3707 pronunciamus
1332 3671 1341 3705 ,
1367 3619 1498 3706 quodsi

388 3724 509 3811 aliquis
533 3727 604 3794 sine
628 3726 854 3796 vulneratione
876 3726 1081 3796 accusauerit
1096 3727 1239 3813 aliquem
1262 3727 1390 3816 inluste,
1414 3731 1498 3797 etin

388 3833 487 3902 (turia
501 3842 718 3922 consequutus
727 3833 824 3904 fuerit
836 3832 972 3922 aliquid,
989 3844 1022 3905 et
1032 3855 1160 3922 quoquo
1176 3845 1326 3924 tempore
1337 3845 1497 3925 appareret

387 3942 509 4012 iuiuate
524 3941 696 4031 recepisse,
722 3942 856 4028 duplum
872 3942 935 4012 sibi
951 3943 1165 4014 condemnato
1183 3945 1380 4033 precipimus
1402 3964 1496 4014 emen-

389 4049 478 4139 dare,
494 4057 601 4121 atauo
617 4049 735 4118 (iomiti
750 4070 810 4139 pro
827 4051 935 4120 banno
951 4051 1121 4121 duodecim
1139 4061 1337 4123 romanatos.
1359 4053 1495 4122 Preterea

388 4178 502 4228 omues
517 4158 602 4228 alias
617 4157 768 4245 rationes,
794 4159 943 4245 quamuis
959 4180 1023 4229 non
1040 4161 1153 4227 sintin
1170 4161 1392 4248 superioribus
1415 4160 1492 4249 oapi·

388 4265 465 4334 tulis
481 4265 724 4354 comprehense,
740 4263 920 4334 seeundum
931 4268 1048 4336 bonam
1064 4267 1330 4337 cousuetudinem
1350 4288 1406 4355 pro
1419 4275 1491 4337 utra·

389 4394 452 4462 que
468 4373 605 4442 dicimus
615 4372 793 4444 obseruari.
810 4374 892 4442 Item
908 4375 1055 4445 volumus
1066 4384 1098 4444 et
1113 4376 1320 4466 precipimus,
1337 4377 1490 4461 quodcum
1548 4409 1553 4414 ·

389 4481 601 4551 Sibinicensis
617 4481 741 4552 (liuius
751 4490 863 4551 careat
872 4481 1060 4569 tabellione,
1078 4474 1164 4571 qdod
1180 4483 1224 4552 ad
1234 4484 1488 4554 confirmatiorem

387 4590 633 4680 compositionis
657 4590 889 4680 suprascripte,
913 4610 1010 4677 quam
1036 4593 1135 4664 scribi
1158 4591 1293 4662 lecimus
1319 4613 1378 4680 per
1397 4591 1488 4661 trem·
