3162 5188
899 322 966 398 334

368 531 454 618 gitur
480 530 523 598 nd
538 530 678 599 insulem
693 527 868 614 quandum,
893 528 927 594 in
941 545 1009 610 qus
1024 523 1222 612 partiunium
1246 522 1412 610 quondum
1428 543 1496 590 sor·

368 642 496 708 ciuntur
511 637 669 725 cruciferi,
685 637 819 705 telinum
835 655 911 704 nero
927 634 1087 721 Magister
1101 633 1272 704 Hohoidus
1294 630 1501 718 possidebit;

368 748 485 816 deinde
500 749 620 816 transit
644 746 781 816 eundem
806 745 947 813 insulam
971 742 1015 812 sd
1030 751 1156 831 purtem
1182 740 1420 810 oooidootutem
1448 761 1502 825 po

368 875 448 925 nens
464 855 601 924 eundem
617 854 750 923 fluuium
766 875 825 941 pro
842 857 940 938 metu,
956 851 1003 918 itu
1020 859 1055 921 ut
1070 851 1142 938 ipse
1159 847 1451 918 fluuiussueoedst
1466 847 1499 913 in

368 965 608 1053 possessionem
624 963 766 1033 Hohoidi
790 961 971 1048 memorati,
996 970 1085 1029 terru
1099 981 1178 1030 uero
1195 960 1281 1027 ultru
1306 958 1416 1044 ipsum
1442 955 1498 1023 fln-

369 1074 457 1142 uinm
482 1078 532 1140 est
555 1071 706 1140 Burnebe
730 1071 840 1140 fratris
860 1071 989 1158 Pydur5
1015 1069 1120 1138 etita
1146 1068 1270 1136 uadens
1296 1066 1341 1134 uri
1368 1073 1500 1154 purtem

368 1179 665 1268 septemtrionalem
680 1179 760 1262 finit,
787 1186 906 1247 metum
922 1177 1063 1264 priorem
1088 1176 1281 1263 contingens
1306 1196 1368 1263 per
1387 1174 1501 1242 redue-

367 1291 503 1359 tionem.
530 1289 600 1356 Nos
615 1288 714 1374 igitur
732 1288 775 1356 ad
801 1289 995 1375 petitionem
1011 1287 1158 1374 purnium
1174 1285 1219 1352 ud
1233 1303 1281 1371 ea,
1308 1283 1427 1369 quein
1446 1304 1501 1348 no-

366 1403 435 1464 stra
450 1402 526 1464 sunt
540 1402 616 1462 notu
630 1395 809 1484 presencia,
819 1414 868 1463 'ne
883 1395 980 1482 lapsu
996 1394 1154 1481 temporis
1173 1393 1207 1459 in
1223 1392 1352 1459 irritum
1370 1391 1498 1477 possint

368 1504 548 1589 retraetari,
565 1503 692 1571 litterus
702 1512 831 1572 nostrus
847 1503 951 1589 sigilli
966 1501 1069 1571 nostri
1084 1501 1302 1570 concessimus
1316 1499 1497 1567 munimine

368 1613 549 1698 roboratus,
566 1634 652 1681 unno
668 1615 779 1698 gratie
794 1615 840 1680 M⁰
850 1612 1193 1698 OO⁰qninqnngesimo
1210 1610 1326 1696 primo.
1344 1607 1494 1676 Gersrdo

368 1723 511 1807 Deeuno,
529 1722 707 1789 Lunrenuio
724 1721 875 1805 Custode,
897 1721 1069 1790 Benediutn
1086 1718 1211 1788 Corioli
1228 1716 1355 1786 Comite
1373 1724 1493 1798 nostro,

368 1839 400 1896 et
416 1830 492 1915 uiijs
503 1829 736 1914 jobugionibus
751 1829 954 1913 Lodomuriu,
973 1826 1162 1912 Oolomuuo,
1180 1825 1314 1893 Tenkns
1335 1833 1370 1892 et
1385 1825 1493 1912 Fytok

368 1935 593 2005 existentibus.

367 2119 506 2184 (Eredetie
528 2115 700 2185 biiririrtytim
723 2134 740 2169 u
758 2116 997 2184 henim-burna
1019 2117 1245 2184 selyemusinoron
1271 2117 1382 2183 iiigg'utt
1403 2114 1494 2182 poenit

600 2208 737 2272 elveszstt,
750 2224 767 2259 u
778 2208 859 2260 budsi
873 2209 924 2260 kir.
939 2208 1060 2259 kemut-ui
1074 2205 1265 2274 ierilttrbun.)

801 2505 1063 2522 Ι-Ι--“,----·--ι

894 2999 974 3070 232.

367 3183 536 3248 Aiunisui
550 3185 628 3270 aptit
646 3181 760 3247 Punicis
784 3181 923 3246 rooooet
938 3179 1079 3247 Rotaria
1093 3181 1250 3265 helysepru
1275 3201 1365 3245 nesus
1381 3201 1484 3264 eppes-

820 3289 918 3358 tedet.
944 3287 1041 3353 1251.

474 3469 673 3538 Nos'l'omus
684 3469 807 3537 Diuins
820 3465 1154 3536 miserseioneAbbus
1165 3467 1355 3552 Monusturij
1370 3467 1489 3533 Suuete

367 3577 479 3644 Oruuis
495 3576 535 3644 de
550 3578 677 3645 Kuniss
702 3577 864 3645 uniuersis
881 3574 1001 3642 christi
1018 3573 1167 3642 fidelibus
1184 3593 1319 3661 presens
1334 3575 1489 3661 seriptum

367 3687 560 3772 inspueturis
575 3687 715 3754 sulutem
732 3687 765 3752 in
778 3703 854 3753 uero
869 3684 986 3752 salutis
999 3688 1142 3751 unetore.
1160 3683 1374 3750 Vniuersitati
1386 3689 1492 3748 resne

366 3794 573 3882 presentibus
590 3793 740 3862 duximus
755 3791 983 3877 intimandnm,
1003 3790 1092 3877 qnod
1106 3811 1178 3858 oum
1195 3790 1265 3858 litis
1281 3791 1410 3876 questio
1426 3809 1492 3857 uer-

366 3909 488 3971 teretur
515 3905 599 3971 inter
623 3922 683 3970 nos
699 3902 744 3969 ab
769 3920 834 3968 uno
850 3907 953 3988 purte,
964 3921 966 3926 ·
979 3907 1013 3968 et
1027 3899 1151 3968 Ponioh
1169 3899 1328 3967 Comitem
1352 3899 1397 3964 ub
1413 3899 1489 3984 sliu,

366 4033 426 4099 pro
441 4021 531 4081 terra
545 4012 704 4095 Rnknuin,
732 4029 831 4095 quum
847 4010 934 4078 idom
951 4011 988 4077 P.
1005 4008 1122 4076 Comes
1149 4009 1228 4076 emit
1243 4009 1287 4074 ab
1305 4007 1408 4076 Eleuh
1427 4007 1491 4074 filio

367 4121 477 4189 t'udnr
493 4120 628 4188 Comitis
644 4118 796 4205 Nyeoluy
821 4121 907 4186 insto
932 4118 1028 4185 titulo
1044 4117 1222 4203 emptionis
1246 4117 1340 4184 iuxta
1364 4119 1490 4184 estime-

367 4231 493 4298 nionem
504 4228 661 4296 bonorum
672 4227 814 4294 uirorum
826 4225 1150 4313 eomprouinoiulium
1161 4245 1293 4293 suorum
1310 4245 1369 4311 pro
1381 4225 1489 4292 deuem

367 4338 486 4404 mareis
503 4337 641 4421 argenti.
668 4334 767 4402 Cuius
793 4341 878 4402 terre
898 4335 1066 4417 quuntitss
1090 4331 1266 4400 seeundum
1291 4333 1488 4400 sententium

366 4443 541 4512 eorundem
571 4444 711 4510 virorum
744 4441 995 4529 prouincialium
1025 4441 1214 4509 continebat
1244 4448 1367 4505 terrum
1394 4441 1488 4506 trium

368 4559 549 4620 urstrornm
567 4569 640 4618 uum
651 4559 751 4636 purte
767 4549 883 4633 insule,
908 4569 972 4633 que
987 4549 1021 4615 in
1037 4548 1285 4616 eontinnuoione
1305 4544 1393 4613 dicte
1407 4551 1488 4614 terre

366 4661 506 4744 odiooet,
534 4676 598 4741 que
621 4659 726 4725 eoism
752 4658 874 4726 dietum
895 4656 995 4725 Eleoh
1024 4655 1244 4742 contingebat,
1267 4656 1360 4722 onius
1386 4654 1488 4724 insule
