3162 5188
823 289 981 392 34⁴4..

324 500 418 582 parte
442 513 503 579 pro
528 511 587 558 sex
613 487 750 573 marcis,
777 507 914 572 quarum
941 492 1092 571 quartam
1115 485 1284 553 dimidiam
1307 503 1460 550 marcam

325 597 464 670 soluisse
490 596 641 680 dicebat,
674 595 789 664 eodem
814 594 886 662 Pud
910 593 1036 663 comite
1060 594 1122 662 hoc
1148 592 1234 659 idem
1258 591 1461 657 affirmante„

326 705 550 788 Quantitatem
562 725 638 772 vero
655 703 759 790 ipsius
769 709 853 770 terre
868 701 979 770 taliter
994 701 1096 788 ijdem
1111 705 1356 788 expresserunt,
1368 698 1462 783 quod

325 813 713 904 incipiendoasuperiori
723 813 785 880 fine
796 809 1190 878 fruticumHawartvadit
1198 809 1291 875 iuxta
1301 827 1463 893 magnam

326 925 424 1010 viam,
452 942 514 1008 que
529 921 619 989 venit
643 920 685 989 de
700 920 766 988 Ker
781 939 883 1005 nsque
907 927 1029 986 terram
1049 917 1184 1004 Georgij
1210 916 1267 1003 filij
1285 918 1401 1000 Regve
1427 921 1464 980 ct

326 1049 441 1099 versus
458 1030 611 1114 Zerench,
638 1026 724 1095 sicut
738 1027 825 1094 idem
841 1023 962 1093 Petnrd
984 1025 1184 1112 possidebat,
1209 1021 1357 1110 predicto
1380 1021 1463 1106 Egi·

325 1141 380 1208 dio
396 1138 609 1208 vendidisset.
633 1141 754 1206 Datum
771 1138 805 1204 in
820 1137 968 1223 Nogoloz
984 1135 1019 1202 in
1032 1142 1151 1204 octana
1165 1133 1277 1202 Sancti
1293 1132 1462 1200 lobannis

324 1246 483 1335 Apostoli.

434 1352 644 1422 Postmodum
670 1359 778 1420 antem
794 1352 941 1441 prefatus
956 1350 1079 1419 Petnrd
1103 1371 1213 1418 coram
1229 1351 1325 1421 nobis
1348 1370 1462 1440 perso

328 1460 447 1528 naliter
462 1461 668 1548 constitutus,
693 1467 813 1527 terram
838 1460 1019 1547 predictam
1034 1461 1135 1527 Sncta
1160 1464 1193 1527 et
1207 1459 1318 1526 Rntka
1338 1477 1463 1526 nuncn-

329 1576 439 1656 patam
455 1569 515 1636 snb
531 1569 713 1653 quantitate
738 1567 961 1655 suprascripta
986 1567 1154 1636 confessus
1181 1574 1231 1634 est
1255 1567 1320 1654 ipsi
1338 1567 1461 1652 Egidio
1569 1597 1571 1638 l

326 1674 527 1762 vendidisse,
554 1696 595 1741 ac
610 1695 770 1742 summam
786 1675 1006 1761 predictarum
1023 1697 1081 1743 sex
1102 1695 1284 1742 marcarum
1299 1675 1399 1762 plene
1416 1675 1460 1741 ab

328 1782 441 1851 codem
467 1782 640 1870 recepisse,
668 1782 740 1850 Pud
765 1783 892 1851 Oomitc
916 1802 1026 1851 coram
1052 1782 1148 1850 nobis
1172 1783 1234 1848 hoc
1258 1781 1347 1848 idem
1371 1782 1460 1848 affir-

328 1898 449 1960 mante.
479 1893 516 1958 In
533 1891 624 1958 cuius
639 1893 686 1958 rei
702 1890 907 1958 euidenciam
924 1891 969 1958 ad
984 1890 1178 1958 instanciam
1195 1892 1343 1975 parcium
1360 1889 1461 1956 tradi-

329 1997 436 2067 dimus
447 2019 582 2085 presens
593 1999 750 2086 scriptum
761 2000 923 2068 communi
937 1997 1074 2066 fratrum
1085 2003 1266 2067 nostrornm
1277 2018 1459 2085 consensu,

329 2107 536 2195 presentibus
552 2115 662 2175 tamen
678 2107 817 2177 Nicolao
828 2109 1009 2197 Preposito,
1026 2107 1189 2176 Farkasio
1201 2107 1356 2192 (lantone,
1372 2109 1459 2175 'l'lro-

332 2235 388 2280 ma
411 2215 559 2300 Lectore,
584 2219 679 2282 Petro
705 2214 746 2283 de
769 2217 865 2302 Vngh
890 2216 1151 2304 Archydiaconis
1176 2224 1210 2284 ct
1234 2215 1310 2284 aliis
1337 2215 1459 2283 multis.

329 2323 424 2390 Anno
440 2321 573 2390 Domini
588 2323 708 2390 ΜὈΟο
725 2323 995 2411 quinguagesimo
1021 2323 1173 2392 secundo.
1197 2326 1369 2410 Regnante
1389 2321 1459 2408 gio·

330 2429 417 2499 rioso
433 2431 603 2517 Hungarie
619 2433 710 2518 Rege
725 2432 815 2517 Belo,
842 2433 1008 2519 Stephano
1028 2430 1253 2516 strigoniensi,
1280 2429 1459 2498 Benedicto

330 2537 503 2608 Colocensi
518 2539 813 2627 Archyepiscopis3
839 2537 971 2608 domino
987 2546 1098 2607 nostro
1115 2539 1286 2626 lamperto
1306 2541 1459 2625 Agriensi

329 2647 497 2737 Episcopo
513 2649 683 2718 existente.

330 2843 382 2910 (Aa
395 2847 454 2912 egri
467 2843 652 2912 ktpnlnnnck
666 2849 815 2912 ‚Magister
827 2847 930 2900 Paulus
942 2848 1015 2900 lilius
1027 2849 1164 2901 solennis
1176 2849 1209 2899 de
1221 2848 1319 2900 Lulra“
1332 2845 1461 2898 heresem

333 2936 410 2986 rata.
424 2938 470 2996 „in
490 2939 596 2990 octenis
615 2939 677 2991 festi
690 2939 894 3006 Assumpcionis
912 2940 996 2991 Beate
1014 2940 1137 3006 virginis.
1158 2941 1300 3006 Regnants
1318 2939 1460 2990 Lodouico

330 3027 382 3078 Dei
395 3029 489 3092 gracia
500 3027 603 3080 Illustri
617 3029 691 3096 Rege
704 3029 856 3096 Hungarie,
870 3030 1029 3082 Chanadino
1049 3029 1239 3095 strigoniensi,
1263 3029 1301 3082 St.
1316 3029 1461 3082 colocensi

329 3117 559 3184 Archyepiscopis
571 3125 599 3170 st
608 3119 717 3172 domino
729 3125 822 3171 nostro
835 3120 983 3172 venerabili
992 3122 1021 3170 in
1032 3120 1141 3172 Christo
1150 3127 1227 3186 patre
1238 3122 1271 3172 N.
1284 3121 1337 3172 Dei
1350 3128 1379 3172 et
1388 3121 1461 3188 Apo·

331 3207 426 3260 stolide
440 3207 516 3260 Sedis
529 3211 623 3275 gracia
634 3210 773 3277 Episcopo
786 3210 913 3276 Agrisnsi
932 3212 1080 3264 existente“
1093 3237 1130 3248 -
1140 3239 1176 3250 —
1188 3211 1295 3264 kiadott
1313 3209 1460 3264 adrectos}

636 3315 654 3350 a
665 3300 748 3352 budai
761 3301 812 3352 lu'r.
826 3301 948 3353 kamarai
961 3295 1150 3368 levdltdrban.)

764 3597 1020 3610 —nu———--
