3168 5186
828 365 983 468 Q

343 560 395 628 nis
414 559 603 646 infringere,
620 561 671 628 uel
688 563 718 628 ei
735 581 816 628 ausu
834 563 1005 629 temerario
1022 567 1194 633 contraire.
1220 568 1253 634 Si
1271 571 1344 654 quis
1359 578 1483 639 autem

344 669 405 737 hoo
431 677 624 756 attemptare
651 671 904 759 presumpserit3
935 670 1201 757 indignacionem
1227 677 1481 766 Omnipotcntis

345 779 406 844 Dei
424 785 457 844 et
472 777 647 846 Beatorum
664 781 750 847 Petri
778 789 810 847 et
827 777 920 847 Penii
939 781 1169 867 Apestoiorum
1195 787 1264 853 eins
1282 805 1318 853 se
1343 788 1484 855 nouerit

343 887 516 953 incursum.
544 887 663 952 Datum
689 887 839 971 Anagnic
859 888 913 954 VI.
941 907 1042 954 nonas
1069 890 1229 976 Octobris,
1257 893 1481 962 Pontificatus

344 995 446 1062 nostri
462 1013 549 1061 anno
567 993 768 1063 duodecimo.

436 1194 487 1263 (Aa
501 1192 684 1250 assissinato
697 1196 791 1249 Kneum
804 1193 923 1257 Ndndor,
936 1195 1050 1264 ursam
1064 1196 1129 1248 Sion
1148 1197 1182 1252 11.
1197 1200 1252 1253 tot.
1266 1201 1329 1255 ert.
1344 1203 1374 1270 i.)

779 1504 1034 1514 *...—.-

874 2021 951 2090 aot.

347 2207 369 2272 I
374 2206 407 2273 V.
426 2205 514 2272 lucre
527 2202 680 2292 pdpdrrak
694 2203 890 2284 iurrzuedoe,
906 2205 986 2291 melp
996 2205 1076 2271 dtrat
1089 2230 1126 2271 aa
1143 2212 1322 2296 cartrrpamr'
1336 2210 1476 2275 draeisrrlr

240 2406 242 2410 .
346 2321 376 2379 e's
391 2311 603 2400 Irriptaluuuuk
627 2311 853 2392 stabadalma‘t,
878 2313 960 2398 kopp
976 2336 995 2378 a
1011 2315 1117 2378 rotroci
1130 2313 1253 2380 ordinet·
1276 2315 1406 2382 krilri'uris
1424 2343 1475 2384 err·

429 2421 563 2508 proiciere
578 2419 682 2484 ue'Iiuil
696 2417 729 2483 ir'
742 2419 822 2483 otro!
837 2441 896 2483 oros
914 2419 1077 2505 sujtirctdd,
1093 2421 1263 2488 ceileiorrrr'.
1293 2424 1389 2490 1254

455 2616 664 2685 Innocentius
675 2615 856 2704 Episcopus
866 2634 981 2685 seruus
997 2635 1163 2686 seruorum
1175 2619 1237 2686 Dei
1255 2619 1384 2690 dilectis
1396 2621 1474 2710 dlijs

347 2778 396 2798 ...
415 2726 455 2794 de
471 2725 589 2813 Polys.
603 2731 675 2792 ..et
690 2724 731 2792 de
749 2725 876 2793 Boccon
888 2725 1071 2793 Abbatibus
1082 2725 1317 2812 cysterciensis
1329 2727 1471 2816 Ordinis,

348 2833 600 2922 vesprimiensis
626 2833 786 2918 Dyocesir
811 2833 949 2900 salutem
974 2840 1006 2901 et
1022 2830 1249 2922 apostolicam
1275 2837 1475 2908 benedictio·

221 2973 224 2978 ·
347 2963 430 3012 nem.
457 2941 646 3029 Apostolice
664 2938 760 3009 Sedis
776 2940 962 3027 benignitas
979 2943 1105 3010 sincere
1128 2943 1378 3030 obsequentium
1395 2953 1473 3014 uota

347 3050 491 3120 fidelium
507 3047 622 3118 iauore
638 3045 793 3116 beniuolo
809 3049 962 3134 prosequi
980 3050 1212 3140 consueuitpet
1228 3071 1387 3138 personas
1402 3051 1472 3123 illo-

347 3181 427 3246 rum,
454 3177 535 3245 quos
551 3159 586 3225 in
601 3175 662 3226 sue
678 3155 856 3225 deuocione
880 3163 1047 3244 promptos
1067 3159 1229 3228 inuenerit
1253 3166 1286 3228 et
1299 3161 1473 3250 feruentes,

347 3263 543 3356 quibasdam
568 3265 672 3334 titulis
698 3264 866 3333 decentius
893 3264 1060 3334 decorare.
1086 3267 1129 3335 Vt
1151 3269 1252 3352 igitur
1275 3289 1317 3337 ex
1337 3269 1473 3356 speciali

348 3377 531 3461 deuotione,
552 3394 650 3460 quam
666 3374 865 3442 uenerabilis
884 3373 983 3442 irater
1003 3381 1171 3445 noster-
1188 3415 1231 3425 -
1247 3415 1291 3424 -
1306 3415 1351 3426 —
1365 3379 1473 3446 Archi·

349 3485 531 3572 episeopus,
557 3489 590 3550 et
611 3479 722 3550 dilecti
747 3481 805 3569 filij
826 3480 1012 3570 Capitulum
1040 3485 1263 3571 Strigonieusc
1289 3486 1333 3554 ad
1357 3505 1416 3555 nos
1439 3496 1472 3553 et

349 3594 530 3661 Romanam
547 3587 728 3658 Ecclesiam
743 3590 866 3657 habere
882 3599 1068 3676 noscuntur,
1088 3593 1231 3660 sentiant
1246 3593 1311 3661 sibi
1328 3591 1471 3662 fauorem

349 3701 576 3788 Apostolicnm
600 3717 665 3765 non
687 3699 845 3766 modicum
871 3699 1074 3785 accreuisse;
1099 3699 1147 3767 eis
1165 3718 1221 3786 per
1240 3705 1369 3769 nostras
1386 3699 1473 3768 duxi-

352 3827 421 3880 mus
437 3809 564 3877 litteras
590 3805 845 3894 indulgendum,
870 3813 905 3874 rt
920 3809 1028 3876 nullus
1048 3808 1226 3894 Delegatns
1250 3805 1302 3876 uel
1322 3807 1472 3877 Subdcle-

351 3927 456 4007 gatus,
484 3917 656 4001 Enecutor,
683 3917 865 3984 autetiam
892 3915 1129 4000 conseruator,
1162 3916 1356 3983 auctoritate
1381 3915 1473 3984 Sedis

350 4027 549 4118 apostolice,
567 4026 619 4093 uei
635 4027 831 4113 Legatorum
850 4025 965 4111 ipsius,
983 4025 1016 4092 in
1034 4043 1101 4111 eos,
1125 4023 1179 4091 ael
1194 4023 1377 4092 Ecclesiam
1392 4027 1472 4112 ipso-

350 4157 421 4205 rum
447 4134 803 4220 excommunicationis,
830 4132 1064 4220 suspensionis,
1090 4133 1142 4201 uel
1159 4133 1326 4202 interdicti
1351 4141 1472 4202 senten·

351 4248 415 4315 tias
432 4245 648 4332 promulgare,
676 4249 731 4312 aut
748 4241 942 4310 interdicere
955 4240 1036 4328 ipsis
1054 4243 1237 4326 ingressum
1253 4239 1402 4310 Ecclesie
1421 4259 1471 4308 us·

351 4354 431 4438 leat,
449 4353 575 4438 absque
592 4349 727 4440 speciali
738 4349 891 4418 mandato
907 4345 1002 4417 Sedis
1018 4349 1175 4435 eiusdem,
1195 4348 1336 4417 faciente
1347 4345 1471 4437 plenam

352 4467 384 4526 et
397 4478 585 4549 expressam
603 4457 644 4527 de
662 4458 866 4545 inguigentia
883 4456 1066 4525 huiusmodi
1084 4459 1291 4524 mentionem.
1315 4456 1470 4536 Quocirca

353 4565 542 4636 discretioni
559 4575 667 4638 nestrc
686 4585 745 4655 per
754 4564 946 4654 Apostolica
962 4564 1083 4652 scripta
1094 4564 1299 4653 mandamus,
1316 4573 1470 4651 quatenus

356 4675 460 4745 dictos
470 4673 754 4763 archiepicopum,
772 4674 956 4762 Capitulum
967 4681 999 4742 ct
1009 4673 1190 4744 Ecclesium
1200 4695 1266 4744 non
1282 4675 1471 4765 permittetis
