3168 5186
545 385 698 491 :HL

51 585 257 648 memoratus
272 587 415 664 sanetus,
442 581 519 648 dum
535 583 642 650 adhuc
653 559 739 670 ’ipse
754 584 825 650 uita
849 584 1008 670 potiretur
1025 588 1182 673 presenti,

50 685 204 770 presedit
220 685 253 752 in
269 687 384 753 eadem
400 687 582 756 Pontificali
597 687 705 756 officio
720 689 820 774 digne
843 689 982 776 functus,
1000 693 1184 762 interuentu

50 792 258 861 venerabilis
283 813 404 880 sponse
419 795 550 882 Christi,
576 815 731 882 germano
756 804 866 867 nostre
881 800 1012 885 sororis,
1031 800 1185 868 uidelicet

50 903 210 970 Salomee
235 902 398 994 qnondam
415 904 553 971 Galacie
568 905 693 992 Regius
718 906 817 993 plena
833 907 867 973 in
891 913 1083 994 perpetuum
1108 930 1184 996 gau·

53 1009 138 1076 dere
164 1009 370 1078 concedimus
394 1009 556 1080 libertate.
585 1011 623 1078 ld
640 1032 681 1080 ex
701 1021 815 1082 nostra
839 1013 1017 1084 deuocione
1043 1016 1185 1085 racionis

51 1117 195 1185 arbitrio
211 1117 433 1202 decernentes,
460 1127 494 1186 ut
510 1138 621 1186 omues
637 1119 732 1187 liberi
748 1120 895 1189 homines
911 1121 1053 1208 Capituli
1073 1142 1186 1210 snpra-

52 1226 151 1312 dicti,
168 1226 387 1312 predictarum
403 1227 509 1295 coloni
527 1233 560 1294 et
575 1227 814 1296 inhabitatores
828 1229 989 1316 uillarum,
1007 1249 1080 1297 eam
1094 1231 1187 1299 liher-

53 1319 162 1400 tatem
177 1333 333 1417 habeant,
358 1353 422 1419 qne
437 1335 635 1420 ascripticijs
660 1336 762 1403 Saore
778 1335 1005 1405 Oracouieusis
1020 1338 1115 1405 Sedis
1140 1339 1186 1405 in·

56 1441 157 1508 dulta
172 1461 246 1510 esse
262 1442 440 1510 dinoscitur
456 1443 654 1528 abantiquo,
672 1450 704 1512 et
720 1464 779 1530 per
795 1464 854 1513 nos
869 1445 972 1511 eciam
982 1445 1188 1531 postmodum

54 1548 226 1617 roborata.
261 1547 326 1627 Qui
351 1555 464 1635 utpote
496 1549 591 1616 liberi
617 1550 765 1618 homines
790 1550 933 1637 Capituli
964 1553 1143 1638 supradicti
1169 1574 1190 1619 a

57 1661 184 1742 nostro,
202 1665 234 1724 et
250 1662 431 1726 nostrorum
448 1664 663 1744 posterorum,
680 1664 713 1724 et
730 1657 961 1743 Palatinorum,
985 1666 1018 1725 et
1033 1660 1190 1728 castella-

57 1785 188 1848 norum,
204 1772 237 1832 et
250 1765 468 1851 quorumlibet
478 1765 626 1851 judicum
644 1765 782 1833 aliorum
797 1767 1002 1853 presencium
1022 1777 1054 1836 et
1069 1768 1190 1836 futuro-

58 1894 133 1940 rum
147 1871 281 1960 jndicijs
306 1871 436 1958 penitus
452 1874 484 1941 iu
501 1883 692 1960 perpetuum
716 1880 792 1940 sunt
809 1874 981 1957 immunes,
1006 1881 1039 1944 et
1057 1895 1191 1962 prorsus

60 1983 163 2050 liheri
180 2001 202 2048 a
216 1988 332 2067 strosa,
351 1988 482 2066 etstan,
508 1989 540 2048 et
556 2002 671 2067 pouoz,
687 1990 720 2050 et
735 1982 811 2068 alijs
827 1981 1039 2051 seruitutihus
1062 1990 1096 2050 et
1110 1982 1193 2048 solu·

61 2090 213 2158 cionibus
238 2088 413 2175 ordinarijs
428 2097 462 2156 et
478 2090 761 2176 extraordinarijs,
788 2109 979 2175 quocunque
1001 2089 1115 2156 eedem
1137 2109 1192 2166 uo·

63 2199 156 2273 mine
171 2205 378 2282 censeantur,
404 2197 529 2283 preuod
544 2197 678 2264 militari
694 2205 841 2284 excepto.
868 2196 956 2274 Quos
973 2197 1122 2265 volumus
1138 2195 1193 2262 do-

63 2305 227 2371 minorum
252 2323 385 2370 snorum
400 2303 573 2370 dumtaxat
598 2302 795 2371 utilitatibus
812 2310 844 2370 et
868 2301 1016 2387 scruioijs
1039 2307 1195 2389 perpetuo

65 2410 261 2498 mancipari.
280 2409 477 2495 Adicientes,
503 2410 589 2496 quod
606 2411 635 2479 si
651 2413 724 2496 quis
739 2411 825 2478 hauc
840 2409 1054 2478 donacionem
1073 2417 1106 2475 et
1120 2429 1194 2477 con·

67 2520 253 2588 cessionem
278 2525 422 2586 nostram
448 2518 587 2586 uoluerit
600 2517 775 2604 infirmare,
803 2519 855 2586 uel
871 2518 902 2584 ei
916 2536 998 2585 ausu
1024 2518 1197 2584 temerario

67 2625 243 2711 contraire,
262 2623 525 2709 indignacionem
537 2625 776 2712 Omnipotentis
786 2626 859 2710 Dei,
876 2632 909 2692 et
918 2625 1011 2692 Beati
1031 2624 1101 2691 eins
1116 2644 1198 2690 mar-

69 2736 143 2802 tiris
154 2732 333 2819 Stauialay,
345 2739 378 2799 et
387 2738 540 2818 nostram,
558 2753 630 2800 cum
641 2732 991 2801 excommunicacionis
1005 2739 1116 2801 nostre
1125 2751 1199 2800 sen·

72 2842 184 2910 tencia
198 2841 326 2910 nouerit
341 2861 377 2910 se
393 2841 604 2910 incursurum.
630 2842 751 2908 Datum
768 2840 801 2908 in
818 2840 980 2908 (tracouia
994 2859 1053 2926 per
1067 2859 1199 2907 manum

71 2949 184 3016 fratris
200 2949 421 3016 Bartholomei
436 2947 569 3016 Ordinis
585 2949 754 3031 Minorum,
777 2946 967 3016 mediatoris
983 2947 1068 3016 iuter
1083 2967 1144 3016 nos
1159 2966 1199 3014 ex

73 3077 140 3126 una
155 3061 260 3143 parte,
286 3065 318 3124 et
334 3056 522 3143 Capitulum
548 3055 767 3123 Oracomense
791 3075 833 3122 ex
849 3055 954 3122 altera
975 3061 1088 3141 parto3
1114 3073 1200 3120 anno

76 3166 118 3231 ab
134 3163 369 3232 lnoaruacione
386 3163 518 3231 Domini
535 3165 577 3230 ll.
589 3162 652 3230 cd.
670 3162 940 3249 quiuquagesimo
957 3164 1081 3248 quinto,
1097 3160 1200 3229 ludic-

76 3273 169 3340 cione
186 3272 292 3355 xul,
308 3273 378 3338 XV.
396 3270 558 3338 kalendas
574 3270 683 3355 Junij;
709 3277 743 3336 et
759 3268 965 3355 postmodum
980 3267 1202 3336 confirmatum

79 3384 112 3446 et
126 3378 326 3466 publicatum
336 3378 369 3444 in
385 3378 547 3462 colloquio
563 3377 675 3446 habito
691 3377 780 3462 apud
791 3377 978 3444 Bausouam
987 3376 1100 3444 eodem
1117 3394 1203 3442 auno

79 3486 212 3554 Domini
236 3487 330 3554 nouis
346 3485 557 3572 Septembris.
582 3484 792 3552 Prosentibus
818 3483 869 3551 his
893 3484 1042 3568 testibus,
1068 3501 1202 3569 quorum

78 3595 210 3662 uomina
226 3603 303 3662 sunt
317 3596 378 3662 hec
394 3619 403 3658 ε
421 3593 635 3662 Venerabiles
651 3599 762 3680 patres
778 3593 880 3660 Falco
896 3592 958 3660 Dei
975 3591 1088 3677 gnada
1104 3591 1204 3658 Gnar-

79 3703 189 3771 neusis
219 3701 494 3789 archiepiscopus
506 3753 515 3787 ,
547 3701 716 3770 Prandota
746 3699 976 3770 Oracouieusis
1007 3699 1204 3786 Episcopus,

80 3813 181 3878 irater
205 3809 360 3877 hibertus
391 3808 523 3877 Ordinis
549 3809 729 3894 Minorum,
762 3807 922 3874 Dominus
947 3806 989 3874 de
1019 3804 1207 3888 Zauichost,

82 3920 187 3987 Adam
214 3916 420 3984 Oastellauus
436 3915 675 3999 Crotoniensis,
700 3917 870 4000 Sengneus
885 3913 1055 3981 Palatinus
1080 3909 1206 3979 Saudo·

83 4027 185 4110 mirie,
211 4025 309 4092 Sulco
326 4022 534 4092 castellanus
549 4023 591 4090 de
607 4021 735 4109 Luhhn,
761 4019 929 4090 Bronisius
945 4017 1151 4085 castellanus
1167 4015 1208 4082 de

21 4175 22 4180 =
83 4133 201 4220 Beych,
227 4132 408 4201 Nicholaus
425 4129 533 4200 ludex
559 4130 798 4216 Draconieusis,
824 4129 938 4196 Petrus
954 4126 1063 4194 Judex
1087 4122 1209 4192 &ndo

22 4241 24 4336 ξ
83 4243 185 4328 mirie,
212 4239 293 4308 Smil
310 4240 473 4307 Pincema
488 4238 727 4321 Gracouieusis,
753 4237 851 4304 Suloo
867 4235 1041 4319 Subagaao
1061 4232 1211 4301 Gracoui.

89 4349 185 4436 ensis,
200 4348 355 4416 Albcrtus
372 4347 544 4432 Subagazo
561 4342 846 4427 Sandomiriensis,
872 4340 990 4407 Petrus
1002 4340 1212 4408 Subueuator

25 4489 26 4524 l
87 4457 370 4541 Saudomiriensis,
380 4454 467 4524 Ghar
480 4453 688 4524 Camerarius
697 4447 1084 4534 dominiArchiepiscopi,
1094 4446 1212 4514 Petrus

25 4555 27 4614 ἶ
89 4567 221 4656 aniier
247 4565 371 4636 domini
393 4564 550 4652 Episcopi
568 4560 737 4646 Graccuie,
763 4567 797 4626 et
811 4558 868 4643 aiij
894 4554 1134 4642 quamplurimi.
1159 4553 1212 4621 Ad

90 4675 180 4742 robur
196 4682 306 4744 autem
333 4674 475 4742 omnium
500 4671 733 4757 premissorum
760 4684 895 4752 presens
920 4664 1075 4751 scriptum
1101 4668 1213 4730 nostro

133 4810 233 4850 scrut.
250 4809 333 4850 aure.
350 4808 420 4847 man.
440 4817 476 4830 -
496 4807 567 4845 uren.
585 4795 620 4836 ¹¹-
1011 4781 1051 4844 nl
