3210 5194
591 348 750 448 ἑὸ]-

208 543 279 627 Ego
298 541 468 610 lohannes
485 538 610 608 Gasioti
625 541 841 610 Examinator
856 563 987 610 manum
1009 563 1117 612 meam
1132 547 1235 616 mitto.

212 649 254 715 Et
271 647 343 731 Ego
358 647 378 714 J
382 646 521 715 unsinna
541 647 750 715 Primicerius
767 654 799 715 ct
814 650 1084 736 Tragurienuium
1102 655 1237 722 Juratus

265 755 422 822 Notarius
434 754 629 838 jubentibus
650 753 806 824 iratribus
824 755 975 846 Girardo,
1000 761 1108 830 Paulo
1126 768 1158 829 ct
1173 761 1236 828 An-

264 860 355 944 drea,
384 870 416 927 ct
434 861 603 929 voluntate
626 863 845 949 predictorum
866 864 1019 934 lodicum
1038 876 1071 937 et
1089 866 1237 935 Commu-

265 970 381 1036 nitatis
391 970 622 1054 Traguriensis
635 973 720 1038 hanc
737 980 863 1040 curtum
874 972 991 1059 scripsi
1008 980 1042 1042 et
1058 973 1154 1060 signo
1165 994 1236 1043 con·

266 1084 359 1144 sueto
381 1076 522 1162 signavi.

109 1277 234 1339 (Carrara
256 1275 386 1332 Ferencz‚
409 1273 539 1325 Archivio
562 1274 716 1340 capitolare
739 1275 766 1325 di
779 1274 900 1341 Spalato,
920 1277 1032 1343 Spalato
1055 1281 1134 1331 1844.
1156 1281 1197 1332 ⁷4.
1218 1281 1235 1330 l.

108 1368 205 1418 Lucius
219 1380 284 1416 eren
298 1361 418 1430 olrmany
432 1365 505 1416 olasa
529 1362 673 1417 fordltlsut
686 1367 767 1428 letali,
785 1366 915 1418 Memorio
929 1369 1045 1419 storiche
1064 1369 1091 1420 di
1104 1370 1179 1421 Trau
1192 1373 1235 1421 ts.

110 1455 193 1506 sk'cv.
206 1453 248 1514 ll.;
266 1451 394 1517 melynek
418 1453 453 1504 itt
466 1450 583 1519 hitnyzc
604 1453 776 1506 beveaetlsot
789 1455 806 1507 l.
820 1453 946 1520 Fejernel
965 1455 1030 1508 Cori.
1044 1457 1118 1523 Dipl.
1132 1456 1194 1508 VII.
1208 1459 1235 1508 k.

589 1547 614 1595 4.
629 1561 649 1595 r.
664 1547 706 1596 92.
720 1545 750 1611 l.)

633 2302 709 2370 102.

108 2481 164 2547 IV.
182 2482 268 2549 Belo
290 2482 399 2568 kiroly
415 2505 436 2546 a
453 2485 583 2547 casuri
598 2483 823 2548 domonkociolc
841 2485 1082 2550 moaostorctuclc
1097 2507 1153 2571 cpy
1176 2487 1236 2550 tert

107 2588 365 2676 udomduyosoda
388 2590 528 2672 lcortuck,
556 2590 702 2676 eialpctt
720 2611 742 2654 a
758 2593 887 2655 oasortri
909 2590 1082 2676 lrctptulont
1108 2592 1236 2678 Lupcco

338 2699 419 2763 acolt
427 2695 558 2781 sordue
573 2695 681 2782 aspra
696 2697 739 2760 lsi.
770 2699 1005 2778 raca-1253.

214 2873 298 2940 Bela
313 2873 376 2941 Dei
392 2872 505 2958 gracia
520 2875 591 2940 Rex
607 2871 752 2958 Vngarie
770 2870 861 2960 (etc.)
880 2871 923 2940 ad
940 2872 1165 2940 uniuersorum
1181 2891 1237 2940 no-

108 2980 220 3048 ticiam
236 2980 353 3047 harum
378 2979 464 3048 serie
480 2980 629 3048 volumus
648 2981 829 3065 peruenire,
854 2978 940 3064 quod
960 3001 1033 3048 cum
1052 3000 1113 3049 nos
1138 2998 1237 3065 quan

110 3087 182 3154 dam
209 3105 323 3154 arcam
348 3086 497 3154 neclesie
521 3086 562 3153 de
579 3085 693 3154 Castro
709 3088 830 3155 Ferrco
846 3086 880 3152 iu
905 3087 1060 3155 suburbio
1091 3085 1235 3154 eiusdem

111 3193 219 3262 casui
234 3194 330 3262 iuxta
354 3195 588 3264 monasterium
613 3194 751 3262 fratrum
773 3194 1018 3262 Predicatorum
1044 3194 1235 3262 existentem

111 3299 151 3368 de
168 3303 258 3370 buna
283 3301 452 3370 voluntate
467 3301 555 3368 Petri
570 3302 734 3388 Propositi
761 3309 792 3368 et
807 3302 912 3369 tocius
929 3299 1073 3386 Capituli
1093 3300 1237 3368 ciusdem

111 3408 261 3476 Ecclesia
286 3409 330 3476 ad
346 3429 408 3477 nos
423 3417 599 3494 receptam,
624 3408 779 3476 iratribus
797 3407 1063 3477 Prculicatoribus
1088 3428 1147 3493 pro
1169 3415 1238 3474 orto

110 3516 259 3607 parendo
287 3517 549 3602 contulissemus,
575 3517 608 3583 in
625 3515 851 3584 concambium
867 3535 943 3584 aree
968 3515 1115 3601 predicte
1138 3535 1240 3601 quun-

112 3629 187 3696 ‹lum
202 3633 324 3694 terram
341 3623 450 3692 (lustri
460 3624 572 3692 Ferrei
588 3624 721 3692 nomine
734 3625 854 3710 Lapsa,
871 3622 1086 3692 sufficientem
1104 3642 1162 3708 pro
1178 3642 1240 3692 vsu

111 3735 247 3804 duorum
275 3739 459 3800 aratrorum
486 3752 558 3800 cum
584 3731 734 3799 omnibus
750 3729 943 3799 utilitatibus
970 3737 1003 3798 et
1027 3729 1239 3816 pertinenciJs

111 3844 195 3910 dicta
221 3839 372 3907 Ecclesia
397 3839 438 3906 de
462 3839 583 3906 Ferroo
610 3837 725 3909 Castro
754 3839 950 3906 contulimus
978 3839 1049 3904 iure
1080 3843 1237 3923 perpetuo

112 3946 357 4038 possidendam.
386 3944 486 4014 Cuius
502 3955 587 4015 terre
611 3954 697 4013 mate
713 3945 775 4013 hoo
794 3945 908 4013 ordine
934 3943 1155 4026 distinguntur
1175 3941 1238 4008 stb.

113 4148 231 4207 (Boland
242 4145 386 4199 uadornak
402 4147 515 4196 labi—iri
528 4141 628 4196 ltirata
647 4141 714 4196 utin
727 4144 800 4195 kurli
813 4144 892 4210 Nagy
905 4145 985 4202 Inue,
1004 4139 1091 4190 Hanni
1105 4133 1242 4201 Olrmluy·

544 4232 586 4286 tt'tr
604 4235 651 4286 lv.
664 4235 721 4285 lunt.
737 4233 780 4284 2⁷.
794 4232 811 4282 l.
