3186 5188
855 287 1010 390 Q..

370 501 514 563 mentum
531 492 620 578 apud
630 490 813 578 Principes,
832 493 949 578 quibus
962 490 1100 560 fideliter
1114 491 1324 560 famulantur.
1344 494 1436 561 Hinc
1456 503 1523 579 est,

369 600 459 688 quod
476 600 519 667 ad
534 598 759 667 uniuersorum
776 605 844 665 tum
859 600 1064 687 presencium
1091 619 1189 684 quam
1204 605 1414 686 posterorum
1433 605 1524 670 noti·

372 711 460 776 ciam
475 709 590 774 harum
606 707 692 776 serie
707 708 856 776 volumus
872 707 1053 794 peruenire,
1071 705 1160 792 qnod
1175 706 1332 793 Magister
1347 707 1524 777 Constan-

372 819 460 886 tinus
486 819 641 886 Decanus
667 817 816 885 Ecclesia
840 816 994 884 Albensis
1019 815 1126 883 fidelis
1151 822 1262 884 noster
1289 816 1335 882 ad
1359 825 1523 886 nostram

375 926 538 992 accedens
555 924 759 1010 presenciam
789 923 954 991 humiliter
969 922 1177 1009 supplicauit,
1205 929 1241 989 ut
1257 923 1442 1009 priuilegia
1460 925 1524 991 Ca-

377 1035 470 1120 pituli
486 1033 649 1115 Albensis,
666 1051 727 1100 nec
743 1051 808 1098 non
820 1029 1057 1099 cruciferorum
1067 1033 1193 1099 Domus
1209 1031 1392 1118 Hospitalis
1410 1051 1524 1119 super

376 1151 462 1208 terra
477 1161 539 1208 sua
555 1140 589 1205 in
599 1139 697 1208 llolra
712 1139 808 1206 nobis
819 1139 965 1206 exhibita
981 1145 1092 1206 nostro
1108 1139 1318 1224 dignaremur
1329 1141 1522 1228 priuilegio

378 1251 580 1318 confirmare.
605 1247 705 1314 Cuius
725 1247 879 1334 precibus
902 1255 1081 1316 annuentes
1106 1257 1175 1315 tam
1198 1249 1325 1316 litteras
1350 1248 1522 1337 Capituli,

376 1377 473 1440 quam
500 1354 736 1423 Crucilerorum
761 1355 803 1422 de
827 1355 927 1423 uerbo
952 1356 995 1422 ad
1020 1358 1155 1424 uerbum
1182 1349 1389 1444 prisentibus
1416 1359 1522 1424 duxi·

376 1485 448 1532 nius
472 1463 690 1533 inserendum.
716 1463 860 1543 Quarum
887 1471 982 1532 tenor
997 1464 1074 1531 tulis
1100 1472 1174 1532 est:

484 1569 702 1658 (Koretlreailr
729 1571 1048 1639 asntlroslelrervtri
1076 1571 1235 1657 ktptalan
1253 1577 1289 1639 ts
1306 1591 1328 1639 a
1343 1573 1520 1639 kereszle-

377 1677 438 1746 sok
463 1678 745 1746 sackeslehtrvtri
769 1677 992 1760 luonvetjtnek
1019 1681 1106 1764 ntgy
1143 1678 1277 1746 latu-li
1301 1677 1517 1764 kladranya,

378 1789 458 1854 mint
473 1787 604 1854 lentebb
621 1787 763 1853 94-92.
780 1791 868 1854 saum
889 1788 996 1872 alatt).

485 1895 555 1960 Nos
570 1893 680 1978 igitur,
706 1895 784 1975 quia
799 1894 974 1980 priuilegia
999 1901 1174 1981 prenotata
1193 1893 1368 1979 diligenter
1386 1895 1515 1983 inspici

377 2001 525 2086 lecimus,
552 2007 584 2067 et
600 2019 640 2067 ea
657 2001 741 2068 iuste
766 2009 799 2068 et
814 2001 959 2088 legitime
983 2002 1132 2070 confecta
1157 2002 1345 2087 reperimus,
1372 2023 1437 2070 nec
1454 2003 1515 2070 ali·

378 2129 475 2193 quam
499 2109 534 2174 in
550 2108 598 2174 els
617 2109 778 2177 maculam
805 2116 921 2178 notare
944 2110 1117 2196 potuimus,
1143 2110 1187 2178 ad
1212 2129 1327 2196 prcces
1352 2111 1514 2196 Magistri

377 2216 532 2282 antedicti
549 2217 707 2302 presentis
723 2218 836 2302 scripti
852 2218 1033 2303 patrocinio
1050 2223 1083 2284 et
1100 2216 1262 2304 dupplicis
1285 2217 1387 2302 sigilli
1403 2219 1514 2284 nostri

377 2322 552 2390 munimine
567 2323 703 2391 lecimus
720 2325 925 2392 conformari.
941 2325 1062 2393 Datum
1080 2345 1165 2392 anno
1184 2323 1315 2390 Domini
1332 2325 1513 2391 millesimo

378 2431 444 2498 00⁰
453 2432 528 2498 XL⁰
543 2439 669 2516 octauo,
693 2431 806 2517 quinto
823 2432 983 2499 kalendas
1000 2433 1134 2518 Aprilis,
1153 2432 1258 2518 Regni
1275 2439 1384 2499 autem
1402 2431 1513 2501 nostri

378 2560 465 2607 anno
480 2540 580 2608 tercio
598 2537 731 2608 decimo.

431 2718 570 2790 (Ersdetie
583 2717 756 2785 bltrlrdrtytlm
771 2722 881 2786 melyrtl
895 2735 911 2771 a
925 2718 1012 2787 kirdly
1025 2719 1145 2786 pccsdtje
1159 2709 1513 2786 rttrlls-sdrga'sslyomasi.

413 2810 498 2862 ndron
512 2809 588 2875 fdgg,
602 2825 618 2860 u
632 2807 732 2860 fiirndlt.
746 2809 790 2876 hg.
805 2807 970 2877 Battlrydnyi
984 2807 1077 2860 csaldd
1091 2807 1231 2861 lrtlrnrsndi
1246 2806 1460 2874 lsrdltdrdbun.)

903 3552 978 3620 188.

379 3735 402 3802 l
407 3736 439 3804 V.
457 3735 537 3800 Belo
551 3735 654 3820 urotp
680 3733 824 3798 Herdord
849 3743 958 3799 comat
976 3731 1032 3797 ost
1050 3753 1146 3796 cornea
1161 3731 1228 3815 ficit
1251 3757 1272 3798 a
1296 3733 1436 3800 Drdvda
1463 3739 1511 3802 tul

378 3844 462 3910 Zela
476 3845 693 3932 odrmeppelreu
703 3843 799 3930 fatali
822 3843 965 3908 Raaaiua
988 3839 1170 3927 helyse'paet
1195 3841 1510 3928 ampodcusdnpozza.

893 3947 990 4014 1248.

485 4147 567 4214 Bela
587 4145 650 4214 Dei
675 4143 789 4231 gracia
812 4143 993 4230 Hungarie,
1018 4141 1197 4228 Dalmacie,
1224 4141 1368 4228 Croucie,
1393 4143 1508 4226 Reme,

378 4251 503 4337 Seruis,
519 4253 668 4339 Gallicie,
688 4249 887 4338 Lodomorie,
903 4249 1122 4334 Onmanieque
1132 4251 1203 4316 Rex
1213 4249 1373 4320 uniuersis
1388 4247 1509 4318 Christi

378 4360 529 4431 fidelibus
544 4360 748 4447 presencium
762 4359 919 4428 noticiam
936 4355 1107 4444 habituris,
1134 4355 1274 4426 sulutem
1291 4366 1323 4426 et
1339 4377 1436 4427 omne
1452 4359 1507 4428 bo-

379 4488 466 4537 num.
492 4467 532 4534 In
547 4473 672 4555 partem
687 4466 776 4535 cedit
791 4464 1020 4536 sollicitudinis
1037 4471 1146 4533 nostre
1161 4463 1269 4532 metiri
1292 4463 1505 4554 circumspec-

380 4577 485 4645 cionis
499 4573 603 4660 Regis
618 4573 805 4661 aspectibus
820 4581 1004 4641 nostrorum
1021 4571 1136 4641 merita
1149 4569 1360 4652 subditorum
1376 4580 1410 4641 et
1425 4595 1509 4660 quos
