3162 5188
82 1043 117 1107 A
137 1047 242 1108 traam
252 1045 377 1132 psispdlc
391 1051 422 1109 e's
437 1069 458 1109 o
472 1045 619 1110 sibenicci
640 1044 766 1130 popsdq
782 1042 862 1106 bricti
876 1041 1065 1127 cinzoupuulc
1086 1041 1235 1127 moqdllo·

548 1155 665 1238 pitdaa.
686 1150 784 1216 1252.

217 1349 256 1414 ln
272 1348 400 1418 nomine
417 1349 549 1416 Domini
574 1349 677 1417 nostri
693 1350 774 1416 Jesu
798 1345 919 1415 Christi
934 1346 1051 1412 Amen.
1077 1347 1173 1412 Anno
1190 1345 1235 1409 ln·

90 1457 318 1526 carnaoionis
328 1456 498 1543 MGCLII,
514 1456 703 1526 Indiccione
713 1458 784 1541 xl,
794 1455 994 1543 temporibus
1010 1453 1131 1523 domini
1142 1456 1235 1521 Iuno-

90 1566 211 1654 cencij
230 1569 325 1654 Pape
339 1569 457 1652 quarti,
485 1586 525 1634 ac
541 1567 664 1634 domini
681 1567 761 1632 Bele
785 1564 928 1634 Illustris
944 1565 1045 1648 Regis
1066 1561 1235 1648 Hungarie

90 1675 161 1740 hoc
190 1683 307 1742 actum
324 1683 383 1743 est.
409 1675 490 1742 Oum
506 1673 689 1761 prophetici
714 1673 872 1740 sermonis
897 1672 1060 1758 eulogium
1086 1689 1168 1757 opus
1192 1669 1235 1736 sit

85 1783 250 1868 justicie,
276 1803 409 1871 paxque
423 1783 596 1868 uuicuique
621 1803 682 1850 sua
698 1783 772 1849 iura
787 1780 950 1849 seruando
972 1780 1076 1849 tocius
1092 1778 1234 1846 humane

92 1892 369 1962 cohabitaciouis
386 1899 419 1960 et
433 1891 602 1961 societatis
618 1892 782 1960 vinculum
799 1890 914 1958 merito
935 1895 1157 1974 nuncupatur,
1181 1907 1232 1954 ne·

91 2019 198 2068 cesse
215 2007 268 2068 est
282 1999 433 2069 omnibus
447 1999 601 2086 legaliter
616 1999 728 2068 vicere
742 1998 959 2086 cupientibus,
975 1997 1071 2064 huius
1090 1994 1233 2062 salutise

90 2109 144 2174 ris
163 2110 322 2176 connecti
330 2109 479 2193 vinculis,
496 2115 530 2176 et
545 2110 589 2176 ab
605 2107 677 2176 cius
690 2108 781 2174 oultn
796 2107 885 2174 nullo
895 2113 1041 2192 temporo
1057 2102 1233 2188 declinare,

92 2235 163 2300 quc
190 2215 336 2299 denique
356 2216 491 2303 justicie
505 2236 630 2300 norma,
659 2215 755 2302 quasi
780 2213 910 2300 gemino
935 2213 1020 2281 callo
1043 2211 1232 2301 procedens,

92 2322 171 2390 inre
190 2322 349 2390 videlicet
375 2323 495 2411 scripto
512 2331 545 2392 et
560 2323 848 2393 consuetudinibus
873 2322 1065 2411 approbatis
1089 2320 1133 2388 ad
1154 2319 1233 2387 veri-

94 2431 182 2498 tatis
210 2430 375 2499 tramitem
401 2433 526 2500 cunctis
552 2433 743 2500 mortalibus
767 2432 830 2500 itor
853 2431 977 2520 pandit.
1004 2429 1090 2510 Quia
1106 2427 1232 2496 veroin

94 2538 255 2623 partibus
270 2539 442 2606 Dalmacio
466 2541 711 2610 consuetudinis
726 2559 871 2626 ususque
891 2539 1024 2624 longeui
1040 2537 1231 2622 auctoritas,

95 2665 206 2730 quam
229 2645 373 2716 maxime
392 2668 453 2736 pro
473 2651 548 2734 lege
572 2656 765 2735 veneratur,
792 2649 914 2717 idcirco
939 2650 1012 2732 ugo
1035 2645 1232 2714 Stanimirus

98 2754 391 2843 Archipresbytcr,
416 2777 569 2825 unacum
586 2759 722 2845 Tolonc,
738 2758 869 2827 Joauno
893 2763 926 2826 ct
943 2756 1125 2840 Grisogono
1142 2752 1232 2820 cleri·

98 2863 161 2946 cis,
179 2881 254 2930 cum
273 2864 371 2949 pleno
387 2865 542 2934 mandato
557 2865 701 2934 uniuersi
716 2865 803 2934 Cleri
819 2863 1040 2932 Sibenicousis
1056 2863 1100 2930 ad
1116 2861 1229 2949 Spala-

98 2975 231 3038 tensem
248 2970 431 3038 Ecclesiam
454 2979 609 3058 tanquam
627 2974 670 3040 ad
694 2982 793 3061 caput
811 2973 999 3060 Metropolis
1024 2970 1230 3052 accedentes,

99 3079 227 3146 ibidem
244 3100 354 3148 eornm
371 3082 613 3150 venerabilibus
630 3084 709 3151 uiris
726 3084 852 3150 Thema
868 3081 1107 3150 Archidiacono
1123 3085 1156 3144 ot
1173 3080 1230 3146 Ga·

101 3188 210 3273 pitulo
227 3189 341 3256 Sancti
356 3190 487 3276 Domnij
514 3190 661 3275 dicimus,
688 3191 875 3278 profitemur
899 3197 931 3256 et
954 3187 1228 3272 recognoscimus,

100 3315 164 3364 uos
181 3295 403 3364 omnimodam
429 3297 668 3390 subiecoionem
684 3298 803 3365 debere
819 3297 949 3364 domino
965 3297 1139 3383 Treguano
1154 3295 1230 3381 Epi-

103 3421 210 3488 scopo
225 3409 259 3468 ct
274 3403 344 3471 eius
359 3405 613 3490 successoribus,
638 3425 699 3472 nec
713 3425 778 3473 nou
794 3405 943 3472 Ecclesio
957 3403 1181 3490 Tragurieusi,
1197 3408 1230 3472 et

49 3521 52 3524 ·
104 3510 212 3577 eidem
239 3510 323 3578 sicut
353 3510 440 3598 patri
465 3519 498 3579 ct
522 3513 699 3581 diocesano
724 3521 837 3583 nostro
863 3519 1047 3581 reuerenter
1074 3511 1228 3596 obedire,

103 3617 358 3686 consuetudines
369 3619 532 3705 antiquas,
553 3639 636 3706 quas
651 3622 693 3687 ab
710 3621 972 3690 antecessoribus
982 3622 1102 3690 nostris
1118 3621 1228 3690 obser·

104 3729 202 3792 natas
218 3727 444 3814 comperimus,
462 3747 520 3814 per
534 3749 595 3795 uos
610 3736 643 3795 ct
658 3749 717 3816 per
732 3737 860 3799 nostros
876 3749 1082 3798 successoros
1097 3749 1229 3816 presen-

106 3832 147 3900 tis
163 3834 277 3920 scripti
292 3836 723 3923 obligaciouepromittimus
742 3838 848 3906 eidem
860 3839 1228 3925 EcclesioTragnriensi

106 3950 265 4028 perpetuo
295 3945 529 4012 obseruandas.
561 3947 725 4034 Imprimis
752 3947 921 4034 videlicet,
958 3948 1228 4032 quociescumque

104 4049 288 4136 Episcopus
304 4050 490 4119 Sibsuicum
507 4055 641 4140 venerit,
667 4054 865 4141 suscipiatur
888 4055 931 4120 ab
946 4054 1227 4141 Archipresbitero

105 4161 135 4220 et
161 4155 256 4225 (llere
282 4158 427 4226 eiusdem
454 4160 517 4226 loci
543 4161 741 4248 honorifice,
767 4165 852 4230 sicut
877 4161 986 4247 decet3
1019 4164 1070 4228 cui
1095 4162 1226 4248 quidem

104 4264 275 4352 Episcopo,
302 4273 335 4333 et
361 4269 521 4353 omuibus,
547 4270 602 4353 qui
628 4289 702 4337 eum
717 4291 758 4336 ex
784 4270 851 4338 suis
870 4271 997 4336 clericis
1021 4272 1226 4356 comitantur,

104 4370 366 4461 Archiprosbiter
396 4376 430 4442 in
454 4376 549 4446 domo
575 4398 635 4445 sna
661 4377 841 4464 hospicium
873 4377 935 4466 (ct)
961 4379 1226 4464 procuracionem

104 4481 255 4548 exhibeat
269 4490 526 4571 competentem
550 4486 730 4573 Episcopus
746 4505 832 4572 vero,
855 4487 1009 4572 quamdiu
1037 4487 1082 4554 ibi
1101 4507 1226 4554 moram

103 4587 223 4675 iecerit,
241 4591 569 4678 Archipresbiterum,
586 4593 749 4662 Abbatem
765 4601 798 4664 et
814 4601 917 4663 totum
934 4595 1062 4663 (ilerum
1080 4598 1225 4665 Sibenici
