3162 5188
630 897 709 968 244.

86 1075 154 1139 IV.
175 1077 262 1142 Bata
275 1077 378 1164 bircily
393 1101 435 1144 sa.
454 1078 578 1165 Melcty
592 1080 780 1166 ayrtlszipcti
800 1093 976 1146 awaostora
994 1087 1024 1146 e's
1042 1082 1137 1168 Apar
1151 1106 1231 1147 aem-

137 1187 306 1272 zatse'pbolr'
323 1187 391 1251 Aba
408 1185 476 1251 ledat
498 1185 637 1273 anioey
652 1187 867 1272 bc‘rtokafelett
886 1191 993 1254 e'te'letet
1008 1191 1073 1255 bos.
1093 1189 1190 1254 1253.

212 1382 295 1450 Bela
316 1383 379 1449 Dei
403 1384 518 1468 gracia
542 1381 719 1468 Hungarie,
745 1383 926 1470 Dalmscie,
954 1383 1097 1471 Croacic,
1123 1389 1233 1474 Remo,

88 1492 229 1576 Seruis,
247 1489 396 1578 Gallicis,
414 1492 608 1561 Lodomerie
624 1491 846 1579 (inmaniaque
858 1495 928 1560 Rex
943 1494 1104 1562 uniuersis
1116 1493 1236 1562 Christi

89 1598 274 1683 fidelibus,
303 1606 487 1686 presentem
512 1601 668 1687 paginam
693 1600 890 1686 inspecturis
915 1601 1054 1668 salutem
1082 1609 1114 1669 et
1139 1623 1234 1670 omne

91 1704 236 1773 bonnm.
253 1707 334 1774 Cum
350 1715 470 1774 terram
485 1709 620 1794 Georgij
640 1707 699 1794 filij
715 1707 879 1774 Valentini
897 1709 1088 1777 existentem
1105 1709 1137 1776 in
1154 1711 1235 1778 villa

91 1816 279 1903 Vngynoy,
308 1815 364 1899 qui
380 1815 422 1881 ob
438 1816 560 1881 crimen
585 1814 662 1881 furti
680 1815 857 1900 suspendio
883 1816 1023 1902 patibuli
1043 1817 1146 1884 uitam
1165 1818 1234 1884 lini-

93 1924 156 2010 uit,
176 1925 327 1991 Ecclesia
353 1922 469 1990 Sancti
484 1924 655 1991 Michaelis
681 1924 742 1992 site
760 1924 793 1989 in
809 1923 918 2013 iasub
944 1933 1058 1992 nostra
1080 1925 1233 2012 Budcnsi,

93 2032 130 2097 in
162 2053 233 2116 qna
256 2031 375 2098 babes
395 2031 527 2098 Ordinis
549 2031 860 2100 Premonstratensis
886 2039 1134 2121 commorantur,
1161 2055 1234 2101 aon-

93 2141 294 2209 tnlissemus
324 2147 482 2228 perpetuo
511 2140 762 2228 possidendam,
797 2140 871 2207 Aba
902 2140 943 2209 de
976 2161 1096 2226 genere
1126 2143 1236 2231 Oporr

96 2251 212 2318 dictos
244 2250 361 2317 iratres
392 2249 494 2315 traxit
523 2249 558 2316 in
589 2269 744 2334 causam,
781 2248 893 2315 dicens
923 2250 988 2315 iam
1022 2250 1143 2317 dictam
1174 2259 1234 2320 ter·

96 2379 175 2426 ram
202 2361 247 2426 ad
272 2379 399 2428 socrum
424 2379 517 2426 suam
541 2359 674 2425 racione
701 2358 787 2426 dotis
810 2358 984 2444 pertinere.
1010 2357 1068 2426 Oui
1088 2379 1148 2428 nos
1164 2382 1233 2447 pro·

98 2469 279 2535 bacionem
305 2467 492 2551 indiximus,
519 2473 554 2532 ut
581 2467 663 2534 iuris
687 2466 766 2535 ordo
793 2467 993 2552 postulabat,
1018 2469 1076 2550 qni
1101 2471 1233 2538 omnino

97 2575 226 2644 deiecit
243 2574 277 2643 in
287 2575 498 2663 probatione.
514 2577 557 2643 Et
572 2575 649 2642 licet
664 2575 812 2643 sulficere
822 2575 989 2644 debuisset
1008 2577 1053 2643 ad
1067 2577 1231 2665 imponen-

98 2685 181 2752 dum
200 2684 326 2753 auctori
352 2685 533 2770 silencium,
560 2704 632 2751 cnm
660 2690 770 2752 actore
795 2705 858 2752 nou
876 2686 1036 2770 probante
1059 2705 1145 2771 reus,
1172 2687 1233 2753 etsi

99 2795 207 2863 nichil
232 2793 387 2880 prestitit,
415 2794 541 2861 absolui
567 2793 704 2880 debeat;
733 2815 773 2861 cx
798 2794 1099 2881 superhabundanti
1123 2803 1233 2862 tamen

97 2903 192 2972 tama
210 2905 401 2990 communis,
418 2911 451 2971 et
467 2904 610 2972 assercio
621 2903 801 2970 uicinorum
817 2923 952 2970 concors
965 2923 1025 2972 nos
1041 2903 1233 2990 adplenum

99 3013 307 3098 certificauit,
332 3019 454 3079 terram
470 3017 682 3079 memoratam
699 3011 741 3078 ad
758 3011 979 3097 supradictum
997 3009 1183 3097 Georgium,
1201 3019 1235 3078 ct

100 3119 146 3187 ad
162 3121 293 3187 nullam
310 3121 409 3188 aliam
425 3139 602 3206 personam
618 3137 747 3206 semper
761 3121 968 3207 pertinuisse.
997 3123 1133 3206 Propter
1148 3122 1234 3202 qnod

101 3231 213 3315 ipsam
222 3228 380 3297 iratribus
396 3227 570 3296 antedictis
587 3231 717 3296 nomine
727 3228 875 3295 Ecclesia
887 3236 1063 3295 memorate
1083 3227 1234 3296 duximus

101 3337 135 3402 in
151 3344 346 3425 perpetuum
371 3335 635 3423 confirmandam,
663 3337 748 3423 parti
765 3336 905 3403 aduerse
931 3337 1101 3404 silenoium
1121 3358 1233 3424 perpe·

100 3451 205 3532 tuum,
222 3447 308 3513 sient
323 3446 441 3532 decuit,
469 3446 684 3531 imponentes.
701 3446 786 3511 Mete
804 3452 913 3510 autem
931 3452 963 3511 et
983 3447 1113 3512 termini
1129 3448 1233 3533 ipsius

101 3556 199 3638 terre,
217 3553 300 3619 sicut
315 3571 374 3638 per
399 3552 529 3619 litteras
544 3550 655 3620 fratris
672 3551 787 3618 Jacobi
812 3551 962 3636 Magistri
978 3553 1103 3620 Domus
1120 3553 1234 3641 Hospi-

101 3662 180 3727 talis
197 3661 309 3727 Sancti
324 3660 424 3750 Regis
440 3661 482 3728 de
498 3661 664 3744 Strigonio
679 3660 788 3728 fidelis
803 3661 903 3745 nosri,
925 3661 977 3726 cui
993 3660 1234 3749 inspeccionem

103 3769 251 3838 eiusdem
268 3776 409 3837 terreae
428 3777 587 3838 metarum
599 3769 874 3855 commiseramus,
891 3769 987 3836 nobis
1003 3769 1157 3857 constitit,
1172 3771 1234 3838 hoc

103 3879 219 3946 ordine
230 3879 469 3966 distinguntur,
490 3879 524 3945 in
535 3878 651 3965 primis
661 3883 742 3964 aput
757 3877 930 3944 ecclesiam
942 3875 1094 3944 Omnium
1103 3880 1233 3946 Sancto·

102 4009 173 4055 mm
185 3989 227 4056 de
242 3987 435 4075 supradicta
451 3987 705 4073 villaVngyney
721 3986 865 4053 continet
875 4005 974 4054 vnum
989 3984 1123 4053 lnndum
1135 3987 1232 4073 curie,

104 4103 135 4164 et
151 4098 303 4166 similiter
320 4096 438 4165 eadem
454 4097 595 4164 ecclesia
610 4096 751 4181 pertinet
766 4094 810 4162 ad
825 4102 945 4163 terram
963 4095 1174 4182 sepedictam,
1201 4101 1233 4162 et

105 4206 204 4273 habet
219 4206 334 4291 iugera
343 4203 485 4271 arabilis
500 4201 722 4288 quadraginta
737 4207 770 4268 ct
779 4208 924 4289 septem
946 4202 1032 4269 silua
1041 4221 1118 4269 uero
1127 4203 1233 4288 ipsius

105 4317 249 4383 continet
264 4315 379 4398 iugera
394 4311 590 4397 quindecim,
616 4317 650 4376 et
665 4312 763 4378 babet
778 4309 933 4394 fenetum,
950 4317 1106 4396 quantum
1127 4316 1234 4397 potest

105 4423 255 4491 suficere
265 4442 324 4509 per
339 4421 425 4491 diem
436 4423 492 4489 uni
508 4420 631 4505 bominj
647 4418 691 4486 ad
700 4419 900 4486 falcandum.
917 4418 1140 4488 Commetanei
1153 4441 1231 4487 nero

106 4531 251 4599 ciusdem
267 4535 354 4597 terre
380 4538 456 4597 snut
472 4527 659 4614 Capitulum
676 4528 822 4596 Ecclesia
837 4530 948 4596 Sancti
964 4527 1146 4613 Adalberti,
1173 4529 1232 4595 (la-

106 4644 245 4728 pitulum
256 4641 402 4710 Ecclesia
417 4643 529 4710 Sancti
540 4642 629 4708 Petri
645 4634 817 4726 Budcnsis,
834 4647 867 4706 et
882 4638 1000 4707 iratres
1010 4639 1123 4705 Sancti
1133 4639 1231 4724 Regis
