3186 5188
549 834 626 904 192.

16 1016 41 1082 A
50 1019 133 1104 pecti
147 1015 312 1103 kdptaluo
327 1016 423 1100 dtiry'a
447 1015 534 1102 eqyu'k
551 1016 654 1102 reqibb
671 1015 791 1081 Bedeed
805 1021 835 1080 ds
856 1015 992 1104 Terppoz
1011 1019 1146 1086 &motolo

263 1123 406 1188 eluddscit
419 1123 568 1209 tdrqyazd
582 1122 790 1210 bmouysdpdt.
810 1123 909 1190 1248.

381 1299 408 1364 O
568 1301 597 1367 B
757 1302 787 1367 A

115 1478 303 1547 Parnasius
313 1477 669 1563 Quinqueeoolesionsis
679 1481 869 1566 Propositus
885 1481 1054 1567 tociusque
1066 1485 1149 1553 eius-

20 1589 84 1656 dem
98 1587 164 1655 looi
175 1586 371 1675 Capitulum
386 1587 537 1655 omuibus
553 1607 689 1674 presens
705 1587 861 1677 seriptum
877 1592 1083 1659 cernentibus
1099 1613 1151 1659 su·

20 1697 107 1762 lutem
122 1695 159 1761 iu
177 1694 335 1763 Domino.
352 1695 500 1762 Presenti
516 1695 759 1782 conscriptione
774 1703 917 1764 uestram
933 1698 977 1765 ud
992 1699 1149 1767 noticiam

23 1805 160 1871 uolumus
178 1803 349 1888 deueuire,
365 1804 453 1888 quod
469 1805 607 1871 iwanla
623 1804 738 1873 Comes
757 1805 843 1874 filius
857 1807 1024 1874 Abraham
1041 1808 1082 1875 de
1098 1827 1150 1892 ge

24 1931 91 1977 nere
115 1911 235 1978 Suden
262 1910 358 1977 uobis
389 1911 593 1996 proseutauit
616 1912 781 1996 quoddam
813 1912 1023 1999 priuilegium
1047 1916 1150 1984 nostri

28 2019 223 2106 appensione
241 2019 344 2104 sigilli
359 2019 566 2103 roboratum
583 2019 673 2087 ouius
689 2025 782 2086 touor
797 2027 848 2086 est
862 2019 946 2087 iste:

121 2126 272 2193 (larinus
282 2125 473 2212 Propositus
482 2126 544 2194 stb.
566 2124 1150 2216 (ktvetlrezilraptesiktptulauuak

6 2287 7 2292 ,
30 2233 153 2299 riti-ki
177 2233 480 2320 bizonystglevele,
507 2234 589 2300 mint
604 2235 728 2319 ujelen
753 2236 964 2321 gyujoemeny
979 2237 1006 2302 I.
1026 2237 1151 2305 littete-

29 2341 82 2406 beu
96 2343 171 2409 326.
198 2363 248 2410 sn.
265 2364 293 2409 a

122 2453 166 2516 Et
181 2471 284 2536 quum
300 2449 395 2517 istius
421 2451 588 2537 priuilegij
605 2452 706 2518 eliam
721 2451 925 2538 particulam,
952 2473 1014 2538 que
1038 2463 1152 2522 nostra

31 2561 175 2627 remansit
191 2563 227 2629 in
242 2562 392 2644 (lamere,
410 2562 639 2646 cumpluribus
650 2561 725 2647 elijs
740 2562 942 2648 perdidimus
957 2563 991 2628 in
1006 2570 1152 2652 ternpore

33 2667 241 2754 Turturorum,
270 2669 421 2735 timentes
447 2689 488 2735 ue
512 2668 578 2754 ipsi
594 2669 732 2736 quenta
747 2668 867 2737 Gomiti
891 2691 949 2758 pro
974 2669 1033 2738 illa
1047 2670 1152 2758 perdi·

36 2774 114 2840 oione
128 2775 235 2861 possit
251 2775 431 2862 dampnum
441 2776 630 2862 peruenire;
648 2777 691 2843 ad
707 2776 813 2863 ipsius
829 2777 1024 2864 peticionem
1032 2779 1152 2847 iustum

36 2887 62 2946 et
82 2881 251 2952 honestam
277 2885 385 2972 ipsum
408 2885 543 2970 dignum
570 2885 721 2955 duximus
750 2887 959 2975 priuilegium
990 2889 1151 2956 renouari.

39 2987 135 3058 Annus
161 3000 274 3061 autem
299 2994 529 3062 renouaoionis
554 3001 605 3060 est
619 2991 925 3062 M⁰OO⁰XL⁰VIII⁰
942 2995 985 3062 ab
1001 2998 1153 3062 lucarna-

38 3097 115 3164 oione
124 3099 268 3187 Domini,
280 3101 401 3168 mensis
411 3099 544 3189 Aprilis.
564 3102 695 3169 Diotum
705 3102 816 3188 itaque
830 3103 1050 3191 priuilegium,
1067 3099 1153 3186 quod

42 3201 101 3285 ipse
115 3201 230 3273 (loures
246 3207 385 3273 lwanka
407 3207 504 3276 uobis
521 3209 732 3295 presentant,
758 3208 802 3275 ad
818 3209 973 3275 maiorem
992 3207 1153 3274 certitudi-

40 3327 109 3398 nem,
124 3315 274 3397 quamuis
285 3334 494 3385 neeessenon
510 3317 635 3402 inisset,
656 3337 729 3384 oum
744 3315 1154 3405 aliapurtioulapreseutis

40 3417 186 3507 priuilegij
204 3424 239 3490 in
267 3443 399 3490 oamera
415 3425 562 3492 Eoolesie
577 3431 688 3494 nostre
703 3423 841 3491 lecimus
857 3425 1057 3493 conseruari.
1083 3423 1155 3491 Jur-

41 3523 114 3594 loue
127 3528 280 3617 Oautoie,
298 3531 470 3602 Theodoro
486 3531 639 3618 Custode,
656 3532 802 3601 Arnoldo
813 3533 957 3620 Deoeno,
975 3535 1155 3617 ueterisque

40 3631 146 3705 ibidem
171 3641 434 3727 quampluribus
458 3641 684 3712 existentibus.
710 3643 833 3710 Datum
856 3665 915 3731 per
930 3663 1046 3712 manus
1066 3640 1153 3709 Petri

41 3736 170 3813 Leotoris
190 3746 561 3832 Quinqueeeolesieusis.

45 3935 165 4000 (linietis
176 3943 349 4014 bdrluulrtytu,
369 3948 482 4013 melyrdl
498 3963 517 3999 a
528 3949 615 4015 iflggd
626 3944 718 4016 pecsdt
730 3945 790 4001 mir
801 3948 939 4014 olvesuott,
963 3963 980 3999 a
993 3947 1095 4002 idmelt.
1108 3949 1155 4014 hg.

349 4035 507 4092 Esnterhdui
520 4035 613 4091 adid
624 4035 831 4107 lsvtltiribuu.)

463 4307 727 4319 a-..—.-.—

87 4665 176 4709 lom.
191 4675 276 4714 EUM·
292 4673 362 4710 lim.
383 4685 420 4694 ¹·
439 4675 510 4711 ntur..
535 4667 570 4706 12.
