3226 5194
609 332 765 432 „Q-

115 526 193 613 ipsa
209 547 229 592 a
245 531 392 612 tempore
409 524 627 611 proueniatur,
643 527 743 593 talem
759 525 854 594 duxit
870 527 977 595 lacere
995 527 1247 611 ordinacionem,

115 633 208 719 quod
233 633 342 700 dotem
369 653 461 700 suam
480 637 512 698 et
538 653 588 699 ros
606 633 838 718 pareseruales,
867 654 905 700 ao
922 655 1035 701 seruos
1060 640 1093 700 et
1108 634 1246 700 ancillas

115 761 228 810 secum
254 739 415 807 adductas
430 740 470 805 de
496 761 555 806 sna
571 742 658 808 bona
678 743 854 824 uoluntate,
881 749 948 808 tam
965 741 1006 809 ob
1033 740 1246 809 dileccionem

115 845 240 916 federis
266 847 462 932 coniugalis,
488 846 664 931 quodcum
681 846 795 914 eodem
821 848 937 915 marito
954 869 1012 915 suo
1039 847 1198 933 protraxit
1215 855 1247 913 et

75 977 81 988 ·
115 955 331 1043 protraheret,
360 955 463 1024 donec
479 957 616 1040 uiueret,
634 977 673 1021 uc
690 955 807 1040 ipsum,
833 973 927 1040 quem
944 954 1106 1022 uiuentem
1126 954 1246 1040 diligit,

114 1065 152 1131 iu
168 1084 309 1151 persona
333 1063 468 1130 fratrum
485 1071 517 1130 et
533 1069 747 1148 cognatorum
772 1083 902 1132 suorum
920 1069 1079 1131 mortuum
1105 1062 1246 1151 dampno

116 1173 229 1258 aliquo
246 1177 474 1260 consequatur,
499 1192 595 1255 qnam
613 1173 717 1238 eciam
733 1178 865 1258 propter
882 1171 1027 1240 fauorem
1045 1179 1076 1240 ct
1092 1171 1245 1240 dileccio-

115 1298 193 1346 nem
219 1278 355 1349 fratrum
382 1279 459 1347 dicti
484 1279 618 1348 Comitis
634 1280 736 1364 Wgra
762 1278 870 1346 mariti
898 1281 947 1348 sui
973 1287 1157 1347 reuerenter
1182 1279 1246 1346 sibi

116 1386 300 1474 inpensam,
325 1385 390 1473 ipsi
406 1386 524 1455 Comiti
540 1387 641 1472 Wgra
659 1386 775 1453 marito
792 1405 851 1453 suo
867 1386 1043 1456 karissimo
1063 1387 1247 1456 relaxasset

116 1498 151 1558 et
169 1493 362 1581 adplenum
386 1495 568 1562 remisisset
584 1497 671 1562 omni
687 1495 737 1560 liti
754 1501 785 1560 ct
801 1495 936 1580 aooioni,
963 1514 1025 1578 que
1042 1493 1075 1560 iu
1102 1491 1245 1562 futurum

116 1607 393 1688 attemptarentur
417 1602 595 1687 susscitari,
623 1602 854 1686 renunciando,
882 1609 913 1668 ct
930 1603 1059 1688 penitus
1079 1599 1190 1668 irritas
1206 1621 1245 1666 ao

115 1706 255 1775 friuolae
275 1708 474 1795 reputando,
499 1730 576 1796 ymo
592 1707 729 1776 eundem
747 1710 897 1776 maritum
918 1728 1011 1775 suum
1028 1728 1068 1775 ac
1084 1726 1160 1775 suos
1175 1725 1246 1775 suc-

118 1833 268 1883 cessores
296 1815 462 1883 reddendo
488 1815 657 1902 expeditos
685 1825 716 1883 ct
732 1819 856 1903 pariter
882 1819 1061 1884 absolutus.
1088 1818 1130 1882 Vt
1146 1815 1246 1906 igitur

117 1921 217 1987 huius
234 1920 454 1991 ordinacionis
471 1929 501 1989 et
511 1923 728 1989 relaxationis
744 1923 845 1990 series
862 1928 934 1990 rata
944 1943 1072 2009 semper
1088 1929 1120 1988 et
1136 1924 1245 1988 incon-

117 2047 217 2095 cussa
227 2036 429 2115 permaneat,
446 2049 505 2095 nco
515 2048 671 2116 processu
681 2032 837 2116 temporis
853 2051 911 2116 per
927 2028 1114 2116 quempiam
1124 2029 1158 2095 in
1174 2029 1245 2094 irri-

116 2143 188 2203 tum
206 2135 312 2222 possit
336 2138 494 2222 reuocari,
521 2136 564 2203 ad
581 2138 775 2205 instanciam
795 2137 940 2226 predicte
965 2135 1095 2204 domiue
1119 2137 1245 2203 litteras

118 2250 251 2312 nostras
268 2245 486 2312 concessimus
503 2248 615 2313 nostro
632 2244 742 2330 sigillo
759 2244 846 2335 (lgy)
866 2246 1043 2312 munimine
1062 2244 1244 2312 roboratas.

116 2352 241 2420 Datum
258 2373 344 2419 anno
360 2353 491 2419 Domini
509 2352 681 2420 millesimo
698 2355 761 2420 00⁰
777 2353 992 2437 sexagesimo.

115 2548 254 2616 (Ercdetia
277 2547 445 2617 bt'rhirtyin
465 2565 482 2601 a
502 2549 732 2618 Cscpcsdnyi·ldle
752 2549 990 2617 gylljtemdnyben,
1012 2565 1029 2600 a
1046 2549 1082 2601 M.
1096 2547 1245 2605 Akaddmia

560 2639 809 2707 insultet—thimo.)

556 2924 813 2934 m·-

642 3369 720 3437 385.

3 3567 4 3570 ’
113 3556 147 3616 A
164 3549 341 3615 desecasset·
356 3555 537 3636 ecaterpamt'
552 3550 762 3634 ionucntjo'nck
777 3551 1045 3637 dizonyedpleeclc,
1069 3551 1148 3638 hopy
1164 3550 1241 3616 Mete

114 3658 315 3742 Elusnolcfia
340 3657 467 3724 tironie't
482 3657 700 3744 elc'npiso’ldet
716 3661 799 3724 Boea
818 3661 980 3724 rrrootmnel·
1005 3660 1127 3725 eladott.
1148 3659 1244 3725 1260.

224 3855 339 3921 Frater
355 3854 500 3921 Jacobos
516 3854 731 3920 miseracione
748 3853 871 3921 Diuina
885 3853 1044 3939 Magister
1058 3851 1243 3939 Hospitalis

115 3962 240 4028 Domus
258 3959 369 4027 Sancti
385 3959 545 4047 Stephani
561 3959 659 4045 Regis
677 3959 717 4027 dc
733 3961 899 4045 Strigonio
916 3961 1144 4028 etOouucntus
1161 3960 1243 4027 cius·

115 4069 202 4156 dem,
230 4067 380 4134 omnibus
405 4073 573 4152 presentes
599 4067 725 4134 litteras
751 4066 944 4153 inspecturis
970 4067 1109 4133 salutem
1129 4067 1162 4132 iu
1178 4067 1241 4134 Do·

116 4177 204 4244 mino
221 4177 302 4244 Jcsu
318 4173 458 4243 Christo.
483 4175 534 4242 Ad
550 4177 772 4243 uniuersorum
789 4175 943 4243 noticiam
958 4175 1105 4242 volumus
1129 4193 1242 4261 perne·

112 4284 194 4371 nire,
222 4281 308 4367 quod
335 4283 520 4351 constitutis
545 4303 655 4351 coram
680 4281 775 4350 nobis
792 4283 876 4350 Mete
902 4283 968 4349 filio
991 4282 1070 4349 Elus
1096 4283 1137 4348 de
1160 4282 1243 4350 uilla

114 4389 267 4459 Mortund
295 4390 364 4480 (de)
392 4391 571 4458 Paurochia
596 4389 768 4457 Hnntiensi
796 4411 836 4456 ex
864 4411 927 4457 una
953 4395 1065 4476 parte,
1098 4395 1130 4456 et
1153 4388 1241 4455 Been

115 4501 272 4584 magistro
299 4498 368 4565 tilio
383 4499 520 4566 Bitroldi
538 4519 578 4564 ex
595 4499 717 4581 altera,
746 4497 831 4563 idem
850 4499 933 4563 lletc
950 4517 1133 4584 proponens
1153 4517 1239 4564 asse-

114 4607 179 4675 ruit
203 4607 281 4675 uriua
297 4627 396 4692 uoce;
424 4606 512 4690 quod
527 4613 602 4673 autc
627 4605 882 4672 destruccionem
909 4625 948 4670 ac
973 4604 1236 4674 deuastaoioucm
