<?xml version="1.0" encoding="UTF-8"?>
<!DOCTYPE html PUBLIC "-//W3C//DTD XHTML 1.0 Transitional//EN"
    "http://www.w3.org/TR/xhtml1/DTD/xhtml1-transitional.dtd">
<html xmlns="http://www.w3.org/1999/xhtml" xml:lang="en" lang="en">
 <head>
  <title>
</title>
<meta http-equiv="Content-Type" content="text/html;charset=utf-8" />
  <meta name='ocr-system' content='tesseract 3.04.00' />
  <meta name='ocr-capabilities' content='ocr_page ocr_carea ocr_par ocr_line ocrx_word'/>
</head>
<body>
  <div class='ocr_page' id='page_1' title='image "./codexdiplomatic18wenzgoog_0051.png"; bbox 0 0 3252 5198; ppageno 0'>
   <div class='ocr_carea' id='block_1_1' title="bbox 617 364 776 466">
    <p class='ocr_par' dir='ltr' id='par_1_1' title="bbox 617 364 776 466">
     <span class='ocr_line' id='line_1_1' title="bbox 617 364 776 466; baseline 0.006 -39"><span class='ocrx_word' id='word_1_1' title='bbox 617 364 776 466; x_wconf 50' lang='lat' dir='ltr'><em>L</em></span> 
     </span>
    </p>
   </div>
   <div class='ocr_carea' id='block_1_2' title="bbox 112 542 1278 2472">
    <p class='ocr_par' dir='ltr' id='par_1_2' title="bbox 112 542 1278 2472">
     <span class='ocr_line' id='line_1_2' title="bbox 128 542 1262 656; baseline 0.026 -47"><span class='ocrx_word' id='word_1_2' title='bbox 128 542 265 612; x_wconf 83' lang='lat' dir='ltr'><strong>fideliter</strong></span> <span class='ocrx_word' id='word_1_3' title='bbox 280 549 472 636; x_wconf 72' lang='lat' dir='ltr'><strong>remittatis,</strong></span> <span class='ocrx_word' id='word_1_4' title='bbox 489 557 776 643; x_wconf 78' lang='lat' dir='ltr'><strong>preire-partibus</strong></span> <span class='ocrx_word' id='word_1_5' title='bbox 791 565 930 633; x_wconf 87' lang='lat' dir='ltr'><strong>termino</strong></span> <span class='ocrx_word' id='word_1_6' title='bbox 946 573 1165 656; x_wconf 89' lang='lat' dir='ltr'><strong>peremptorio</strong></span> <span class='ocrx_word' id='word_1_7' title='bbox 1177 592 1262 640; x_wconf 89' lang='lat' dir='ltr'><strong>com·</strong></span> 
     </span>
     <span class='ocr_line' id='line_1_3' title="bbox 127 655 1262 764; baseline 0.026 -47"><span class='ocrx_word' id='word_1_8' title='bbox 127 655 260 741; x_wconf 87' lang='lat' dir='ltr'><strong>petenti,</strong></span> <span class='ocrx_word' id='word_1_9' title='bbox 287 675 352 739; x_wconf 90' lang='lat' dir='ltr'><strong>qno</strong></span> <span class='ocrx_word' id='word_1_10' title='bbox 369 678 433 743; x_wconf 88' lang='lat' dir='ltr'><strong>per</strong></span> <span class='ocrx_word' id='word_1_11' title='bbox 448 681 486 728; x_wconf 89' lang='lat' dir='ltr'><strong>sc</strong></span> <span class='ocrx_word' id='word_1_12' title='bbox 510 672 568 730; x_wconf 87' lang='lat' dir='ltr'><strong>aut</strong></span> <span class='ocrx_word' id='word_1_13' title='bbox 580 674 808 750; x_wconf 77' lang='lat' dir='ltr'><strong>procuratores</strong></span> <span class='ocrx_word' id='word_1_14' title='bbox 832 671 967 743; x_wconf 89' lang='lat' dir='ltr'><strong>idoneos</strong></span> <span class='ocrx_word' id='word_1_15' title='bbox 983 687 1196 764; x_wconf 74' lang='lat' dir='ltr'><strong>compareant</strong></span> <span class='ocrx_word' id='word_1_16' title='bbox 1210 701 1262 746; x_wconf 90' lang='lat' dir='ltr'><strong>co-</strong></span> 
     </span>
     <span class='ocr_line' id='line_1_4' title="bbox 125 763 1260 874; baseline 0.029 -49"><span class='ocrx_word' id='word_1_17' title='bbox 125 781 196 827; x_wconf 89' lang='lat' dir='ltr'><strong>ram</strong></span> <span class='ocrx_word' id='word_1_18' title='bbox 216 763 322 844; x_wconf 92' lang='lat' dir='ltr'><strong>nobis,</strong></span> <span class='ocrx_word' id='word_1_19' title='bbox 346 765 472 834; x_wconf 88' lang='lat' dir='ltr'><strong>iustam</strong></span> <span class='ocrx_word' id='word_1_20' title='bbox 488 779 620 838; x_wconf 90' lang='lat' dir='ltr'><strong>auctore</strong></span> <span class='ocrx_word' id='word_1_21' title='bbox 631 775 770 845; x_wconf 89' lang='lat' dir='ltr'><strong>Domino</strong></span> <span class='ocrx_word' id='word_1_22' title='bbox 786 783 980 849; x_wconf 78' lang='lat' dir='ltr'><strong>sententiam</strong></span> <span class='ocrx_word' id='word_1_23' title='bbox 996 794 1175 874; x_wconf 84' lang='lat' dir='ltr'><strong>recepturo.</strong></span> <span class='ocrx_word' id='word_1_24' title='bbox 1200 789 1260 856; x_wconf 81' lang='lat' dir='ltr'><strong>Ge·</strong></span> 
     </span>
     <span class='ocr_line' id='line_1_5' title="bbox 126 873 1258 983; baseline 0.028 -49"><span class='ocrx_word' id='word_1_25' title='bbox 126 879 234 936; x_wconf 86' lang='lat' dir='ltr'><strong>terum</strong></span> <span class='ocrx_word' id='word_1_26' title='bbox 249 873 279 938; x_wconf 91' lang='lat' dir='ltr'><strong>si</strong></span> <span class='ocrx_word' id='word_1_27' title='bbox 295 873 488 942; x_wconf 80' lang='lat' dir='ltr'><strong>alterutram</strong></span> <span class='ocrx_word' id='word_1_28' title='bbox 513 882 654 965; x_wconf 87' lang='lat' dir='ltr'><strong>partium</strong></span> <span class='ocrx_word' id='word_1_29' title='bbox 671 888 904 954; x_wconf 85' lang='lat' dir='ltr'><strong>contumaciter</strong></span> <span class='ocrx_word' id='word_1_30' title='bbox 929 891 1048 960; x_wconf 87' lang='lat' dir='ltr'><strong>abesse</strong></span> <span class='ocrx_word' id='word_1_31' title='bbox 1074 897 1258 983; x_wconf 78' lang='lat' dir='ltr'><strong>contigerit,</strong></span> 
     </span>
     <span class='ocr_line' id='line_1_6' title="bbox 121 981 1256 1073; baseline 0.025 -28"><span class='ocrx_word' id='word_1_32' title='bbox 121 1001 181 1047; x_wconf 83' lang='lat' dir='ltr'><strong>vos</strong></span> <span class='ocrx_word' id='word_1_33' title='bbox 195 981 430 1050; x_wconf 88' lang='lat' dir='ltr'><strong>nichilominus</strong></span> <span class='ocrx_word' id='word_1_34' title='bbox 445 985 479 1050; x_wconf 93' lang='lat' dir='ltr'><strong>in</strong></span> <span class='ocrx_word' id='word_1_35' title='bbox 495 987 567 1072; x_wconf 88' lang='lat' dir='ltr'><strong>ipso</strong></span> <span class='ocrx_word' id='word_1_36' title='bbox 583 993 713 1072; x_wconf 83' lang='lat' dir='ltr'><strong>nogotio</strong></span> <span class='ocrx_word' id='word_1_37' title='bbox 732 996 910 1063; x_wconf 89' lang='lat' dir='ltr'><strong>secundnm</strong></span> <span class='ocrx_word' id='word_1_38' title='bbox 926 997 1065 1068; x_wconf 80' lang='lat' dir='ltr'><strong>sormam</strong></span> <span class='ocrx_word' id='word_1_39' title='bbox 1081 1003 1175 1073; x_wconf 86' lang='lat' dir='ltr'><strong>vobis</strong></span> <span class='ocrx_word' id='word_1_40' title='bbox 1190 1015 1256 1072; x_wconf 90' lang='lat' dir='ltr'><strong>tra-</strong></span> 
     </span>
     <span class='ocr_line' id='line_1_7' title="bbox 122 1087 1256 1200; baseline 0.026 -48"><span class='ocrx_word' id='word_1_41' title='bbox 122 1087 227 1154; x_wconf 80' lang='lat' dir='ltr'><strong>ditem</strong></span> <span class='ocrx_word' id='word_1_42' title='bbox 251 1089 453 1174; x_wconf 88' lang='lat' dir='ltr'><strong>procedatis,</strong></span> <span class='ocrx_word' id='word_1_43' title='bbox 479 1099 662 1178; x_wconf 88' lang='lat' dir='ltr'><strong>processuri</strong></span> <span class='ocrx_word' id='word_1_44' title='bbox 689 1106 765 1166; x_wconf 86' lang='lat' dir='ltr'><strong>anto</strong></span> <span class='ocrx_word' id='word_1_45' title='bbox 787 1103 898 1168; x_wconf 90' lang='lat' dir='ltr'><strong>omnia</strong></span> <span class='ocrx_word' id='word_1_46' title='bbox 922 1104 957 1170; x_wconf 92' lang='lat' dir='ltr'><strong>in</strong></span> <span class='ocrx_word' id='word_1_47' title='bbox 984 1109 1160 1178; x_wconf 87' lang='lat' dir='ltr'><strong>securitate</strong></span> <span class='ocrx_word' id='word_1_48' title='bbox 1183 1134 1256 1200; x_wconf 83' lang='lat' dir='ltr'><strong>pre·</strong></span> 
     </span>
     <span class='ocr_line' id='line_1_8' title="bbox 121 1195 1257 1304; baseline 0.026 -43"><span class='ocrx_word' id='word_1_49' title='bbox 121 1195 242 1262; x_wconf 87' lang='lat' dir='ltr'><strong>atanda</strong></span> <span class='ocrx_word' id='word_1_50' title='bbox 259 1197 355 1264; x_wconf 90' lang='lat' dir='ltr'><strong>dictis</strong></span> <span class='ocrx_word' id='word_1_51' title='bbox 374 1199 411 1264; x_wconf 91' lang='lat' dir='ltr'><strong>P.</strong></span> <span class='ocrx_word' id='word_1_52' title='bbox 428 1209 461 1266; x_wconf 89' lang='lat' dir='ltr'><strong>et</strong></span> <span class='ocrx_word' id='word_1_53' title='bbox 475 1206 738 1285; x_wconf 81' lang='lat' dir='ltr'><strong>prosecutoribus</strong></span> <span class='ocrx_word' id='word_1_54' title='bbox 755 1208 926 1278; x_wconf 84' lang='lat' dir='ltr'><strong>electionis</strong></span> <span class='ocrx_word' id='word_1_55' title='bbox 941 1213 1096 1304; x_wconf 88' lang='lat' dir='ltr'><strong>eiusdem,</strong></span> <span class='ocrx_word' id='word_1_56' title='bbox 1117 1220 1257 1290; x_wconf 89' lang='lat' dir='ltr'><strong>ctrcsti-</strong></span> 
     </span>
     <span class='ocr_line' id='line_1_9' title="bbox 120 1305 1256 1408; baseline 0.026 -40"><span class='ocrx_word' id='word_1_57' title='bbox 120 1305 248 1371; x_wconf 87' lang='lat' dir='ltr'><strong>tutionc</strong></span> <span class='ocrx_word' id='word_1_58' title='bbox 266 1305 379 1374; x_wconf 90' lang='lat' dir='ltr'><strong>debita</strong></span> <span class='ocrx_word' id='word_1_59' title='bbox 395 1313 642 1400; x_wconf 88' lang='lat' dir='ltr'><strong>subtractorum,</strong></span> <span class='ocrx_word' id='word_1_60' title='bbox 671 1335 711 1380; x_wconf 88' lang='lat' dir='ltr'><strong>ac</strong></span> <span class='ocrx_word' id='word_1_61' title='bbox 726 1318 888 1386; x_wconf 86' lang='lat' dir='ltr'><strong>solutione</strong></span> <span class='ocrx_word' id='word_1_62' title='bbox 902 1340 1121 1408; x_wconf 84' lang='lat' dir='ltr'><strong>expensarum</strong></span> <span class='ocrx_word' id='word_1_63' title='bbox 1137 1327 1256 1397; x_wconf 81' lang='lat' dir='ltr'><strong>iacien-</strong></span> 
     </span>
     <span class='ocr_line' id='line_1_10' title="bbox 121 1410 1255 1514; baseline 0.026 -39"><span class='ocrx_word' id='word_1_64' title='bbox 121 1410 172 1476; x_wconf 85' lang='lat' dir='ltr'><strong>dis</strong></span> <span class='ocrx_word' id='word_1_65' title='bbox 189 1413 371 1479; x_wconf 86' lang='lat' dir='ltr'><strong>sccnndum</strong></span> <span class='ocrx_word' id='word_1_66' title='bbox 386 1417 589 1485; x_wconf 83' lang='lat' dir='ltr'><strong>taxationem</strong></span> <span class='ocrx_word' id='word_1_67' title='bbox 605 1421 746 1506; x_wconf 86' lang='lat' dir='ltr'><strong>predicti</strong></span> <span class='ocrx_word' id='word_1_68' title='bbox 762 1425 918 1514; x_wconf 80' lang='lat' dir='ltr'><strong>Episcopi</strong></span> <span class='ocrx_word' id='word_1_69' title='bbox 933 1431 1117 1500; x_wconf 89' lang='lat' dir='ltr'><strong>Penestrini</strong></span> <span class='ocrx_word' id='word_1_70' title='bbox 1132 1434 1255 1503; x_wconf 81' lang='lat' dir='ltr'><strong>factam</strong></span> 
     </span>
     <span class='ocr_line' id='line_1_11' title="bbox 118 1517 1253 1631; baseline 0.027 -48"><span class='ocrx_word' id='word_1_71' title='bbox 118 1517 154 1583; x_wconf 92' lang='lat' dir='ltr'><strong>in</strong></span> <span class='ocrx_word' id='word_1_72' title='bbox 165 1520 326 1606; x_wconf 67' lang='lat' dir='ltr'><strong>Ungula,</strong></span> <span class='ocrx_word' id='word_1_73' title='bbox 343 1529 376 1588; x_wconf 91' lang='lat' dir='ltr'><strong>ct</strong></span> <span class='ocrx_word' id='word_1_74' title='bbox 392 1528 480 1608; x_wconf 86' lang='lat' dir='ltr'><strong>apud</strong></span> <span class='ocrx_word' id='word_1_75' title='bbox 497 1526 614 1594; x_wconf 84' lang='lat' dir='ltr'><strong>Sedsm</strong></span> <span class='ocrx_word' id='word_1_76' title='bbox 625 1532 850 1615; x_wconf 85' lang='lat' dir='ltr'><strong>Apostolicam</strong></span> <span class='ocrx_word' id='word_1_77' title='bbox 865 1539 1094 1627; x_wconf 88' lang='lat' dir='ltr'><strong>approbatam,</strong></span> <span class='ocrx_word' id='word_1_78' title='bbox 1110 1545 1253 1631; x_wconf 84' lang='lat' dir='ltr'><strong>proviso,</strong></span> 
     </span>
     <span class='ocr_line' id='line_1_12' title="bbox 115 1630 1253 1719; baseline 0.024 -27"><span class='ocrx_word' id='word_1_79' title='bbox 115 1645 160 1693; x_wconf 88' lang='lat' dir='ltr'><strong>uc</strong></span> <span class='ocrx_word' id='word_1_80' title='bbox 176 1630 238 1694; x_wconf 86' lang='lat' dir='ltr'><strong>sub</strong></span> <span class='ocrx_word' id='word_1_81' title='bbox 265 1630 365 1698; x_wconf 92' lang='lat' dir='ltr'><strong>dubio</strong></span> <span class='ocrx_word' id='word_1_82' title='bbox 392 1633 461 1698; x_wconf 89' lang='lat' dir='ltr'><strong>litis</strong></span> <span class='ocrx_word' id='word_1_83' title='bbox 486 1641 605 1702; x_wconf 84' lang='lat' dir='ltr'><strong>eventu</strong></span> <span class='ocrx_word' id='word_1_84' title='bbox 632 1639 748 1706; x_wconf 87' lang='lat' dir='ltr'><strong>eadem</strong></span> <span class='ocrx_word' id='word_1_85' title='bbox 772 1642 922 1712; x_wconf 79' lang='lat' dir='ltr'><strong>Ecclesia</strong></span> <span class='ocrx_word' id='word_1_86' title='bbox 939 1646 1097 1715; x_wconf 86' lang='lat' dir='ltr'><strong>bonorum</strong></span> <span class='ocrx_word' id='word_1_87' title='bbox 1121 1669 1253 1719; x_wconf 87' lang='lat' dir='ltr'><strong>suorum</strong></span> 
     </span>
     <span class='ocr_line' id='line_1_13' title="bbox 119 1737 1253 1843; baseline 0.022 -43"><span class='ocrx_word' id='word_1_88' title='bbox 119 1737 286 1803; x_wconf 86' lang='lat' dir='ltr'><strong>sustineat</strong></span> <span class='ocrx_word' id='word_1_89' title='bbox 311 1739 489 1825; x_wconf 88' lang='lat' dir='ltr'><strong>lesionem,</strong></span> <span class='ocrx_word' id='word_1_90' title='bbox 516 1751 549 1808; x_wconf 87' lang='lat' dir='ltr'><strong>et</strong></span> <span class='ocrx_word' id='word_1_91' title='bbox 564 1743 593 1809; x_wconf 91' lang='lat' dir='ltr'><strong>si</strong></span> <span class='ocrx_word' id='word_1_92' title='bbox 611 1746 750 1813; x_wconf 88' lang='lat' dir='ltr'><strong>eundem</strong></span> <span class='ocrx_word' id='word_1_93' title='bbox 764 1749 802 1814; x_wconf 89' lang='lat' dir='ltr'><strong>B.</strong></span> <span class='ocrx_word' id='word_1_94' title='bbox 817 1750 1008 1820; x_wconf 88' lang='lat' dir='ltr'><strong>inveneritis</strong></span> <span class='ocrx_word' id='word_1_95' title='bbox 1032 1752 1074 1821; x_wconf 91' lang='lat' dir='ltr'><strong>dc</strong></span> <span class='ocrx_word' id='word_1_96' title='bbox 1093 1756 1253 1843; x_wconf 73' lang='lat' dir='ltr'><strong>dilapido</strong></span> 
     </span>
     <span class='ocr_line' id='line_1_14' title="bbox 115 1843 1252 1939; baseline 0.022 -32"><span class='ocrx_word' id='word_1_97' title='bbox 115 1843 207 1910; x_wconf 86' lang='lat' dir='ltr'><strong>tione</strong></span> <span class='ocrx_word' id='word_1_98' title='bbox 224 1852 316 1910; x_wconf 87' lang='lat' dir='ltr'><strong>certa</strong></span> <span class='ocrx_word' id='word_1_99' title='bbox 332 1846 460 1914; x_wconf 88' lang='lat' dir='ltr'><strong>ratione</strong></span> <span class='ocrx_word' id='word_1_100' title='bbox 475 1859 672 1935; x_wconf 81' lang='lat' dir='ltr'><strong>suspectum,</strong></span> <span class='ocrx_word' id='word_1_101' title='bbox 688 1853 797 1939; x_wconf 90' lang='lat' dir='ltr'><strong>ipsum</strong></span> <span class='ocrx_word' id='word_1_102' title='bbox 813 1858 856 1924; x_wconf 90' lang='lat' dir='ltr'><strong>ab</strong></span> <span class='ocrx_word' id='word_1_103' title='bbox 867 1858 1160 1930; x_wconf 86' lang='lat' dir='ltr'><strong>amministratione</strong></span> <span class='ocrx_word' id='word_1_104' title='bbox 1175 1873 1252 1932; x_wconf 87' lang='lat' dir='ltr'><strong>tem·</strong></span> 
     </span>
     <span class='ocr_line' id='line_1_15' title="bbox 114 1952 1251 2055; baseline 0.02 -40"><span class='ocrx_word' id='word_1_105' title='bbox 114 1952 282 2036; x_wconf 81' lang='lat' dir='ltr'><strong>puralium</strong></span> <span class='ocrx_word' id='word_1_106' title='bbox 299 1954 529 2041; x_wconf 86' lang='lat' dir='ltr'><strong>suspendatis,</strong></span> <span class='ocrx_word' id='word_1_107' title='bbox 556 1960 822 2049; x_wconf 85' lang='lat' dir='ltr'><strong>contradictores,</strong></span> <span class='ocrx_word' id='word_1_108' title='bbox 848 1965 956 2051; x_wconf 89' lang='lat' dir='ltr'><strong>siqui</strong></span> <span class='ocrx_word' id='word_1_109' title='bbox 981 1965 1109 2055; x_wconf 74' lang='lat' dir='ltr'><strong>inerint</strong></span> <span class='ocrx_word' id='word_1_110' title='bbox 1136 1973 1189 2037; x_wconf 86' lang='lat' dir='ltr'><strong>vel</strong></span> <span class='ocrx_word' id='word_1_111' title='bbox 1204 1993 1251 2040; x_wconf 89' lang='lat' dir='ltr'><strong>rc-</strong></span> 
     </span>
     <span class='ocr_line' id='line_1_16' title="bbox 115 2059 1278 2157; baseline 0.021 -34"><span class='ocrx_word' id='word_1_112' title='bbox 115 2059 232 2141; x_wconf 87' lang='lat' dir='ltr'><strong>bellcs,</strong></span> <span class='ocrx_word' id='word_1_113' title='bbox 258 2079 319 2146; x_wconf 92' lang='lat' dir='ltr'><strong>per</strong></span> <span class='ocrx_word' id='word_1_114' title='bbox 334 2079 507 2128; x_wconf 88' lang='lat' dir='ltr'><strong>censuram</strong></span> <span class='ocrx_word' id='word_1_115' title='bbox 532 2065 790 2134; x_wconf 89' lang='lat' dir='ltr'><strong>ecclesiasticam</strong></span> <span class='ocrx_word' id='word_1_116' title='bbox 806 2071 869 2136; x_wconf 91' lang='lat' dir='ltr'><strong>sub</strong></span> <span class='ocrx_word' id='word_1_117' title='bbox 884 2072 1077 2157; x_wconf 82' lang='lat' dir='ltr'><strong>Apostolica</strong></span> <span class='ocrx_word' id='word_1_118' title='bbox 1101 2077 1253 2146; x_wconf 87' lang='lat' dir='ltr'><strong>obedieu-</strong></span> <span class='ocrx_word' id='word_1_119' title='bbox 1275 2105 1278 2110; x_wconf 91' lang='lat'><em>·</em></span> 
     </span>
     <span class='ocr_line' id='line_1_17' title="bbox 112 2166 1252 2270; baseline 0.02 -40"><span class='ocrx_word' id='word_1_120' title='bbox 112 2166 160 2230; x_wconf 86' lang='lat' dir='ltr'><strong>tia</strong></span> <span class='ocrx_word' id='word_1_121' title='bbox 186 2166 441 2250; x_wconf 88' lang='lat' dir='ltr'><strong>compescendo.</strong></span> <span class='ocrx_word' id='word_1_122' title='bbox 468 2167 563 2245; x_wconf 81' lang='lat' dir='ltr'><strong>Quod</strong></span> <span class='ocrx_word' id='word_1_123' title='bbox 589 2170 707 2238; x_wconf 90' lang='lat' dir='ltr'><strong>sinon</strong></span> <span class='ocrx_word' id='word_1_124' title='bbox 732 2192 854 2258; x_wconf 90' lang='lat' dir='ltr'><strong>omnes,</strong></span> <span class='ocrx_word' id='word_1_125' title='bbox 881 2183 927 2262; x_wconf 88' lang='lat' dir='ltr'><strong>tu,</strong></span> <span class='ocrx_word' id='word_1_126' title='bbox 951 2178 1055 2247; x_wconf 83' lang='lat' dir='ltr'><strong>frater</strong></span> <span class='ocrx_word' id='word_1_127' title='bbox 1077 2181 1252 2270; x_wconf 78' lang='lat' dir='ltr'><strong>Episcopo,</strong></span> 
     </span>
     <span class='ocr_line' id='line_1_18' title="bbox 114 2275 1253 2378; baseline 0.018 -39"><span class='ocrx_word' id='word_1_128' title='bbox 114 2295 187 2340; x_wconf 90' lang='lat' dir='ltr'><strong>cum</strong></span> <span class='ocrx_word' id='word_1_129' title='bbox 215 2293 330 2340; x_wconf 91' lang='lat' dir='ltr'><strong>eorum</strong></span> <span class='ocrx_word' id='word_1_130' title='bbox 348 2275 452 2342; x_wconf 87' lang='lat' dir='ltr'><strong>altero</strong></span> <span class='ocrx_word' id='word_1_131' title='bbox 478 2283 538 2344; x_wconf 88' lang='lat' dir='ltr'><strong>etc.</strong></span> <span class='ocrx_word' id='word_1_132' title='bbox 565 2277 687 2344; x_wconf 87' lang='lat' dir='ltr'><strong>Datum</strong></span> <span class='ocrx_word' id='word_1_133' title='bbox 703 2282 807 2349; x_wconf 87' lang='lat' dir='ltr'><strong>Reate</strong></span> <span class='ocrx_word' id='word_1_134' title='bbox 822 2283 910 2352; x_wconf 87' lang='lat' dir='ltr'><strong>VIII.</strong></span> <span class='ocrx_word' id='word_1_135' title='bbox 930 2284 1093 2355; x_wconf 87' lang='lat' dir='ltr'><strong>kalendas</strong></span> <span class='ocrx_word' id='word_1_136' title='bbox 1109 2289 1253 2378; x_wconf 85' lang='lat' dir='ltr'><strong>Septem·</strong></span> 
     </span>
     <span class='ocr_line' id='line_1_19' title="bbox 114 2381 819 2472; baseline 0.011 -26"><span class='ocrx_word' id='word_1_137' title='bbox 114 2381 180 2446; x_wconf 91' lang='lat' dir='ltr'><strong>bris</strong></span> <span class='ocrx_word' id='word_1_138' title='bbox 198 2381 432 2468; x_wconf 86' lang='lat' dir='ltr'><strong>(Pontificatns</strong></span> <span class='ocrx_word' id='word_1_139' title='bbox 447 2383 563 2472; x_wconf 89' lang='lat' dir='ltr'><strong>nostri)</strong></span> <span class='ocrx_word' id='word_1_140' title='bbox 580 2405 666 2453; x_wconf 91' lang='lat' dir='ltr'><strong>anno</strong></span> <span class='ocrx_word' id='word_1_141' title='bbox 683 2387 819 2458; x_wconf 87' lang='lat' dir='ltr'><strong>decimo.</strong></span> 
     </span>
    </p>
   </div>
   <div class='ocr_carea' id='block_1_3' title="bbox 104 2575 1353 2664">
    <p class='ocr_par' dir='ltr' id='par_1_3' title="bbox 104 2575 1353 2664">
     <span class='ocr_line' id='line_1_20' title="bbox 104 2575 1353 2664; baseline 0.018 -34"><span class='ocrx_word' id='word_1_142' title='bbox 104 2579 238 2656; x_wconf 86' lang='lat' dir='ltr'><strong>(Theinor</strong></span> <span class='ocrx_word' id='word_1_143' title='bbox 254 2579 295 2629; x_wconf 88' lang='lat' dir='ltr'><strong>id.</strong></span> <span class='ocrx_word' id='word_1_144' title='bbox 307 2595 344 2632; x_wconf 92' lang='lat' dir='ltr'><strong>m.</strong></span> <span class='ocrx_word' id='word_1_145' title='bbox 359 2575 382 2632; x_wconf 92' lang='lat'><strong>1.</strong></span> <span class='ocrx_word' id='word_1_146' title='bbox 396 2580 456 2632; x_wconf 78' lang='lat' dir='ltr'><strong>kot.</strong></span> <span class='ocrx_word' id='word_1_147' title='bbox 471 2583 531 2637; x_wconf 70' lang='lat'><strong>148.</strong></span> <span class='ocrx_word' id='word_1_148' title='bbox 543 2584 562 2634; x_wconf 92' lang='lat' dir='ltr'><strong>l.</strong></span> <span class='ocrx_word' id='word_1_149' title='bbox 585 2585 659 2635; x_wconf 78' lang='lat' dir='ltr'><strong>Esau</strong></span> <span class='ocrx_word' id='word_1_150' title='bbox 671 2583 755 2654; x_wconf 71' lang='lat' dir='ltr'><strong>pdpai</strong></span> <span class='ocrx_word' id='word_1_151' title='bbox 768 2587 906 2640; x_wconf 72' lang='lat' dir='ltr'><strong>brevdnclr</strong></span> <span class='ocrx_word' id='word_1_152' title='bbox 927 2590 1071 2646; x_wconf 79' lang='lat' dir='ltr'><strong>kivonsttc</strong></span> <span class='ocrx_word' id='word_1_153' title='bbox 1084 2595 1157 2648; x_wconf 77' lang='lat' dir='ltr'><strong>kozli</strong></span> <span class='ocrx_word' id='word_1_154' title='bbox 1168 2595 1250 2664; x_wconf 72' lang='lat' dir='ltr'><strong>Fejer</strong></span> <span class='ocrx_word' id='word_1_155' title='bbox 1351 2611 1353 2614; x_wconf 83' lang='grc'><strong>“</strong></span> 
     </span>
    </p>
   </div>
   <div class='ocr_carea' id='block_1_4' title="bbox 474 2672 901 2746">
    <p class='ocr_par' dir='ltr' id='par_1_4' title="bbox 474 2672 901 2746">
     <span class='ocr_line' id='line_1_21' title="bbox 474 2672 901 2746; baseline 0.014 -22"><span class='ocrx_word' id='word_1_156' title='bbox 474 2672 539 2729; x_wconf 83' lang='lat' dir='ltr'><strong>eod.</strong></span> <span class='ocrx_word' id='word_1_157' title='bbox 552 2674 627 2742; x_wconf 89' lang='lat' dir='ltr'><strong>Dipl.</strong></span> <span class='ocrx_word' id='word_1_158' title='bbox 640 2677 688 2727; x_wconf 87' lang='lat' dir='ltr'><strong>IV.</strong></span> <span class='ocrx_word' id='word_1_159' title='bbox 702 2677 729 2727; x_wconf 84' lang='lat' dir='ltr'><strong>k.</strong></span> <span class='ocrx_word' id='word_1_160' title='bbox 744 2681 767 2728; x_wconf 93' lang='lat'><strong>1.</strong></span> <span class='ocrx_word' id='word_1_161' title='bbox 781 2694 803 2728; x_wconf 86' lang='lat' dir='ltr'><strong>r.</strong></span> <span class='ocrx_word' id='word_1_162' title='bbox 816 2681 859 2729; x_wconf 81' lang='grc'><strong>38.</strong></span> <span class='ocrx_word' id='word_1_163' title='bbox 872 2677 901 2746; x_wconf 88' lang='lat' dir='ltr'><strong>l.)</strong></span> 
     </span>
    </p>
   </div>
   <div class='ocr_carea' id='block_1_5' title="bbox 553 2945 812 2958">
    <p class='ocr_par' dir='ltr' id='par_1_5' title="bbox 553 2945 812 2958">
     <span class='ocr_line' id='line_1_22' title="bbox 553 2945 812 2958; baseline 0.015 -4"><span class='ocrx_word' id='word_1_164' title='bbox 553 2945 812 2958; x_wconf 78' lang='lat'>———.</span> 
     </span>
    </p>
   </div>
   <div class='ocr_carea' id='block_1_6' title="bbox 652 3424 707 3490">
    <p class='ocr_par' dir='ltr' id='par_1_6' title="bbox 652 3424 707 3490">
     <span class='ocr_line' id='line_1_23' title="bbox 652 3424 707 3490; baseline 0 0"><span class='ocrx_word' id='word_1_165' title='bbox 652 3424 707 3490; x_wconf 87' lang='lat' dir='ltr'><strong>lo.</strong></span> 
     </span>
    </p>
   </div>
   <div class='ocr_carea' id='block_1_7' title="bbox 100 3603 1246 3886">
    <p class='ocr_par' dir='ltr' id='par_1_7' title="bbox 100 3603 1246 3886">
     <span class='ocr_line' id='line_1_24' title="bbox 110 3603 1246 3695; baseline 0.009 -27"><span class='ocrx_word' id='word_1_166' title='bbox 110 3603 137 3668; x_wconf 84' lang='lat' dir='ltr'><em>A</em></span> <span class='ocrx_word' id='word_1_167' title='bbox 153 3607 332 3693; x_wconf 77' lang='lat' dir='ltr'><strong>ceozpre&#39;mr&#39;</strong></span> <span class='ocrx_word' id='word_1_168' title='bbox 346 3605 568 3692; x_wconf 74' lang='lat' dir='ltr'><strong>kdptolouaclo</strong></span> <span class='ocrx_word' id='word_1_169' title='bbox 579 3606 848 3691; x_wconf 75' lang='lat' dir='ltr'><strong>bizocysdplcoelc,</strong></span> <span class='ocrx_word' id='word_1_170' title='bbox 863 3607 944 3694; x_wconf 74' lang='lat' dir='ltr'><strong>dopy</strong></span> <span class='ocrx_word' id='word_1_171' title='bbox 954 3607 1067 3695; x_wconf 74' lang='lat' dir='ltr'><strong>Goqan</strong></span> <span class='ocrx_word' id='word_1_172' title='bbox 1078 3612 1246 3678; x_wconf 73' lang='lat' dir='ltr'><strong>Jonoonat</strong></span> 
     </span>
     <span class='ocr_line' id='line_1_25' title="bbox 100 3713 1241 3800; baseline 0.006 -23"><span class='ocrx_word' id='word_1_173' title='bbox 100 3713 151 3796; x_wconf 77' lang='lat' dir='ltr'><strong>fia</strong></span> <span class='ocrx_word' id='word_1_174' title='bbox 176 3717 209 3778; x_wconf 74' lang='lat' dir='ltr'><strong>do</strong></span> <span class='ocrx_word' id='word_1_175' title='bbox 229 3713 434 3779; x_wconf 60' lang='lat' dir='ltr'><strong>&amp;dcktdrscc’</strong></span> <span class='ocrx_word' id='word_1_176' title='bbox 456 3714 590 3800; x_wconf 76' lang='lat' dir='ltr'><strong>Lyn-doc</strong></span> <span class='ocrx_word' id='word_1_177' title='bbox 616 3713 754 3777; x_wconf 78' lang='lat' dir='ltr'><strong>dirtokdt</strong></span> <span class='ocrx_word' id='word_1_178' title='bbox 777 3715 895 3780; x_wconf 79' lang='lat' dir='ltr'><strong>Hotolc</strong></span> <span class='ocrx_word' id='word_1_179' title='bbox 921 3717 1078 3780; x_wconf 68' lang='lat' dir='ltr'><strong>comecudc</strong></span> <span class='ocrx_word' id='word_1_180' title='bbox 1103 3719 1241 3784; x_wconf 70' lang='lat' dir='ltr'><strong>elcdtok.</strong></span> 
     </span>
     <span class='ocr_line' id='line_1_26' title="bbox 629 3823 728 3886; baseline 0 -2"><span class='ocrx_word' id='word_1_181' title='bbox 629 3823 728 3886; x_wconf 83' lang='lat'><strong><em>1236.</em></strong></span> 
     </span>
    </p>
   </div>
   <div class='ocr_carea' id='block_1_8' title="bbox 100 4013 1242 4758">
    <p class='ocr_par' dir='ltr' id='par_1_8' title="bbox 100 4013 1242 4758">
     <span class='ocr_line' id='line_1_27' title="bbox 217 4013 1242 4103; baseline 0.001 -19"><span class='ocrx_word' id='word_1_182' title='bbox 217 4017 410 4103; x_wconf 85' lang='lat' dir='ltr'><strong>Capitulum</strong></span> <span class='ocrx_word' id='word_1_183' title='bbox 420 4013 696 4101; x_wconf 87' lang='lat' dir='ltr'><strong>Uvesprimieusis</strong></span> <span class='ocrx_word' id='word_1_184' title='bbox 706 4015 854 4081; x_wconf 81' lang='lat' dir='ltr'><strong>Ecclesia</strong></span> <span class='ocrx_word' id='word_1_185' title='bbox 863 4016 1025 4083; x_wconf 79' lang='lat' dir='ltr'><strong>uniuersis</strong></span> <span class='ocrx_word' id='word_1_186' title='bbox 1034 4017 1162 4083; x_wconf 88' lang='lat' dir='ltr'><strong>litteras</strong></span> <span class='ocrx_word' id='word_1_187' title='bbox 1173 4039 1242 4103; x_wconf 84' lang='lat' dir='ltr'><strong>pre</strong></span> 
     </span>
     <span class='ocr_line' id='line_1_28' title="bbox 106 4123 1241 4211; baseline -0.001 -18"><span class='ocrx_word' id='word_1_188' title='bbox 106 4134 218 4194; x_wconf 87' lang='lat' dir='ltr'><strong>sentes</strong></span> <span class='ocrx_word' id='word_1_189' title='bbox 234 4124 432 4211; x_wconf 91' lang='lat' dir='ltr'><strong>inspecturis</strong></span> <span class='ocrx_word' id='word_1_190' title='bbox 452 4124 592 4189; x_wconf 90' lang='lat' dir='ltr'><strong>salutem</strong></span> <span class='ocrx_word' id='word_1_191' title='bbox 611 4123 645 4187; x_wconf 93' lang='lat' dir='ltr'><strong>in</strong></span> <span class='ocrx_word' id='word_1_192' title='bbox 660 4123 799 4190; x_wconf 92' lang='lat' dir='ltr'><strong>Domino</strong></span> <span class='ocrx_word' id='word_1_193' title='bbox 816 4124 895 4189; x_wconf 84' lang='lat' dir='ltr'><strong>Jesu</strong></span> <span class='ocrx_word' id='word_1_194' title='bbox 912 4123 1048 4190; x_wconf 86' lang='lat' dir='ltr'><strong>Christo.</strong></span> <span class='ocrx_word' id='word_1_195' title='bbox 1073 4125 1111 4188; x_wconf 94' lang='lat' dir='ltr'><strong>In</strong></span> <span class='ocrx_word' id='word_1_196' title='bbox 1128 4130 1241 4192; x_wconf 91' lang='lat' dir='ltr'><strong>nostra</strong></span> 
     </span>
     <span class='ocr_line' id='line_1_29' title="bbox 104 4229 1240 4318; baseline -0.002 -17"><span class='ocrx_word' id='word_1_197' title='bbox 104 4236 303 4302; x_wconf 85' lang='lat' dir='ltr'><strong>constitutus</strong></span> <span class='ocrx_word' id='word_1_198' title='bbox 322 4233 494 4318; x_wconf 86' lang='lat' dir='ltr'><strong>presencia</strong></span> <span class='ocrx_word' id='word_1_199' title='bbox 520 4233 646 4316; x_wconf 80' lang='lat' dir='ltr'><strong>Gogan,</strong></span> <span class='ocrx_word' id='word_1_200' title='bbox 663 4230 823 4298; x_wconf 87' lang='lat' dir='ltr'><strong>Johannis</strong></span> <span class='ocrx_word' id='word_1_201' title='bbox 848 4230 934 4297; x_wconf 86' lang='lat' dir='ltr'><strong>filius</strong></span> <span class='ocrx_word' id='word_1_202' title='bbox 960 4229 1096 4296; x_wconf 89' lang='lat' dir='ltr'><strong>devilia</strong></span> <span class='ocrx_word' id='word_1_203' title='bbox 1116 4231 1189 4316; x_wconf 87' lang='lat' dir='ltr'><strong>Oia,</strong></span> <span class='ocrx_word' id='word_1_204' title='bbox 1207 4241 1240 4299; x_wconf 90' lang='lat' dir='ltr'><strong>ct</strong></span> 
     </span>
     <span class='ocr_line' id='line_1_30' title="bbox 103 4335 1241 4427; baseline -0.004 -17"><span class='ocrx_word' id='word_1_205' title='bbox 103 4350 267 4427; x_wconf 84' lang='lat' dir='ltr'><strong>cognatus</strong></span> <span class='ocrx_word' id='word_1_206' title='bbox 293 4341 365 4406; x_wconf 90' lang='lat' dir='ltr'><strong>eins</strong></span> <span class='ocrx_word' id='word_1_207' title='bbox 383 4338 470 4424; x_wconf 83' lang='lat' dir='ltr'><strong>Jula,</strong></span> <span class='ocrx_word' id='word_1_208' title='bbox 490 4338 616 4404; x_wconf 86' lang='lat' dir='ltr'><strong>Bulchv</strong></span> <span class='ocrx_word' id='word_1_209' title='bbox 641 4338 726 4404; x_wconf 90' lang='lat' dir='ltr'><strong>filius</strong></span> <span class='ocrx_word' id='word_1_210' title='bbox 753 4336 794 4402; x_wconf 92' lang='lat' dir='ltr'><strong>de</strong></span> <span class='ocrx_word' id='word_1_211' title='bbox 814 4335 894 4401; x_wconf 85' lang='lat' dir='ltr'><strong>villa</strong></span> <span class='ocrx_word' id='word_1_212' title='bbox 909 4336 1099 4421; x_wconf 85' lang='lat' dir='ltr'><strong>Zebuchka,</strong></span> <span class='ocrx_word' id='word_1_213' title='bbox 1125 4359 1241 4424; x_wconf 89' lang='lat' dir='ltr'><strong>propo·</strong></span> 
     </span>
     <span class='ocr_line' id='line_1_31' title="bbox 102 4444 1235 4535; baseline -0.004 -17"><span class='ocrx_word' id='word_1_214' title='bbox 102 4461 250 4534; x_wconf 81' lang='lat' dir='ltr'><strong>suerunt,</strong></span> <span class='ocrx_word' id='word_1_215' title='bbox 277 4449 367 4534; x_wconf 88' lang='lat' dir='ltr'><strong>quod</strong></span> <span class='ocrx_word' id='word_1_216' title='bbox 391 4447 455 4533; x_wconf 92' lang='lat' dir='ltr'><strong>ipsi</strong></span> <span class='ocrx_word' id='word_1_217' title='bbox 471 4446 654 4513; x_wconf 83' lang='lat' dir='ltr'><strong>voluntarie</strong></span> <span class='ocrx_word' id='word_1_218' title='bbox 681 4453 712 4512; x_wconf 89' lang='lat' dir='ltr'><strong>et</strong></span> <span class='ocrx_word' id='word_1_219' title='bbox 732 4446 823 4511; x_wconf 90' lang='lat' dir='ltr'><strong>nulla</strong></span> <span class='ocrx_word' id='word_1_220' title='bbox 842 4445 1036 4512; x_wconf 86' lang='lat' dir='ltr'><strong>choaccione</strong></span> <span class='ocrx_word' id='word_1_221' title='bbox 1061 4444 1235 4535; x_wconf 84' lang='lat' dir='ltr'><strong>mediante,</strong></span> 
     </span>
     <span class='ocr_line' id='line_1_32' title="bbox 101 4551 1238 4642; baseline -0.004 -15"><span class='ocrx_word' id='word_1_222' title='bbox 101 4570 224 4627; x_wconf 87' lang='lat' dir='ltr'><strong>terrum</strong></span> <span class='ocrx_word' id='word_1_223' title='bbox 241 4556 410 4642; x_wconf 89' lang='lat' dir='ltr'><strong>quandam</strong></span> <span class='ocrx_word' id='word_1_224' title='bbox 421 4554 592 4639; x_wconf 87' lang='lat' dir='ltr'><strong>Lynduam</strong></span> <span class='ocrx_word' id='word_1_225' title='bbox 608 4553 746 4636; x_wconf 85' lang='lat' dir='ltr'><strong>nornine,</strong></span> <span class='ocrx_word' id='word_1_226' title='bbox 767 4571 839 4617; x_wconf 92' lang='lat' dir='ltr'><strong>cnm</strong></span> <span class='ocrx_word' id='word_1_227' title='bbox 852 4559 990 4635; x_wconf 88' lang='lat' dir='ltr'><strong>quatuor</strong></span> <span class='ocrx_word' id='word_1_228' title='bbox 998 4551 1113 4636; x_wconf 86' lang='lat' dir='ltr'><strong>vineis,</strong></span> <span class='ocrx_word' id='word_1_229' title='bbox 1131 4573 1238 4623; x_wconf 93' lang='lat' dir='ltr'><strong>nemo-</strong></span> 
     </span>
     <span class='ocr_line' id='line_1_33' title="bbox 100 4659 1236 4758; baseline -0.009 -21"><span class='ocrx_word' id='word_1_230' title='bbox 100 4671 201 4758; x_wconf 84' lang='lat' dir='ltr'><strong>ribus,</strong></span> <span class='ocrx_word' id='word_1_231' title='bbox 219 4665 370 4754; x_wconf 87' lang='lat' dir='ltr'><strong>chybrijs</strong></span> <span class='ocrx_word' id='word_1_232' title='bbox 388 4685 409 4729; x_wconf 91' lang='lat' dir='ltr'><strong>a</strong></span> <span class='ocrx_word' id='word_1_233' title='bbox 424 4663 562 4747; x_wconf 85' lang='lat' dir='ltr'><strong>singulis</strong></span> <span class='ocrx_word' id='word_1_234' title='bbox 578 4663 685 4729; x_wconf 91' lang='lat' dir='ltr'><strong>niueis</strong></span> <span class='ocrx_word' id='word_1_235' title='bbox 702 4663 735 4728; x_wconf 92' lang='lat' dir='ltr'><strong>in</strong></span> <span class='ocrx_word' id='word_1_236' title='bbox 751 4669 837 4754; x_wconf 73' lang='lat' dir='ltr'><strong>terra</strong></span> <span class='ocrx_word' id='word_1_237' title='bbox 853 4661 925 4729; x_wconf 90' lang='lat' dir='ltr'><strong>sitis</strong></span> <span class='ocrx_word' id='word_1_238' title='bbox 942 4661 1056 4728; x_wconf 88' lang='lat' dir='ltr'><strong>eadem</strong></span> <span class='ocrx_word' id='word_1_239' title='bbox 1074 4659 1115 4724; x_wconf 91' lang='lat' dir='ltr'><strong>de</strong></span> <span class='ocrx_word' id='word_1_240' title='bbox 1131 4663 1236 4746; x_wconf 90' lang='lat' dir='ltr'><strong>patrie</strong></span> 
     </span>
    </p>
   </div>
   <div class='ocr_carea' id='block_1_9' title="bbox 143 4775 1075 4846">
    <p class='ocr_par' dir='ltr' id='par_1_9' title="bbox 143 4775 1075 4846">
     <span class='ocr_line' id='line_1_34' title="bbox 143 4775 1075 4846; baseline -0.019 -2"><span class='ocrx_word' id='word_1_241' title='bbox 143 4809 246 4846; x_wconf 73' lang='lat' dir='ltr'><strong>norun.</strong></span> <span class='ocrx_word' id='word_1_242' title='bbox 262 4805 351 4842; x_wconf 75' lang='lat' dir='ltr'><strong>mse.</strong></span> <span class='ocrx_word' id='word_1_243' title='bbox 368 4801 439 4838; x_wconf 78' lang='lat' dir='ltr'><strong>urar.</strong></span> <span class='ocrx_word' id='word_1_244' title='bbox 454 4809 489 4820; x_wconf 91' lang='lat'>-</span> <span class='ocrx_word' id='word_1_245' title='bbox 502 4800 573 4835; x_wconf 84' lang='lat' dir='ltr'><strong>nrrn.</strong></span> <span class='ocrx_word' id='word_1_246' title='bbox 590 4791 614 4829; x_wconf 72' lang='lat'><strong>12</strong></span> <span class='ocrx_word' id='word_1_247' title='bbox 1056 4775 1075 4832; x_wconf 76' lang='grc'><strong>2</strong></span> 
     </span>
    </p>
   </div>
   <div class='ocr_carea' id='block_1_10' title="bbox 0 0 1630 5198">
    <p class='ocr_par' dir='ltr' id='par_1_10' title="bbox 0 0 1630 5198">
     <span class='ocr_line' id='line_1_35' title="bbox 0 0 1630 5198; baseline 0 9"><span class='ocrx_word' id='word_1_248' title='bbox 0 0 1630 5198; x_wconf 95' lang='lat' dir='ltr'><strong> </strong></span> 
     </span>
    </p>
   </div>
  </div>
 </body>
</html>
