3210 5194
856 331 1009 435 „1:23-

375 531 408 591 et
423 525 526 590 maior
542 525 674 592 tristitia
699 547 754 594 cor
767 534 912 595 nostrum
935 529 1091 615 implevit,
1116 549 1180 612 quo
1203 534 1236 595 iu
1261 525 1333 613 ipso
1352 521 1499 608 purioris

372 650 452 714 erga
462 634 566 698 Deum
584 634 848 719 etApostolicam
859 637 976 704 Sedem
992 639 1089 722 sigua
1104 635 1286 703 devotionis
1302 631 1497 711 invenimus,

374 757 437 820 quo
453 741 541 807 clare
562 742 713 809 memorie
737 746 844 828 Reges
869 744 1014 828 Ungarie
1037 751 1070 810 et
1095 742 1338 810 Excellenciam
1358 738 1501 823 Regiam

371 847 405 912 in
431 847 630 932 exequendis
646 850 792 918 Ecclesie
818 852 1033 939 beneplacitis
1058 870 1131 918 esse
1146 852 1295 917 novimus
1320 844 1498 933 promptio-

373 974 434 1022 res.
452 955 596 1022 Firmam
612 958 711 1041 igitur
727 980 817 1045 spem
833 961 866 1025 in
882 960 940 1027 illo
956 967 1125 1045 ponentes,
1142 959 1198 1043 qui
1218 957 1281 1024 etsi
1296 955 1379 1040 Regi
1396 954 1500 1038 Assy-

372 1062 491 1129 riorum
508 1066 706 1133 Senaeherib
730 1069 866 1135 liberum
883 1069 917 1134 iu
942 1076 1062 1136 terram
1077 1067 1211 1136 Israelis
1238 1067 1423 1152 ingressum
1443 1081 1498 1128 ex-

371 1167 484 1254 hibuit,
501 1191 598 1257 super
615 1175 751 1240 Ezecbie
775 1181 883 1241 tamen
899 1175 1091 1244 enutritione
1115 1179 1304 1257 commotus,
1331 1169 1497 1238 adversio·

372 1297 441 1342 rum
458 1280 692 1348 multitudinem
708 1290 802 1349 nocte
812 1303 877 1349 uua
887 1283 1024 1367 delevit3
1044 1281 1241 1349 iratemitati
1251 1287 1306 1348 tue
1322 1280 1356 1346 iu
1373 1279 1494 1346 virtute

372 1384 558 1454 obedientie
574 1388 720 1456 districte
735 1389 945 1478 precipiendo
962 1389 1163 1472 mandamus,
1181 1396 1340 1473 quatenus
1356 1408 1415 1473 per
1430 1386 1498 1451 Un-

372 1495 500 1575 gariam
517 1502 548 1560 et
563 1496 689 1563 vicinas
704 1499 895 1565 Provincias
911 1498 1044 1564 verbum
1069 1497 1173 1564 crucis
1189 1497 1282 1564 iuxta
1304 1497 1416 1563 datam
1433 1494 1497 1560 tibi

373 1618 392 1663 a
409 1601 479 1665 Deo
496 1603 700 1687 prudentiam
717 1609 816 1689 perte
832 1624 872 1669 ae
888 1603 980 1687 alios,
1002 1603 1207 1686 quosadhoc
1221 1602 1357 1670 idoneos
1376 1620 1498 1684 cogno·

372 1705 457 1772 veris
469 1726 551 1793 esse,
562 1729 758 1795 proponens,
776 1710 864 1776 viros
875 1707 1072 1794 Catholieos‚
1089 1716 1123 1775 ut
1135 1709 1391 1793 considerantes,
1408 1709 1499 1791 quod

372 1812 456 1878 sieut
476 1834 497 1878 a
513 1814 609 1882 dictis
625 1817 770 1884 Tartaris
787 1817 887 1884 totius
903 1817 1017 1903 populi
1032 1816 1210 1882 Christiani
1225 1814 1365 1901 perditio
1391 1816 1497 1899 queri·

371 1925 432 2005 tur,
451 1919 499 1986 sio
514 1921 548 1987 iu
564 1943 674 1990 eorum
690 1925 929 2010 expugnatione
953 1915 1200 1991 salus'omnium
1222 1930 1436 2008 procuratum
1462 1927 1498 1988 et

373 2025 571 2095 confidentes
587 2030 702 2116 inille,
719 2032 774 2115 qui
791 2032 917 2097 salvum
935 2031 1016 2097 facit
1031 2032 1186 2116 populum
1201 2030 1356 2096 humilem
1376 2035 1409 2095 et
1424 2049 1499 2096 oeu-

371 2134 438 2199 lum
464 2135 613 2203 humiliat
637 2144 862 2225 arrogantem,
894 2138 937 2204 ad
963 2136 1185 2204 defensionem
1208 2135 1313 2222 Regni
1344 2137 1498 2222 predicti,

373 2251 540 2330 assumpto
557 2247 660 2312 crucis
686 2247 856 2330 signaculo
872 2252 1023 2332 potenter
1048 2255 1079 2312 et
1095 2244 1234 2311 viriliter
1250 2264 1286 2310 se
1310 2245 1498 2330 accingant,

374 2351 574 2419 salutaribus
600 2353 729 2421 monitis
748 2354 902 2420 inducere
916 2374 980 2421 non
996 2360 1185 2440 postponas.
1210 2352 1279 2419 Nos
1295 2350 1380 2418 enim
1397 2351 1499 2418 omni-

373 2457 443 2541 bus,
470 2459 525 2541 qui
543 2460 651 2527 taliter
675 2467 788 2530 eontra
811 2461 953 2548 prefatos
970 2463 1128 2528 Tartaros
1153 2459 1378 2545 processerint,
1405 2459 1499 2526 illam

373 2565 607 2634 immunitatem
618 2568 823 2637 concedimus
834 2587 970 2652 eamque
980 2565 1217 2651 indulgentiam
1227 2567 1417 2650 elargimur,
1435 2585 1499 2649 que

372 2680 457 2742 terre
472 2674 608 2744 Sanctae
624 2679 864 2746 uceurreutibus
878 2679 912 2746 iu
929 2678 1082 2746 Generali
1099 2675 1244 2743 Concilio
1267 2675 1498 2742 conceduntur.

373 2781 408 2846 Si
425 2784 567 2867 quivero
584 2783 877 2871 exOrucesignatis
898 2783 1084 2851 huiusmodi
1093 2804 1152 2869 pro
1169 2783 1313 2850 violenta
1322 2780 1500 2850 iniectioue

334 2937 336 2942 ,
372 2909 525 2958 manuum
541 2892 574 2959 in
590 2912 745 2979 personas
761 2893 1012 2977 ecclesiasticas,
1030 2912 1088 2958 seu
1103 2911 1162 2977 pro
1177 2891 1344 2976 incendio,
1364 2891 1497 2961 vinculo

372 3000 491 3067 fuerint
507 3003 846 3072 excommunicationis
867 3001 1010 3086 astricti;
1037 3001 1094 3085 eis,
1121 3000 1294 3069 dummodo
1319 3001 1443 3067 iniuria
1466 3006 1500 3066 ct

373 3108 516 3196 dampna
531 3113 639 3197 pessis
665 3111 755 3177 iuxta
775 3108 1014 3195 providentiam
1039 3115 1129 3174 tuam
1145 3107 1350 3175 satisfaciant
1373 3128 1500 3194 compe

371 3223 488 3302 tenter,
516 3224 548 3284 et
572 3240 637 3285 nou
662 3218 705 3284 sit
729 3238 840 3285 eorum
865 3217 948 3284 adeo
976 3215 1089 3300 gravis
1114 3222 1146 3282 et
1165 3217 1305 3284 enormis
1332 3235 1500 3301 excessus,

374 3326 461 3409 quod
486 3335 618 3412 propter
640 3327 702 3394 hoc
728 3327 842 3393 merito
867 3325 932 3392 sint
947 3325 990 3391 ad
1015 3324 1132 3392 Sedem
1153 3324 1376 3411 Apostolicam
1403 3323 1501 3391 desti·

374 3432 486 3518 nandi,
502 3433 678 3502 secuudum
694 3433 830 3501 formam
846 3433 995 3501 Ecclesia
1005 3431 1220 3499 absolutionis
1240 3431 1433 3499 beneficium
1445 3434 1502 3500 im-

373 3541 537 3626 pendendi
552 3541 689 3609 liberam
714 3542 776 3609 tibi
792 3542 961 3608 tribuimus
979 3541 1178 3608 facultatem.
1205 3542 1325 3608 Datum
1341 3541 1501 3610 Laterani

372 3650 460 3716 XVI.
477 3649 638 3717 kalendas
655 3651 675 3717 J
678 3650 746 3735 ulii,
764 3651 989 3737 (Pontificatus
1004 3649 1123 3738 nostri)
1140 3671 1226 3717 anno
1241 3651 1314 3718 XV.

705 3847 834 3916 (Tbeiner
846 3849 882 3900 id.
896 3865 930 3899 m.
944 3850 966 3899 Ι.
979 3850 1036 3902 kot.
1053 3851 1112 3900 tet.
1126 3847 1155 3915 l.)
