<?xml version="1.0" encoding="UTF-8"?>
<!DOCTYPE html PUBLIC "-//W3C//DTD XHTML 1.0 Transitional//EN"
    "http://www.w3.org/TR/xhtml1/DTD/xhtml1-transitional.dtd">
<html xmlns="http://www.w3.org/1999/xhtml" xml:lang="en" lang="en">
 <head>
  <title>
</title>
<meta http-equiv="Content-Type" content="text/html;charset=utf-8" />
  <meta name='ocr-system' content='tesseract 3.04.00' />
  <meta name='ocr-capabilities' content='ocr_page ocr_carea ocr_par ocr_line ocrx_word'/>
</head>
<body>
  <div class='ocr_page' id='page_1' title='image "./codexdiplomatic18wenzgoog_0109.png"; bbox 0 0 3210 5194; ppageno 0'>
   <div class='ocr_carea' id='block_1_1' title="bbox 610 299 653 368">
    <p class='ocr_par' dir='ltr' id='par_1_1' title="bbox 610 299 653 368">
     <span class='ocr_line' id='line_1_1' title="bbox 610 299 653 368; baseline -0.023 0"><span class='ocrx_word' id='word_1_1' title='bbox 610 299 653 368; x_wconf 78' lang='grc'><strong>75</strong></span> 
     </span>
    </p>
   </div>
   <div class='ocr_carea' id='block_1_2' title="bbox 82 489 1198 4484">
    <p class='ocr_par' dir='ltr' id='par_1_2' title="bbox 82 489 1198 4484">
     <span class='ocr_line' id='line_1_2' title="bbox 84 489 1193 585; baseline -0.006 -21"><span class='ocrx_word' id='word_1_2' title='bbox 84 499 147 564; x_wconf 90' lang='lat' dir='ltr'><strong>dam</strong></span> <span class='ocrx_word' id='word_1_3' title='bbox 161 498 454 584; x_wconf 86' lang='lat' dir='ltr'><strong>possessionariam</strong></span> <span class='ocrx_word' id='word_1_4' title='bbox 470 498 654 585; x_wconf 78' lang='lat' dir='ltr'><strong>porcionem</strong></span> <span class='ocrx_word' id='word_1_5' title='bbox 676 499 813 566; x_wconf 83' lang='lat' dir='ltr'><strong>condam</strong></span> <span class='ocrx_word' id='word_1_6' title='bbox 830 499 918 564; x_wconf 87' lang='lat' dir='ltr'><strong>Petri</strong></span> <span class='ocrx_word' id='word_1_7' title='bbox 933 497 992 582; x_wconf 87' lang='lat' dir='ltr'><strong>filij</strong></span> <span class='ocrx_word' id='word_1_8' title='bbox 1007 497 1098 562; x_wconf 88' lang='lat' dir='ltr'><strong>Iwan</strong></span> <span class='ocrx_word' id='word_1_9' title='bbox 1115 489 1193 558; x_wconf 91' lang='lat' dir='ltr'><strong>dicti</strong></span> 
     </span>
     <span class='ocr_line' id='line_1_3' title="bbox 84 600 1193 693; baseline -0.005 -21"><span class='ocrx_word' id='word_1_10' title='bbox 84 605 176 674; x_wconf 77' lang='lat' dir='ltr'><strong>dheoh</strong></span> <span class='ocrx_word' id='word_1_11' title='bbox 191 605 225 671; x_wconf 91' lang='lat' dir='ltr'><strong>in</strong></span> <span class='ocrx_word' id='word_1_12' title='bbox 240 603 330 673; x_wconf 86' lang='lat' dir='ltr'><strong>diota</strong></span> <span class='ocrx_word' id='word_1_13' title='bbox 355 606 568 693; x_wconf 76' lang='lat' dir='ltr'>possessione</span> <span class='ocrx_word' id='word_1_14' title='bbox 583 606 816 692; x_wconf 77' lang='lat' dir='ltr'><strong>llyristalielde</strong></span> <span class='ocrx_word' id='word_1_15' title='bbox 831 606 925 672; x_wconf 83' lang='lat' dir='ltr'><strong>iuxta</strong></span> <span class='ocrx_word' id='word_1_16' title='bbox 940 605 1072 672; x_wconf 85' lang='lat' dir='ltr'><strong>fluuium</strong></span> <span class='ocrx_word' id='word_1_17' title='bbox 1088 600 1193 686; x_wconf 73' lang='lat' dir='ltr'><strong>&#39;l&#39;hop-</strong></span> 
     </span>
     <span class='ocr_line' id='line_1_4' title="bbox 83 711 1194 804; baseline -0.005 -25"><span class='ocrx_word' id='word_1_18' title='bbox 83 713 156 780; x_wconf 89' lang='lat' dir='ltr'><strong>hcha</strong></span> <span class='ocrx_word' id='word_1_19' title='bbox 169 719 316 782; x_wconf 85' lang='lat' dir='ltr'><strong>uocatum</strong></span> <span class='ocrx_word' id='word_1_20' title='bbox 342 716 442 784; x_wconf 88' lang='lat' dir='ltr'><strong>sitam</strong></span> <span class='ocrx_word' id='word_1_21' title='bbox 457 715 719 804; x_wconf 72' lang='lat' dir='ltr'><strong>archacensem,</strong></span> <span class='ocrx_word' id='word_1_22' title='bbox 741 716 775 783; x_wconf 92' lang='lat' dir='ltr'><strong>in</strong></span> <span class='ocrx_word' id='word_1_23' title='bbox 791 734 857 798; x_wconf 88' lang='lat' dir='ltr'><strong>qna</strong></span> <span class='ocrx_word' id='word_1_24' title='bbox 872 713 1026 782; x_wconf 84' lang='lat' dir='ltr'><strong>videlicet</strong></span> <span class='ocrx_word' id='word_1_25' title='bbox 1040 711 1194 799; x_wconf 75' lang='lat' dir='ltr'><strong>porcione</strong></span> 
     </span>
     <span class='ocr_line' id='line_1_5' title="bbox 83 818 1194 911; baseline -0.007 -21"><span class='ocrx_word' id='word_1_26' title='bbox 83 820 327 908; x_wconf 86' lang='lat' dir='ltr'><strong>possessionaria</strong></span> <span class='ocrx_word' id='word_1_27' title='bbox 352 823 417 910; x_wconf 85' lang='lat' dir='ltr'><strong>ipsi</strong></span> <span class='ocrx_word' id='word_1_28' title='bbox 443 831 567 893; x_wconf 84' lang='lat' dir='ltr'><strong>mortum</strong></span> <span class='ocrx_word' id='word_1_29' title='bbox 591 822 717 911; x_wconf 87' lang='lat' dir='ltr'><strong>prefato</strong></span> <span class='ocrx_word' id='word_1_30' title='bbox 735 825 831 891; x_wconf 89' lang='lat' dir='ltr'><strong>Petro</strong></span> <span class='ocrx_word' id='word_1_31' title='bbox 858 821 945 888; x_wconf 86' lang='lat' dir='ltr'><strong>dicto</strong></span> <span class='ocrx_word' id='word_1_32' title='bbox 969 818 1077 888; x_wconf 83' lang='lat' dir='ltr'><strong>Gheoh</strong></span> <span class='ocrx_word' id='word_1_33' title='bbox 1101 818 1194 884; x_wconf 78' lang='lat' dir='ltr'><strong>iuxta</strong></span> 
     </span>
     <span class='ocr_line' id='line_1_6' title="bbox 84 927 1196 1018; baseline -0.003 -23"><span class='ocrx_word' id='word_1_34' title='bbox 84 928 172 1013; x_wconf 81' lang='lat' dir='ltr'>Regni</span> <span class='ocrx_word' id='word_1_35' title='bbox 179 929 446 998; x_wconf 86' lang='lat' dir='ltr'><strong>consuetudinem</strong></span> <span class='ocrx_word' id='word_1_36' title='bbox 461 931 648 1018; x_wconf 89' lang='lat' dir='ltr'><strong>porcionem</strong></span> <span class='ocrx_word' id='word_1_37' title='bbox 662 931 786 999; x_wconf 89' lang='lat' dir='ltr'><strong>hahere</strong></span> <span class='ocrx_word' id='word_1_38' title='bbox 798 931 964 1018; x_wconf 88' lang='lat' dir='ltr'><strong>deberent,</strong></span> <span class='ocrx_word' id='word_1_39' title='bbox 990 927 1121 998; x_wconf 91' lang='lat' dir='ltr'><strong>omnino</strong></span> <span class='ocrx_word' id='word_1_40' title='bbox 1137 943 1196 1012; x_wconf 92' lang='lat' dir='ltr'><strong>pro</strong></span> 
     </span>
     <span class='ocr_line' id='line_1_7' title="bbox 85 1037 1195 1126; baseline -0.003 -23"><span class='ocrx_word' id='word_1_41' title='bbox 85 1056 114 1103; x_wconf 86' lang='lat' dir='ltr'><strong>se</strong></span> <span class='ocrx_word' id='word_1_42' title='bbox 126 1045 324 1125; x_wconf 73' lang='lat' dir='ltr'><strong>occupasset,</strong></span> <span class='ocrx_word' id='word_1_43' title='bbox 342 1045 375 1107; x_wconf 87' lang='lat' dir='ltr'><strong>et</strong></span> <span class='ocrx_word' id='word_1_44' title='bbox 391 1044 584 1125; x_wconf 85' lang='lat' dir='ltr'><strong>occupatam</strong></span> <span class='ocrx_word' id='word_1_45' title='bbox 601 1037 762 1106; x_wconf 88' lang='lat' dir='ltr'><strong>detineret</strong></span> <span class='ocrx_word' id='word_1_46' title='bbox 777 1059 817 1106; x_wconf 90' lang='lat' dir='ltr'><strong>ao</strong></span> <span class='ocrx_word' id='word_1_47' title='bbox 832 1045 994 1125; x_wconf 77' lang='lat' dir='ltr'><strong>uteretur,</strong></span> <span class='ocrx_word' id='word_1_48' title='bbox 1016 1039 1107 1107; x_wconf 90' lang='lat' dir='ltr'><strong>cuius</strong></span> <span class='ocrx_word' id='word_1_49' title='bbox 1122 1051 1195 1126; x_wconf 90' lang='lat' dir='ltr'><strong>pos·</strong></span> 
     </span>
     <span class='ocr_line' id='line_1_8' title="bbox 85 1145 1195 1225; baseline 0.003 -14"><span class='ocrx_word' id='word_1_50' title='bbox 85 1145 261 1212; x_wconf 87' lang='lat' dir='ltr'><strong>sessionarie</strong></span> <span class='ocrx_word' id='word_1_51' title='bbox 289 1145 492 1215; x_wconf 78' lang='lat' dir='ltr'><strong>detensionis</strong></span> <span class='ocrx_word' id='word_1_52' title='bbox 507 1145 591 1215; x_wconf 88' lang='lat' dir='ltr'><strong>scire</strong></span> <span class='ocrx_word' id='word_1_53' title='bbox 608 1146 708 1213; x_wconf 87' lang='lat' dir='ltr'><strong>vellet</strong></span> <span class='ocrx_word' id='word_1_54' title='bbox 732 1147 896 1215; x_wconf 88' lang='lat' dir='ltr'><strong>racionem</strong></span> <span class='ocrx_word' id='word_1_55' title='bbox 912 1148 954 1214; x_wconf 88' lang='lat' dir='ltr'><strong>ab</strong></span> <span class='ocrx_word' id='word_1_56' title='bbox 971 1145 1097 1215; x_wconf 87' lang='lat' dir='ltr'><strong>eodem.</strong></span> <span class='ocrx_word' id='word_1_57' title='bbox 1123 1145 1195 1225; x_wconf 85' lang='lat' dir='ltr'><strong>Quo</strong></span> 
     </span>
     <span class='ocr_line' id='line_1_9' title="bbox 84 1253 1194 1342; baseline -0.002 -21"><span class='ocrx_word' id='word_1_58' title='bbox 84 1261 215 1341; x_wconf 81' lang='lat' dir='ltr'><strong>percepto</strong></span> <span class='ocrx_word' id='word_1_59' title='bbox 226 1255 318 1322; x_wconf 92' lang='lat' dir='ltr'><strong>idem</strong></span> <span class='ocrx_word' id='word_1_60' title='bbox 328 1254 489 1324; x_wconf 83' lang='lat' dir='ltr'><strong>Nicolaus</strong></span> <span class='ocrx_word' id='word_1_61' title='bbox 499 1255 585 1322; x_wconf 89' lang='lat' dir='ltr'><strong>lilius</strong></span> <span class='ocrx_word' id='word_1_62' title='bbox 595 1253 755 1340; x_wconf 78' lang='lat' dir='ltr'><strong>Stephani</strong></span> <span class='ocrx_word' id='word_1_63' title='bbox 764 1257 979 1342; x_wconf 88' lang='lat' dir='ltr'><strong>personaliter</strong></span> <span class='ocrx_word' id='word_1_64' title='bbox 988 1253 1194 1338; x_wconf 85' lang='lat' dir='ltr'><strong>exsurgendo</strong></span> 
     </span>
     <span class='ocr_line' id='line_1_10' title="bbox 85 1360 1194 1450; baseline -0.001 -22"><span class='ocrx_word' id='word_1_65' title='bbox 85 1360 235 1448; x_wconf 83' lang='lat' dir='ltr'><strong>rospondit</strong></span> <span class='ocrx_word' id='word_1_66' title='bbox 244 1383 290 1430; x_wconf 86' lang='lat' dir='ltr'><strong>ex</strong></span> <span class='ocrx_word' id='word_1_67' title='bbox 299 1363 450 1448; x_wconf 90' lang='lat' dir='ltr'><strong>aduerso,</strong></span> <span class='ocrx_word' id='word_1_68' title='bbox 466 1362 554 1447; x_wconf 86' lang='lat' dir='ltr'><strong>quod</strong></span> <span class='ocrx_word' id='word_1_69' title='bbox 563 1362 712 1450; x_wconf 87' lang='lat' dir='ltr'><strong>predicta</strong></span> <span class='ocrx_word' id='word_1_70' title='bbox 721 1363 833 1447; x_wconf 89' lang='lat' dir='ltr'><strong>porcio</strong></span> <span class='ocrx_word' id='word_1_71' title='bbox 843 1363 1115 1450; x_wconf 88' lang='lat' dir='ltr'><strong>possessionaria,</strong></span> <span class='ocrx_word' id='word_1_72' title='bbox 1130 1380 1194 1446; x_wconf 89' lang='lat' dir='ltr'><strong>que</strong></span> 
     </span>
     <span class='ocr_line' id='line_1_11' title="bbox 86 1469 1194 1559; baseline -0.003 -21"><span class='ocrx_word' id='word_1_73' title='bbox 86 1471 204 1538; x_wconf 88' lang='lat' dir='ltr'><strong>condam</strong></span> <span class='ocrx_word' id='word_1_74' title='bbox 219 1493 305 1558; x_wconf 90' lang='lat' dir='ltr'><strong>erga</strong></span> <span class='ocrx_word' id='word_1_75' title='bbox 319 1471 480 1559; x_wconf 83' lang='lat' dir='ltr'><strong>prefatum</strong></span> <span class='ocrx_word' id='word_1_76' title='bbox 490 1475 621 1540; x_wconf 89' lang='lat' dir='ltr'><strong>Petrum</strong></span> <span class='ocrx_word' id='word_1_77' title='bbox 637 1469 759 1538; x_wconf 91' lang='lat' dir='ltr'><strong>dictum</strong></span> <span class='ocrx_word' id='word_1_78' title='bbox 769 1470 859 1540; x_wconf 82' lang='lat' dir='ltr'><strong>Dheh</strong></span> <span class='ocrx_word' id='word_1_79' title='bbox 874 1471 1000 1558; x_wconf 86' lang='lat' dir='ltr'><strong>fuisset,</strong></span> <span class='ocrx_word' id='word_1_80' title='bbox 1016 1472 1105 1557; x_wconf 91' lang='lat' dir='ltr'><strong>olym</strong></span> <span class='ocrx_word' id='word_1_81' title='bbox 1115 1471 1194 1536; x_wconf 88' lang='lat' dir='ltr'><strong>Dru-</strong></span> 
     </span>
     <span class='ocr_line' id='line_1_12' title="bbox 86 1578 1195 1668; baseline -0.001 -23"><span class='ocrx_word' id='word_1_82' title='bbox 86 1579 150 1662; x_wconf 88' lang='lat' dir='ltr'><strong>gani</strong></span> <span class='ocrx_word' id='word_1_83' title='bbox 171 1579 227 1665; x_wconf 87' lang='lat' dir='ltr'><strong>filij</strong></span> <span class='ocrx_word' id='word_1_84' title='bbox 243 1581 390 1664; x_wconf 89' lang='lat' dir='ltr'><strong>Bayleta</strong></span> <span class='ocrx_word' id='word_1_85' title='bbox 413 1580 568 1668; x_wconf 89' lang='lat' dir='ltr'><strong>prothaui</strong></span> <span class='ocrx_word' id='word_1_86' title='bbox 591 1581 641 1649; x_wconf 90' lang='lat' dir='ltr'><strong>sui</strong></span> <span class='ocrx_word' id='word_1_87' title='bbox 657 1579 830 1667; x_wconf 77' lang='lat' dir='ltr'><strong>extitisset,</strong></span> <span class='ocrx_word' id='word_1_88' title='bbox 858 1587 891 1648; x_wconf 93' lang='lat' dir='ltr'><strong>et</strong></span> <span class='ocrx_word' id='word_1_89' title='bbox 906 1579 947 1649; x_wconf 93' lang='lat' dir='ltr'><strong>oh</strong></span> <span class='ocrx_word' id='word_1_90' title='bbox 973 1581 1033 1648; x_wconf 79' lang='lat' dir='ltr'><strong>loo</strong></span> <span class='ocrx_word' id='word_1_91' title='bbox 1057 1578 1195 1667; x_wconf 86' lang='lat' dir='ltr'><strong>prelatis</strong></span> 
     </span>
     <span class='ocr_line' id='line_1_13' title="bbox 84 1685 1194 1777; baseline 0.002 -26"><span class='ocrx_word' id='word_1_92' title='bbox 84 1685 149 1771; x_wconf 85' lang='lat' dir='ltr'><strong>ilijs</strong></span> <span class='ocrx_word' id='word_1_93' title='bbox 163 1688 334 1755; x_wconf 86' lang='lat' dir='ltr'><strong>Valentini</strong></span> <span class='ocrx_word' id='word_1_94' title='bbox 349 1690 384 1756; x_wconf 92' lang='lat' dir='ltr'><strong>in</strong></span> <span class='ocrx_word' id='word_1_95' title='bbox 401 1688 490 1758; x_wconf 90' lang='lat' dir='ltr'><strong>nullo</strong></span> <span class='ocrx_word' id='word_1_96' title='bbox 506 1689 668 1774; x_wconf 78' lang='lat' dir='ltr'><strong>attineret,</strong></span> <span class='ocrx_word' id='word_1_97' title='bbox 696 1687 754 1758; x_wconf 92' lang='lat' dir='ltr'><strong>sed</strong></span> <span class='ocrx_word' id='word_1_98' title='bbox 770 1688 936 1777; x_wconf 89' lang='lat' dir='ltr'><strong>adipsum</strong></span> <span class='ocrx_word' id='word_1_99' title='bbox 962 1688 1003 1755; x_wconf 93' lang='lat' dir='ltr'><strong>de</strong></span> <span class='ocrx_word' id='word_1_100' title='bbox 1017 1689 1086 1756; x_wconf 90' lang='lat' dir='ltr'><strong>iure</strong></span> <span class='ocrx_word' id='word_1_101' title='bbox 1101 1685 1194 1754; x_wconf 90' lang='lat' dir='ltr'><strong>dohe-</strong></span> 
     </span>
     <span class='ocr_line' id='line_1_14' title="bbox 84 1794 1195 1885; baseline 0 -25"><span class='ocrx_word' id='word_1_102' title='bbox 84 1800 123 1862; x_wconf 91' lang='lat' dir='ltr'><strong>ret</strong></span> <span class='ocrx_word' id='word_1_103' title='bbox 134 1795 306 1882; x_wconf 85' lang='lat' dir='ltr'><strong>pertinere.</strong></span> <span class='ocrx_word' id='word_1_104' title='bbox 322 1797 364 1863; x_wconf 84' lang='lat' dir='ltr'><strong>Et</strong></span> <span class='ocrx_word' id='word_1_105' title='bbox 374 1795 494 1864; x_wconf 82' lang='lat' dir='ltr'><strong>ibidem</strong></span> <span class='ocrx_word' id='word_1_106' title='bbox 506 1795 549 1863; x_wconf 90' lang='lat' dir='ltr'><strong>ad</strong></span> <span class='ocrx_word' id='word_1_107' title='bbox 565 1817 696 1866; x_wconf 91' lang='lat' dir='ltr'><strong>suorum</strong></span> <span class='ocrx_word' id='word_1_108' title='bbox 707 1798 881 1867; x_wconf 83' lang='lat' dir='ltr'><strong>verborum</strong></span> <span class='ocrx_word' id='word_1_109' title='bbox 892 1794 1195 1885; x_wconf 89' lang='lat' dir='ltr'><strong>comprobacionem</strong></span> 
     </span>
     <span class='ocr_line' id='line_1_15' title="bbox 83 1902 1196 1992; baseline -0.001 -24"><span class='ocrx_word' id='word_1_110' title='bbox 83 1903 226 1987; x_wconf 85' lang='lat' dir='ltr'><strong>quasdam</strong></span> <span class='ocrx_word' id='word_1_111' title='bbox 248 1904 445 1972; x_wconf 88' lang='lat' dir='ltr'><strong>litteras</strong></span> <span class='ocrx_word' id='word_1_112' title='bbox 478 1906 592 1992; x_wconf 82' lang='lat' dir='ltr'><strong>olym</strong></span> <span class='ocrx_word' id='word_1_113' title='bbox 615 1905 782 1973; x_wconf 92' lang='lat' dir='ltr'><strong>domini</strong></span> <span class='ocrx_word' id='word_1_114' title='bbox 806 1906 910 1972; x_wconf 88' lang='lat' dir='ltr'><strong>Bele</strong></span> <span class='ocrx_word' id='word_1_115' title='bbox 933 1905 1011 1973; x_wconf 87' lang='lat' dir='ltr'><strong>Dei</strong></span> <span class='ocrx_word' id='word_1_116' title='bbox 1038 1902 1196 1989; x_wconf 88' lang='lat' dir='ltr'><strong>gracia</strong></span> 
     </span>
     <span class='ocr_line' id='line_1_16' title="bbox 83 2011 1196 2100; baseline 0.004 -22"><span class='ocrx_word' id='word_1_117' title='bbox 83 2013 222 2080; x_wconf 89' lang='lat' dir='ltr'><strong>incliti</strong></span> <span class='ocrx_word' id='word_1_118' title='bbox 244 2015 387 2099; x_wconf 87' lang='lat' dir='ltr'><strong>Regis</strong></span> <span class='ocrx_word' id='word_1_119' title='bbox 410 2016 643 2100; x_wconf 86' lang='lat' dir='ltr'><strong>Hnngarie</strong></span> <span class='ocrx_word' id='word_1_120' title='bbox 666 2015 763 2082; x_wconf 90' lang='lat' dir='ltr'><strong>beate</strong></span> <span class='ocrx_word' id='word_1_121' title='bbox 787 2015 1026 2084; x_wconf 86' lang='lat' dir='ltr'><strong>recordacionis</strong></span> <span class='ocrx_word' id='word_1_122' title='bbox 1049 2034 1136 2082; x_wconf 90' lang='lat' dir='ltr'><strong>anno</strong></span> <span class='ocrx_word' id='word_1_123' title='bbox 1152 2011 1196 2077; x_wconf 78' lang='lat' dir='ltr'><strong>ab</strong></span> 
     </span>
     <span class='ocr_line' id='line_1_17' title="bbox 84 2119 1196 2209; baseline 0.001 -24"><span class='ocrx_word' id='word_1_124' title='bbox 84 2119 303 2190; x_wconf 87' lang='lat' dir='ltr'><strong>lucarnaeione</strong></span> <span class='ocrx_word' id='word_1_125' title='bbox 318 2121 449 2190; x_wconf 89' lang='lat' dir='ltr'><strong>Domini</strong></span> <span class='ocrx_word' id='word_1_126' title='bbox 465 2121 637 2191; x_wconf 89' lang='lat' dir='ltr'><strong>millesimo</strong></span> <span class='ocrx_word' id='word_1_127' title='bbox 654 2121 718 2189; x_wconf 77' lang='lat'><strong>00⁰</strong></span> <span class='ocrx_word' id='word_1_128' title='bbox 728 2123 839 2192; x_wconf 83' lang='lat' dir='ltr'><strong>XXX⁰</strong></span> <span class='ocrx_word' id='word_1_129' title='bbox 854 2145 951 2204; x_wconf 91' lang='lat' dir='ltr'><strong>nono,</strong></span> <span class='ocrx_word' id='word_1_130' title='bbox 968 2122 1106 2209; x_wconf 89' lang='lat' dir='ltr'><strong>septimo</strong></span> <span class='ocrx_word' id='word_1_131' title='bbox 1122 2119 1196 2186; x_wconf 90' lang='lat' dir='ltr'><strong>idus</strong></span> 
     </span>
     <span class='ocr_line' id='line_1_18' title="bbox 84 2227 1195 2318; baseline 0.002 -24"><span class='ocrx_word' id='word_1_132' title='bbox 84 2227 264 2296; x_wconf 81' lang='lat' dir='ltr'><strong>Nouembris</strong></span> <span class='ocrx_word' id='word_1_133' title='bbox 283 2229 391 2314; x_wconf 85' lang='lat' dir='ltr'><strong>Regni</strong></span> <span class='ocrx_word' id='word_1_134' title='bbox 417 2230 467 2296; x_wconf 91' lang='lat' dir='ltr'><strong>sui</strong></span> <span class='ocrx_word' id='word_1_135' title='bbox 491 2251 577 2298; x_wconf 88' lang='lat' dir='ltr'><strong>anno</strong></span> <span class='ocrx_word' id='word_1_136' title='bbox 595 2230 719 2317; x_wconf 88' lang='lat' dir='ltr'><strong>quinto,</strong></span> <span class='ocrx_word' id='word_1_137' title='bbox 742 2230 991 2318; x_wconf 88' lang='lat' dir='ltr'><strong>priuilegiahter</strong></span> <span class='ocrx_word' id='word_1_138' title='bbox 1014 2235 1195 2314; x_wconf 77' lang='lat' dir='ltr'><strong>emanatas,</strong></span> 
     </span>
     <span class='ocr_line' id='line_1_19' title="bbox 83 2335 1196 2425; baseline 0.001 -22"><span class='ocrx_word' id='word_1_139' title='bbox 83 2341 177 2404; x_wconf 88' lang='lat' dir='ltr'><strong>nostro</strong></span> <span class='ocrx_word' id='word_1_140' title='bbox 203 2335 385 2422; x_wconf 78' lang='lat' dir='ltr'><strong>Jndieiario</strong></span> <span class='ocrx_word' id='word_1_141' title='bbox 412 2337 555 2406; x_wconf 86' lang='lat' dir='ltr'><strong>examini</strong></span> <span class='ocrx_word' id='word_1_142' title='bbox 585 2338 807 2425; x_wconf 79' lang='lat' dir='ltr'><strong>presentauit3</strong></span> <span class='ocrx_word' id='word_1_143' title='bbox 839 2338 1015 2423; x_wconf 86' lang='lat' dir='ltr'><strong>inquibus</strong></span> <span class='ocrx_word' id='word_1_144' title='bbox 1040 2337 1123 2403; x_wconf 88' lang='lat' dir='ltr'><strong>iuter</strong></span> <span class='ocrx_word' id='word_1_145' title='bbox 1148 2355 1196 2404; x_wconf 89' lang='lat' dir='ltr'><strong>ee·</strong></span> 
     </span>
     <span class='ocr_line' id='line_1_20' title="bbox 85 2443 1197 2530; baseline 0.002 -22"><span class='ocrx_word' id='word_1_146' title='bbox 85 2451 142 2508; x_wconf 84' lang='lat' dir='ltr'><strong>tera</strong></span> <span class='ocrx_word' id='word_1_147' title='bbox 163 2444 367 2530; x_wconf 83' lang='lat' dir='ltr'><strong>habebatur,</strong></span> <span class='ocrx_word' id='word_1_148' title='bbox 400 2445 486 2529; x_wconf 87' lang='lat' dir='ltr'><strong>quod</strong></span> <span class='ocrx_word' id='word_1_149' title='bbox 511 2445 705 2515; x_wconf 85' lang='lat' dir='ltr'><strong>karissimos</strong></span> <span class='ocrx_word' id='word_1_150' title='bbox 736 2446 838 2514; x_wconf 84' lang='lat' dir='ltr'><strong>irater</strong></span> <span class='ocrx_word' id='word_1_151' title='bbox 872 2445 949 2514; x_wconf 86' lang='lat' dir='ltr'><strong>dicti</strong></span> <span class='ocrx_word' id='word_1_152' title='bbox 972 2444 1096 2513; x_wconf 91' lang='lat' dir='ltr'><strong>domini</strong></span> <span class='ocrx_word' id='word_1_153' title='bbox 1119 2443 1197 2511; x_wconf 85' lang='lat' dir='ltr'><strong>Belo</strong></span> 
     </span>
     <span class='ocr_line' id='line_1_21' title="bbox 84 2551 1198 2639; baseline 0 -21"><span class='ocrx_word' id='word_1_154' title='bbox 84 2551 171 2635; x_wconf 87' lang='lat' dir='ltr'><strong>Regis</strong></span> <span class='ocrx_word' id='word_1_155' title='bbox 186 2554 256 2620; x_wconf 87' lang='lat' dir='ltr'><strong>Rex</strong></span> <span class='ocrx_word' id='word_1_156' title='bbox 272 2551 472 2621; x_wconf 72' lang='lat' dir='ltr'><strong>colomanus</strong></span> <span class='ocrx_word' id='word_1_157' title='bbox 497 2560 530 2620; x_wconf 93' lang='lat' dir='ltr'><strong>et</strong></span> <span class='ocrx_word' id='word_1_158' title='bbox 545 2557 620 2621; x_wconf 85' lang='lat' dir='ltr'><strong>Dux</strong></span> <span class='ocrx_word' id='word_1_159' title='bbox 646 2555 750 2624; x_wconf 77' lang='lat' dir='ltr'><strong>moins</strong></span> <span class='ocrx_word' id='word_1_160' title='bbox 774 2556 947 2624; x_wconf 85' lang='lat' dir='ltr'><strong>Solanonie</strong></span> <span class='ocrx_word' id='word_1_161' title='bbox 968 2554 1075 2622; x_wconf 90' lang='lat' dir='ltr'><strong>eidem</strong></span> <span class='ocrx_word' id='word_1_162' title='bbox 1099 2551 1198 2639; x_wconf 80' lang='lat' dir='ltr'><strong>signi·</strong></span> 
     </span>
     <span class='ocr_line' id='line_1_22' title="bbox 82 2658 1198 2751; baseline 0.004 -27"><span class='ocrx_word' id='word_1_163' title='bbox 82 2658 207 2746; x_wconf 76' lang='lat' dir='ltr'><strong>ioasset</strong></span> <span class='ocrx_word' id='word_1_164' title='bbox 233 2661 325 2748; x_wconf 87' lang='lat' dir='ltr'><strong>quod</strong></span> <span class='ocrx_word' id='word_1_165' title='bbox 350 2683 422 2731; x_wconf 91' lang='lat' dir='ltr'><strong>oum</strong></span> <span class='ocrx_word' id='word_1_166' title='bbox 447 2670 536 2731; x_wconf 89' lang='lat' dir='ltr'><strong>terra</strong></span> <span class='ocrx_word' id='word_1_167' title='bbox 560 2666 709 2751; x_wconf 80' lang='lat' dir='ltr'><strong>Dragani</strong></span> <span class='ocrx_word' id='word_1_168' title='bbox 736 2665 793 2751; x_wconf 84' lang='lat' dir='ltr'><strong>filij</strong></span> <span class='ocrx_word' id='word_1_169' title='bbox 812 2664 952 2750; x_wconf 87' lang='lat' dir='ltr'><strong>Dayleta</strong></span> <span class='ocrx_word' id='word_1_170' title='bbox 977 2668 1065 2730; x_wconf 88' lang='lat' dir='ltr'><strong>esset</strong></span> <span class='ocrx_word' id='word_1_171' title='bbox 1089 2661 1198 2728; x_wconf 90' lang='lat' dir='ltr'><strong>uicina</strong></span> 
     </span>
     <span class='ocr_line' id='line_1_23' title="bbox 83 2769 1198 2858; baseline 0.002 -24"><span class='ocrx_word' id='word_1_172' title='bbox 83 2769 196 2836; x_wconf 85' lang='lat' dir='ltr'><strong>cuidam</strong></span> <span class='ocrx_word' id='word_1_173' title='bbox 209 2771 326 2858; x_wconf 88' lang='lat' dir='ltr'><strong>predio</strong></span> <span class='ocrx_word' id='word_1_174' title='bbox 343 2769 448 2856; x_wconf 86' lang='lat' dir='ltr'><strong>ipsios</strong></span> <span class='ocrx_word' id='word_1_175' title='bbox 474 2771 597 2840; x_wconf 92' lang='lat' dir='ltr'><strong>domini</strong></span> <span class='ocrx_word' id='word_1_176' title='bbox 614 2771 783 2841; x_wconf 72' lang='lat' dir='ltr'><strong>colomani</strong></span> <span class='ocrx_word' id='word_1_177' title='bbox 799 2774 901 2842; x_wconf 88' lang='lat' dir='ltr'><strong>Ducis</strong></span> <span class='ocrx_word' id='word_1_178' title='bbox 924 2771 1052 2840; x_wconf 89' lang='lat' dir='ltr'><strong>nomine</strong></span> <span class='ocrx_word' id='word_1_179' title='bbox 1067 2772 1198 2854; x_wconf 88' lang='lat' dir='ltr'><strong>Werey-</strong></span> 
     </span>
     <span class='ocr_line' id='line_1_24' title="bbox 83 2875 1197 2967; baseline 0.003 -27"><span class='ocrx_word' id='word_1_180' title='bbox 83 2875 164 2960; x_wconf 85' lang='lat' dir='ltr'><strong>liobe,</strong></span> <span class='ocrx_word' id='word_1_181' title='bbox 189 2876 401 2945; x_wconf 87' lang='lat' dir='ltr'><strong>considerata</strong></span> <span class='ocrx_word' id='word_1_182' title='bbox 417 2878 557 2946; x_wconf 79' lang='lat' dir='ltr'><strong>utilitate</strong></span> <span class='ocrx_word' id='word_1_183' title='bbox 570 2880 685 2967; x_wconf 87' lang='lat' dir='ltr'><strong>ipsius</strong></span> <span class='ocrx_word' id='word_1_184' title='bbox 710 2887 795 2949; x_wconf 87' lang='lat' dir='ltr'><strong>terre</strong></span> <span class='ocrx_word' id='word_1_185' title='bbox 817 2889 851 2950; x_wconf 90' lang='lat' dir='ltr'><strong>et</strong></span> <span class='ocrx_word' id='word_1_186' title='bbox 866 2881 1043 2964; x_wconf 84' lang='lat' dir='ltr'><strong>vicinitate,</strong></span> <span class='ocrx_word' id='word_1_187' title='bbox 1060 2879 1197 2945; x_wconf 87' lang='lat' dir='ltr'><strong>eandem</strong></span> 
     </span>
     <span class='ocr_line' id='line_1_25' title="bbox 85 2985 1197 3078; baseline 0.002 -28"><span class='ocrx_word' id='word_1_188' title='bbox 85 2985 138 3052; x_wconf 91' lang='lat' dir='ltr'><strong>sibi</strong></span> <span class='ocrx_word' id='word_1_189' title='bbox 152 2986 254 3055; x_wconf 73' lang='lat' dir='ltr'><strong>dctus</strong></span> <span class='ocrx_word' id='word_1_190' title='bbox 280 2986 432 3056; x_wconf 89' lang='lat' dir='ltr'><strong>dominus</strong></span> <span class='ocrx_word' id='word_1_191' title='bbox 448 2988 644 3058; x_wconf 82' lang='lat' dir='ltr'><strong>Golomanus</strong></span> <span class='ocrx_word' id='word_1_192' title='bbox 659 2991 735 3059; x_wconf 80' lang='lat' dir='ltr'><strong>Dux</strong></span> <span class='ocrx_word' id='word_1_193' title='bbox 750 2992 794 3060; x_wconf 89' lang='lat' dir='ltr'><strong>ad</strong></span> <span class='ocrx_word' id='word_1_194' title='bbox 810 2991 957 3078; x_wconf 86' lang='lat' dir='ltr'><strong>predium</strong></span> <span class='ocrx_word' id='word_1_195' title='bbox 976 2987 1197 3076; x_wconf 86' lang='lat' dir='ltr'><strong>supradictum</strong></span> 
     </span>
     <span class='ocr_line' id='line_1_26' title="bbox 86 3093 1196 3184; baseline -0.001 -26"><span class='ocrx_word' id='word_1_196' title='bbox 86 3093 239 3183; x_wconf 85' lang='lat' dir='ltr'><strong>recipiens,</strong></span> <span class='ocrx_word' id='word_1_197' title='bbox 264 3094 352 3164; x_wconf 89' lang='lat' dir='ltr'><strong>dicto</strong></span> <span class='ocrx_word' id='word_1_198' title='bbox 369 3097 527 3182; x_wconf 85' lang='lat' dir='ltr'><strong>Drugano</strong></span> <span class='ocrx_word' id='word_1_199' title='bbox 543 3119 602 3184; x_wconf 93' lang='lat' dir='ltr'><strong>pro</strong></span> <span class='ocrx_word' id='word_1_200' title='bbox 619 3099 810 3166; x_wconf 86' lang='lat' dir='ltr'><strong>concambio</strong></span> <span class='ocrx_word' id='word_1_201' title='bbox 826 3105 912 3165; x_wconf 90' lang='lat' dir='ltr'><strong>terre</strong></span> <span class='ocrx_word' id='word_1_202' title='bbox 926 3096 1015 3164; x_wconf 92' lang='lat' dir='ltr'><strong>illius</strong></span> <span class='ocrx_word' id='word_1_203' title='bbox 1031 3093 1196 3182; x_wconf 84' lang='lat' dir='ltr'><strong>quandam</strong></span> 
     </span>
     <span class='ocr_line' id='line_1_27' title="bbox 85 3204 1195 3294; baseline -0.001 -26"><span class='ocrx_word' id='word_1_204' title='bbox 85 3207 188 3270; x_wconf 83' lang='lat' dir='ltr'><strong>terram</strong></span> <span class='ocrx_word' id='word_1_205' title='bbox 203 3206 305 3272; x_wconf 80' lang='lat' dir='ltr'><strong>castri</strong></span> <span class='ocrx_word' id='word_1_206' title='bbox 320 3205 535 3292; x_wconf 82' lang='lat' dir='ltr'><strong>Symigiensis</strong></span> <span class='ocrx_word' id='word_1_207' title='bbox 550 3207 681 3273; x_wconf 89' lang='lat' dir='ltr'><strong>nomine</strong></span> <span class='ocrx_word' id='word_1_208' title='bbox 697 3206 911 3294; x_wconf 73' lang='lat' dir='ltr'><strong>Thoplicham</strong></span> <span class='ocrx_word' id='word_1_209' title='bbox 927 3205 962 3272; x_wconf 91' lang='lat' dir='ltr'><strong>in</strong></span> <span class='ocrx_word' id='word_1_210' title='bbox 978 3204 1114 3290; x_wconf 82' lang='lat' dir='ltr'><strong>Garygh</strong></span> <span class='ocrx_word' id='word_1_211' title='bbox 1131 3221 1195 3268; x_wconf 92' lang='lat' dir='ltr'><strong>cer·</strong></span> 
     </span>
     <span class='ocr_line' id='line_1_28' title="bbox 85 3309 1197 3402; baseline -0.002 -25"><span class='ocrx_word' id='word_1_212' title='bbox 85 3309 120 3376; x_wconf 86' lang='lat' dir='ltr'><strong>lis</strong></span> <span class='ocrx_word' id='word_1_213' title='bbox 141 3312 232 3380; x_wconf 87' lang='lat' dir='ltr'><strong>netis</strong></span> <span class='ocrx_word' id='word_1_214' title='bbox 257 3312 447 3380; x_wconf 84' lang='lat' dir='ltr'><strong>distinctam</strong></span> <span class='ocrx_word' id='word_1_215' title='bbox 473 3313 606 3382; x_wconf 85' lang='lat' dir='ltr'><strong>fecisset</strong></span> <span class='ocrx_word' id='word_1_216' title='bbox 629 3315 812 3402; x_wconf 87' lang='lat' dir='ltr'><strong>assignari,</strong></span> <span class='ocrx_word' id='word_1_217' title='bbox 839 3314 931 3381; x_wconf 89' lang='lat' dir='ltr'><strong>cuius</strong></span> <span class='ocrx_word' id='word_1_218' title='bbox 956 3311 1089 3396; x_wconf 86' lang='lat' dir='ltr'><strong>quidem</strong></span> <span class='ocrx_word' id='word_1_219' title='bbox 1113 3315 1197 3377; x_wconf 86' lang='lat' dir='ltr'><strong>terra</strong></span> 
     </span>
     <span class='ocr_line' id='line_1_29' title="bbox 85 3419 1195 3509; baseline -0.002 -23"><span class='ocrx_word' id='word_1_220' title='bbox 85 3424 156 3486; x_wconf 84' lang='lat' dir='ltr'><strong>mete</strong></span> <span class='ocrx_word' id='word_1_221' title='bbox 170 3423 202 3488; x_wconf 89' lang='lat' dir='ltr'><strong>in</strong></span> <span class='ocrx_word' id='word_1_222' title='bbox 218 3423 336 3491; x_wconf 90' lang='lat' dir='ltr'><strong>eodem</strong></span> <span class='ocrx_word' id='word_1_223' title='bbox 360 3421 532 3509; x_wconf 86' lang='lat' dir='ltr'><strong>priuilegio</strong></span> <span class='ocrx_word' id='word_1_224' title='bbox 549 3424 694 3492; x_wconf 88' lang='lat' dir='ltr'><strong>seriatim</strong></span> <span class='ocrx_word' id='word_1_225' title='bbox 719 3425 931 3492; x_wconf 85' lang='lat' dir='ltr'><strong>continentur.</strong></span> <span class='ocrx_word' id='word_1_226' title='bbox 955 3421 1084 3490; x_wconf 91' lang='lat' dir='ltr'><strong>Dehinc</strong></span> <span class='ocrx_word' id='word_1_227' title='bbox 1108 3419 1195 3486; x_wconf 91' lang='lat' dir='ltr'><strong>idem</strong></span> 
     </span>
     <span class='ocr_line' id='line_1_30' title="bbox 83 3525 1195 3616; baseline 0.006 -25"><span class='ocrx_word' id='word_1_228' title='bbox 83 3525 221 3597; x_wconf 82' lang='lat' dir='ltr'><strong>Nicotaus</strong></span> <span class='ocrx_word' id='word_1_229' title='bbox 237 3530 326 3597; x_wconf 89' lang='lat' dir='ltr'><strong>filins</strong></span> <span class='ocrx_word' id='word_1_230' title='bbox 341 3531 499 3616; x_wconf 86' lang='lat' dir='ltr'><strong>Stephani</strong></span> <span class='ocrx_word' id='word_1_231' title='bbox 515 3532 675 3615; x_wconf 81' lang='lat' dir='ltr'><strong>quasdam</strong></span> <span class='ocrx_word' id='word_1_232' title='bbox 698 3533 824 3600; x_wconf 87' lang='lat' dir='ltr'><strong>litteras</strong></span> <span class='ocrx_word' id='word_1_233' title='bbox 841 3531 962 3598; x_wconf 89' lang='lat' dir='ltr'><strong>domini</strong></span> <span class='ocrx_word' id='word_1_234' title='bbox 974 3529 1075 3597; x_wconf 86' lang='lat' dir='ltr'><strong>nostri</strong></span> <span class='ocrx_word' id='word_1_235' title='bbox 1091 3527 1195 3598; x_wconf 82' lang='lat' dir='ltr'><strong>hodo·</strong></span> 
     </span>
     <span class='ocr_line' id='line_1_31' title="bbox 85 3634 1195 3725; baseline 0.006 -27"><span class='ocrx_word' id='word_1_236' title='bbox 85 3634 138 3700; x_wconf 88' lang='lat' dir='ltr'><strong>uici</strong></span> <span class='ocrx_word' id='word_1_237' title='bbox 152 3637 212 3704; x_wconf 94' lang='lat' dir='ltr'><strong>Dei</strong></span> <span class='ocrx_word' id='word_1_238' title='bbox 236 3640 351 3723; x_wconf 86' lang='lat' dir='ltr'><strong>gracia</strong></span> <span class='ocrx_word' id='word_1_239' title='bbox 375 3639 476 3723; x_wconf 87' lang='lat' dir='ltr'><strong>Regis</strong></span> <span class='ocrx_word' id='word_1_240' title='bbox 491 3638 661 3724; x_wconf 87' lang='lat' dir='ltr'><strong>Hungarie</strong></span> <span class='ocrx_word' id='word_1_241' title='bbox 685 3639 720 3705; x_wconf 89' lang='lat' dir='ltr'><strong>in</strong></span> <span class='ocrx_word' id='word_1_242' title='bbox 745 3659 831 3708; x_wconf 90' lang='lat' dir='ltr'><strong>anno</strong></span> <span class='ocrx_word' id='word_1_243' title='bbox 855 3639 1004 3725; x_wconf 86' lang='lat' dir='ltr'><strong>proxime</strong></span> <span class='ocrx_word' id='word_1_244' title='bbox 1027 3643 1195 3706; x_wconf 86' lang='lat' dir='ltr'><strong>transacto</strong></span> 
     </span>
     <span class='ocr_line' id='line_1_32' title="bbox 83 3743 1194 3833; baseline 0.004 -27"><span class='ocrx_word' id='word_1_245' title='bbox 83 3743 217 3814; x_wconf 85' lang='lat' dir='ltr'><strong>similiter</strong></span> <span class='ocrx_word' id='word_1_246' title='bbox 243 3746 495 3830; x_wconf 85' lang='lat' dir='ltr'><strong>priuilegialiter</strong></span> <span class='ocrx_word' id='word_1_247' title='bbox 523 3755 654 3815; x_wconf 84' lang='lat' dir='ltr'><strong>exortas</strong></span> <span class='ocrx_word' id='word_1_248' title='bbox 669 3748 764 3816; x_wconf 91' lang='lat' dir='ltr'><strong>nobis</strong></span> <span class='ocrx_word' id='word_1_249' title='bbox 788 3747 914 3816; x_wconf 87' lang='lat' dir='ltr'><strong>curauit</strong></span> <span class='ocrx_word' id='word_1_250' title='bbox 929 3747 1094 3833; x_wconf 83' lang='lat' dir='ltr'><strong>exhibere,</strong></span> <span class='ocrx_word' id='word_1_251' title='bbox 1111 3746 1194 3813; x_wconf 92' lang='lat' dir='ltr'><strong>inter</strong></span> 
     </span>
     <span class='ocr_line' id='line_1_33' title="bbox 83 3853 1196 3942; baseline 0.002 -24"><span class='ocrx_word' id='word_1_252' title='bbox 83 3858 176 3920; x_wconf 86' lang='lat' dir='ltr'><strong>cetera</strong></span> <span class='ocrx_word' id='word_1_253' title='bbox 202 3855 405 3941; x_wconf 88' lang='lat' dir='ltr'><strong>denotantes,</strong></span> <span class='ocrx_word' id='word_1_254' title='bbox 432 3856 519 3939; x_wconf 86' lang='lat' dir='ltr'><strong>quod</strong></span> <span class='ocrx_word' id='word_1_255' title='bbox 543 3855 629 3922; x_wconf 90' lang='lat' dir='ltr'><strong>idem</strong></span> <span class='ocrx_word' id='word_1_256' title='bbox 646 3857 805 3925; x_wconf 86' lang='lat' dir='ltr'><strong>Nicolaus</strong></span> <span class='ocrx_word' id='word_1_257' title='bbox 829 3857 914 3923; x_wconf 84' lang='lat' dir='ltr'><strong>filius</strong></span> <span class='ocrx_word' id='word_1_258' title='bbox 932 3855 1090 3942; x_wconf 86' lang='lat' dir='ltr'><strong>Stephani</strong></span> <span class='ocrx_word' id='word_1_259' title='bbox 1116 3853 1196 3920; x_wconf 90' lang='lat' dir='ltr'><strong>dicti</strong></span> 
     </span>
     <span class='ocr_line' id='line_1_34' title="bbox 83 3955 1196 4048; baseline 0.002 -23"><span class='ocrx_word' id='word_1_260' title='bbox 83 3955 200 4029; x_wconf 80' lang='lat' dir='ltr'><strong>hrthow</strong></span> <span class='ocrx_word' id='word_1_261' title='bbox 224 3963 267 4029; x_wconf 88' lang='lat' dir='ltr'><strong>dc</strong></span> <span class='ocrx_word' id='word_1_262' title='bbox 293 3963 530 4048; x_wconf 85' lang='lat' dir='ltr'><strong>Kyristalielde</strong></span> <span class='ocrx_word' id='word_1_263' title='bbox 555 3962 598 4030; x_wconf 90' lang='lat' dir='ltr'><strong>ad</strong></span> <span class='ocrx_word' id='word_1_264' title='bbox 624 3965 689 4032; x_wconf 90' lang='lat' dir='ltr'><strong>Sue</strong></span> <span class='ocrx_word' id='word_1_265' title='bbox 713 3963 904 4032; x_wconf 88' lang='lat' dir='ltr'><strong>Serenitatis</strong></span> <span class='ocrx_word' id='word_1_266' title='bbox 934 3964 1096 4030; x_wconf 83' lang='lat' dir='ltr'><strong>accedens</strong></span> <span class='ocrx_word' id='word_1_267' title='bbox 1123 3981 1196 4027; x_wconf 91' lang='lat' dir='ltr'><strong>con·</strong></span> 
     </span>
     <span class='ocr_line' id='line_1_35' title="bbox 84 4067 1196 4158; baseline 0.004 -27"><span class='ocrx_word' id='word_1_268' title='bbox 84 4075 225 4153; x_wconf 87' lang='lat' dir='ltr'><strong>spectum,</strong></span> <span class='ocrx_word' id='word_1_269' title='bbox 251 4067 418 4156; x_wconf 88' lang='lat' dir='ltr'><strong>predictas</strong></span> <span class='ocrx_word' id='word_1_270' title='bbox 432 4071 560 4139; x_wconf 87' lang='lat' dir='ltr'><strong>litteras</strong></span> <span class='ocrx_word' id='word_1_271' title='bbox 574 4072 679 4158; x_wconf 90' lang='lat' dir='ltr'><strong>ipsius</strong></span> <span class='ocrx_word' id='word_1_272' title='bbox 695 4070 834 4139; x_wconf 91' lang='lat' dir='ltr'><strong>condam</strong></span> <span class='ocrx_word' id='word_1_273' title='bbox 861 4071 982 4139; x_wconf 92' lang='lat' dir='ltr'><strong>domini</strong></span> <span class='ocrx_word' id='word_1_274' title='bbox 998 4069 1077 4136; x_wconf 89' lang='lat' dir='ltr'><strong>Bele</strong></span> <span class='ocrx_word' id='word_1_275' title='bbox 1096 4067 1196 4153; x_wconf 88' lang='lat' dir='ltr'><strong>Regis</strong></span> 
     </span>
     <span class='ocr_line' id='line_1_36' title="bbox 83 4175 1196 4267; baseline 0.006 -31"><span class='ocrx_word' id='word_1_276' title='bbox 83 4191 165 4260; x_wconf 88' lang='lat' dir='ltr'><strong>super</strong></span> <span class='ocrx_word' id='word_1_277' title='bbox 188 4182 363 4262; x_wconf 79' lang='lat' dir='ltr'><strong>prenotata</strong></span> <span class='ocrx_word' id='word_1_278' title='bbox 387 4185 477 4246; x_wconf 88' lang='lat' dir='ltr'><strong>terra</strong></span> <span class='ocrx_word' id='word_1_279' title='bbox 493 4181 597 4267; x_wconf 89' lang='lat' dir='ltr'><strong>ipsius</strong></span> <span class='ocrx_word' id='word_1_280' title='bbox 620 4179 759 4249; x_wconf 88' lang='lat' dir='ltr'><strong>condam</strong></span> <span class='ocrx_word' id='word_1_281' title='bbox 774 4180 922 4264; x_wconf 84' lang='lat' dir='ltr'><strong>Dragani</strong></span> <span class='ocrx_word' id='word_1_282' title='bbox 938 4175 1120 4263; x_wconf 82' lang='lat' dir='ltr'><strong>&#39;lhoplieha</strong></span> <span class='ocrx_word' id='word_1_283' title='bbox 1143 4196 1196 4243; x_wconf 82' lang='lat' dir='ltr'><strong>vo·</strong></span> 
     </span>
     <span class='ocr_line' id='line_1_37' title="bbox 83 4283 1195 4375; baseline 0.001 -27"><span class='ocrx_word' id='word_1_284' title='bbox 83 4291 147 4350; x_wconf 87' lang='lat' dir='ltr'><strong>cata</strong></span> <span class='ocrx_word' id='word_1_285' title='bbox 160 4285 336 4370; x_wconf 81' lang='lat' dir='ltr'><strong>coniectas,</strong></span> <span class='ocrx_word' id='word_1_286' title='bbox 352 4287 418 4354; x_wconf 87' lang='lat' dir='ltr'><strong>Sue</strong></span> <span class='ocrx_word' id='word_1_287' title='bbox 433 4287 627 4356; x_wconf 74' lang='lat' dir='ltr'><strong>celsitudini</strong></span> <span class='ocrx_word' id='word_1_288' title='bbox 653 4288 871 4375; x_wconf 88' lang='lat' dir='ltr'><strong>presentando</strong></span> <span class='ocrx_word' id='word_1_289' title='bbox 898 4285 1061 4354; x_wconf 85' lang='lat' dir='ltr'><strong>humiliter</strong></span> <span class='ocrx_word' id='word_1_290' title='bbox 1085 4291 1119 4352; x_wconf 85' lang='lat' dir='ltr'><strong>st</strong></span> <span class='ocrx_word' id='word_1_291' title='bbox 1141 4283 1195 4350; x_wconf 91' lang='lat' dir='ltr'><strong>de·</strong></span> 
     </span>
     <span class='ocr_line' id='line_1_38' title="bbox 84 4390 1195 4484; baseline 0.002 -29"><span class='ocrx_word' id='word_1_292' title='bbox 84 4399 157 4476; x_wconf 88' lang='lat' dir='ltr'><strong>note,</strong></span> <span class='ocrx_word' id='word_1_293' title='bbox 180 4393 247 4461; x_wconf 88' lang='lat' dir='ltr'><strong>Sue</strong></span> <span class='ocrx_word' id='word_1_294' title='bbox 269 4397 372 4480; x_wconf 87' lang='lat' dir='ltr'><strong>Regio</strong></span> <span class='ocrx_word' id='word_1_295' title='bbox 396 4397 562 4466; x_wconf 83' lang='lat' dir='ltr'><strong>Maiestati</strong></span> <span class='ocrx_word' id='word_1_296' title='bbox 586 4399 620 4466; x_wconf 91' lang='lat' dir='ltr'><strong>in</strong></span> <span class='ocrx_word' id='word_1_297' title='bbox 647 4419 686 4466; x_wconf 90' lang='lat' dir='ltr'><strong>eo</strong></span> <span class='ocrx_word' id='word_1_298' title='bbox 709 4398 939 4484; x_wconf 88' lang='lat' dir='ltr'><strong>supplicasset,</strong></span> <span class='ocrx_word' id='word_1_299' title='bbox 965 4403 1001 4460; x_wconf 87' lang='lat' dir='ltr'><strong>vt</strong></span> <span class='ocrx_word' id='word_1_300' title='bbox 1015 4390 1195 4479; x_wconf 90' lang='lat' dir='ltr'><strong>predictam</strong></span> 
     </span>
    </p>
   </div>
   <div class='ocr_carea' id='block_1_3' title="bbox 83 4497 1196 4701">
    <p class='ocr_par' dir='ltr' id='par_1_3' title="bbox 83 4497 1196 4701">
     <span class='ocr_line' id='line_1_39' title="bbox 83 4497 1195 4591; baseline -0.002 -27"><span class='ocrx_word' id='word_1_301' title='bbox 83 4501 189 4568; x_wconf 87' lang='lat' dir='ltr'><strong>terram</strong></span> <span class='ocrx_word' id='word_1_302' title='bbox 211 4500 318 4587; x_wconf 89' lang='lat' dir='ltr'><strong>ipsius</strong></span> <span class='ocrx_word' id='word_1_303' title='bbox 343 4503 480 4571; x_wconf 91' lang='lat' dir='ltr'><strong>condam</strong></span> <span class='ocrx_word' id='word_1_304' title='bbox 503 4505 663 4591; x_wconf 84' lang='lat' dir='ltr'><strong>Dragani,</strong></span> <span class='ocrx_word' id='word_1_305' title='bbox 688 4525 726 4573; x_wconf 91' lang='lat' dir='ltr'><strong>co</strong></span> <span class='ocrx_word' id='word_1_306' title='bbox 743 4503 828 4588; x_wconf 85' lang='lat' dir='ltr'><strong>qnod</strong></span> <span class='ocrx_word' id='word_1_307' title='bbox 853 4501 924 4587; x_wconf 90' lang='lat' dir='ltr'><strong>ipse</strong></span> <span class='ocrx_word' id='word_1_308' title='bbox 948 4518 1008 4586; x_wconf 91' lang='lat' dir='ltr'><strong>per</strong></span> <span class='ocrx_word' id='word_1_309' title='bbox 1031 4497 1195 4565; x_wconf 89' lang='lat' dir='ltr'><strong>dominam</strong></span> 
     </span>
     <span class='ocr_line' id='line_1_40' title="bbox 83 4605 1196 4701; baseline -0.002 -28"><span class='ocrx_word' id='word_1_310' title='bbox 83 4612 205 4676; x_wconf 83' lang='lat' dir='ltr'><strong>matrem</strong></span> <span class='ocrx_word' id='word_1_311' title='bbox 232 4627 326 4678; x_wconf 86' lang='lat' dir='ltr'><strong>suam</strong></span> <span class='ocrx_word' id='word_1_312' title='bbox 350 4629 392 4678; x_wconf 83' lang='lat' dir='ltr'><strong>ex</strong></span> <span class='ocrx_word' id='word_1_313' title='bbox 407 4612 496 4680; x_wconf 90' lang='lat' dir='ltr'><strong>linea</strong></span> <span class='ocrx_word' id='word_1_314' title='bbox 522 4611 660 4700; x_wconf 90' lang='lat' dir='ltr'><strong>predicti</strong></span> <span class='ocrx_word' id='word_1_315' title='bbox 680 4610 816 4680; x_wconf 87' lang='lat' dir='ltr'><strong>condam</strong></span> <span class='ocrx_word' id='word_1_316' title='bbox 832 4609 980 4701; x_wconf 88' lang='lat' dir='ltr'><strong>Drugani</strong></span> <span class='ocrx_word' id='word_1_317' title='bbox 1004 4605 1196 4680; x_wconf 84' lang='lat' dir='ltr'><strong>naturaliter</strong></span> 
     </span>
    </p>
   </div>
   <div class='ocr_carea' id='block_1_4' title="bbox 0 0 1611 5194">
    <p class='ocr_par' dir='ltr' id='par_1_4' title="bbox 0 0 1611 5194">
     <span class='ocr_line' id='line_1_41' title="bbox 0 0 1611 5194; baseline 0 0"><span class='ocrx_word' id='word_1_318' title='bbox 0 0 1611 5194; x_wconf 95' lang='lat' dir='ltr'><strong> </strong></span> 
     </span>
    </p>
   </div>
  </div>
 </body>
</html>
