3252 5198
869 385 1028 488 Α

383 597 481 665 quam
505 578 647 665 illorum,
674 577 731 663 qui
747 577 782 644 in
797 579 859 647 hoc
884 577 1043 646 dederunt
1067 578 1258 664 consilium,
1285 579 1443 647 auxilium
1462 579 1521 647 rel

381 683 536 770 favorem,
561 691 670 752 utrum
685 684 772 752 idem
789 686 972 773 Episcopus
989 685 1123 753 eosdem
1150 687 1310 771 sarilegos
1327 685 1518 773 receptarit,

381 813 423 860 ac
438 794 479 861 de
495 794 644 862 omuibus
669 793 921 862 circumstantiis
937 793 1059 878 negotii
1075 793 1328 879 diligentissime
1350 795 1520 898 inquiren·

381 909 443 987 tes,
471 922 534 990 que
558 901 750 970 inveneritis
774 902 936 971 studeatis
961 901 1058 971 nobis
1086 901 1205 970 vestris
1233 901 1351 970 litteris
1376 903 1521 971 fideliter

381 1009 543 1097 intimare,
563 1017 599 1078 ut
614 1029 674 1097 per
688 1011 882 1079 relationem
897 1015 1042 1078 uestram
1065 1009 1261 1078 sufficienter
1277 1010 1428 1078 instructi
1442 1032 1520 1097 pro

384 1117 539 1185 cedamus
555 1119 684 1203 exinde,
708 1125 805 1206 prout
820 1115 998 1186 secundum
1013 1119 1120 1207 Deum
1135 1118 1314 1185 viderimus
1337 1118 1519 1205 proceden-

382 1223 471 1293 dum.
500 1224 641 1304 Quodsi
657 1247 722 1295 nou
738 1245 850 1294 omues
865 1231 926 1293 etc.
952 1227 1074 1293 Datum
1089 1227 1267 1295 Internmui
1282 1221 1376 1296 XIII.
1399 1225 1520 1294 kalen-

383 1332 444 1401 dar
461 1334 551 1419 Julii,
567 1335 783 1402 Pontificatus
798 1333 900 1403 nostri
917 1355 1002 1403 auno
1019 1333 1157 1402 decimo.
1381 1335 1386 1342 ’

382 1528 528 1600 (Thelser,
547 1533 649 1586 Vetera
665 1533 842 1584 Monumenta
860 1531 1001 1587 Historiea
1019 1533 1192 1600 Hungarium
1211 1531 1320 1584 Sacram
1339 1533 1518 1594 illustratis,

380 1623 404 1673 1.
416 1623 474 1675 lrdt
489 1625 549 1674 144.
561 1625 580 1675 l.
593 1619 674 1688 Fejer
686 1638 751 1674 essu
768 1621 853 1690 pipat
870 1619 1009 1675 brevenek
1022 1623 1088 1674 csalu
1102 1619 1260 1688 kironetjtt
1272 1623 1344 1674 ludzli
1357 1621 1425 1674 Cod-
1437 1621 1517 1688 Dipl.

802 1709 850 1764 rv.
863 1712 920 1764 uos
933 1713 955 1764 1.
968 1712 997 1763 r.
1010 1713 1052 1762 42.
1066 1712 1097 1779 1.)

812 1995 1078 2008 ——u--un—-u--n-

924 2474 958 2543 8.

380 2656 440 2722 IX.
457 2655 593 2744 Gerpdy
607 2654 762 2744 pdpdnalr
786 2655 976 2722 inuskatdse
991 2680 1012 2720 α
1028 2655 1146 2722 adradi
1165 2657 1291 2743 perpet
1314 2657 1515 2724 ochema

771 2762 837 2828 nuk
850 2763 997 2851 ttpydbea.
1022 2765 1121 2829 1236.

488 2959 668 3046 Gregorius
695 2961 880 3050 Episcopus
905 2979 1020 3028 seruus
1045 2979 1213 3028 seruomm
1238 2961 1302 3028 Dei
1326 2960 1513 3028 venerabili

378 3066 540 3135 fratri...
557 3069 720 3157 Episcopo
739 3066 1112 3154 QuinqueEcclesieusi,
1138 3066 1266 3136 dilectis
1292 3067 1368 3136 filiis
1384 3067 1512 3136 Abbati

444 3176 656 3243 Waradiensi
671 3173 1030 3260 Quinquoccolosicnsis
1044 3173 1203 3258 Diocesis,
1220 3180 1253 3242 et
1332 3173 1509 3259 Proposito

378 3285 626 3371 Wesprimiensi
642 3284 782 3350 salutem
798 3281 1063 3368 etdpostolicam
1082 3281 1352 3349 benedictionem.
1365 3281 1511 3350 Alexan·

379 3391 438 3460 der
454 3400 487 3458 et
502 3391 672 3458 lohannes
688 3389 845 3458 Canonici
861 3387 1088 3456 waradiensis
1104 3389 1251 3456 Ecclesie
1275 3409 1334 3458 suo
1350 3396 1384 3458 et
1408 3389 1511 3456 maio-

378 3499 424 3567 ris
440 3519 480 3565 ac
496 3498 638 3566 sanioris
653 3499 758 3583 partis
774 3494 919 3580 Capituli
936 3493 1077 3579 nomine,
1102 3504 1139 3561 ut
1152 3494 1318 3582 dicebaut,
1343 3495 1510 3564 innostra

377 3626 577 3695 proposuere
602 3605 767 3692 presentia
783 3602 962 3687 constituti,
987 3601 1077 3687 quod
1101 3621 1174 3670 cum
1189 3602 1265 3690 ipsa
1279 3604 1431 3672 Ecclesia
1448 3625 1510 3691 par

377 3715 475 3783 storin
492 3715 610 3783 solatio
627 3711 803 3798 destituta,
824 3709 925 3779 iidem
940 3712 1133 3796 Magistrum
1154 3711 1410 3799 Primogenitum
1424 3711 1510 3778 Sub·

378 3825 551 3892 diaconum
566 3827 714 3890 nostrum
739 3821 916 3905 elegissent
932 3820 997 3888 sibi
1013 3819 1169 3886 canonice
1184 3820 1410 3907 impostorem,
1436 3820 1508 3906 qui·

377 3935 453 4002 dam
469 3934 510 4001 de
526 3931 677 4019 Capitulo
701 3935 776 4017 poet
791 3927 982 3996 electionem
1001 3926 1107 4013 ipsam
1123 3929 1160 3994 Β.
1177 3927 1347 3995 Lectorem
1363 3929 1509 4012 Srigoui-

377 4065 488 4114 ensem
518 4038 835 4110 excommunicatum
857 4044 890 4103 et
913 4035 997 4102 alias
1029 4036 1072 4103 ad
1095 4036 1294 4124 Episcopale
1318 4059 1399 4106 onus
1423 4037 1508 4104 indi-

376 4173 487 4241 gnum,
502 4151 625 4235 eligere
633 4151 910 4235 presumpserunt,
927 4143 1078 4228 idemque
1094 4144 1253 4213 electione
1263 4165 1324 4213 sua
1338 4166 1399 4234 per
1408 4166 1508 4230 quas-

376 4259 452 4327 dam
467 4259 595 4328 litteras
612 4254 823 4342 surreptioias
848 4251 1014 4320 confectas
1027 4252 1159 4318 nomine
1175 4250 1319 4338 Capituli
1335 4273 1507 4339 perrone

373 4371 513 4439 rabilem
528 4369 661 4435 fratrem
676 4372 823 4432 nostrum
839 4410 888 4429 ...
906 4360 1117 4429 colocensem
1135 4359 1426 4448 Archiepisoopum
1438 4362 1507 4430 loci

374 4479 662 4565 Metropolitanum
687 4491 859 4561 perperam
883 4470 1082 4555 confirmata,
1108 4467 1143 4534 in
1167 4468 1303 4535 eandem
1319 4469 1508 4538 Ecclesiam

373 4611 432 4678 per
446 4587 599 4656 laicalem
623 4581 803 4669 potentiam
818 4577 942 4645 faciens
957 4596 995 4645 se
1009 4575 1140 4662 intrudi,
1166 4583 1200 4644 et
1215 4577 1506 4648 amministrationi

374 4698 445 4764 eius
461 4714 498 4761 se
512 4693 668 4777 ingerens
683 4686 897 4773 impudenter,
922 4693 1044 4751 temere
1059 4682 1241 4772 impedivit,
1257 4708 1299 4754 ue
1314 4683 1421 4752 dictus
1436 4686 1507 4754 lla·
