3210 5194
590 305 741 408 ...Ψέ-

21 569 23 610 ,
111 527 162 599 per
177 511 283 596 ipsum
307 506 484 576 heredibus
503 505 723 588 heredumque
748 508 991 576 successoribus
1018 514 1231 600 contulimus,

109 624 203 686 otest
217 615 454 702 supradictum.
480 613 690 680 Postmodum
707 622 817 680 aulem
834 635 907 682 cum
932 615 1019 686 idem
1034 619 1068 684 in
1085 642 1233 708 corpora·

110 726 167 794 lem
182 722 426 810 possessionem
441 721 526 788 foret
540 720 756 804 introductus,
772 721 966 805 iobagiones
978 725 1084 792 Casiri
1100 728 1141 794 de
1158 728 1233 796 Bor·

109 833 162 902 sod
176 831 216 898 dc
243 831 326 898 uilla
342 827 468 913 Deduc,
485 828 594 896 Zadnr
620 827 783 914 uidelicet,
809 829 934 915 Petrus,
955 831 1047 920 Ysip‚
1064 834 1231 904 Abraham

109 950 137 1010 et
157 941 213 1026 aiij
229 938 272 1005 de
299 937 517 1024 generacione
541 939 687 1024 ipsorum
712 937 852 1004 eundern
879 937 1035 1006 Comitem
1060 942 1231 1011 Nicolaum

107 1055 267 1118 trsrarunl
295 1047 328 1112 in
344 1065 480 1112 causam
505 1043 662 1128 dicentes,
688 1041 776 1126 qnod
801 1045 1010 1130 supradictus
1026 1049 1104 1117 Jula
1119 1049 1230 1117 Banus

108 1154 345 1244 possessionem
362 1159 584 1234 memoratam,
602 1148 752 1235 adipson
767 1149 837 1216 inre
852 1151 1048 1223 hereditario
1069 1158 1230 1242 pertinen-

108 1273 172 1349 tem,
189 1263 354 1332 uiolenter
369 1264 573 1347 occupasset.
590 1257 683 1324 Licet
698 1262 808 1324 autem
827 1256 954 1326 diucius
970 1261 1045 1346 ipsa
1062 1283 1163 1330 causa
1179 1286 1229 1332 oo·

107 1393 168 1439 ram
182 1368 278 1438 nobis
305 1368 424 1437 fuisset
443 1367 622 1452 uentilata;
648 1366 781 1433 tandem
797 1367 1027 1452 iobagionibus
1050 1371 1227 1440 iamdictis

108 1483 205 1548 insua
220 1479 410 1548 intencione
420 1476 550 1545 omnino
567 1475 801 1562 deicientibus,
818 1474 859 1542 de
868 1475 1032 1544 Beronum
1042 1486 1225 1547 nostrorum

108 1587 232 1657 consilio
247 1589 358 1676 ipsam
375 1585 616 1671 possessionem
639 1584 749 1671 sepius
765 1581 852 1649 dioto
868 1583 1005 1652 Nicolao
1022 1584 1140 1652 Comiti
1156 1605 1226 1652 sen-

106 1697 280 1766 tencialiter
305 1692 569 1762 adiudicauimus
585 1691 656 1759 iure
670 1700 829 1779 perpetuo
852 1691 1093 1779 possidendam.
1120 1695 1226 1773 Quam

106 1805 159 1872 sibi
173 1824 232 1892 por
246 1802 380 1871 fidelem
407 1809 553 1874 nostrum
569 1800 699 1867 Knnam
714 1801 756 1866 de
772 1798 854 1866 nilla
868 1799 977 1882 Holog
1002 1800 1064 1866 sub
1085 1799 1226 1867 testimo·

104 1911 150 1979 niu
165 1910 362 1978 dilectorum
387 1908 481 1978 nobis
496 1907 643 1994 Capituli
659 1905 829 1992 Agriensie
854 1906 951 1972 certis
967 1903 1110 1992 undique
1132 1909 1225 1976 metis

105 2019 267 2088 limitatam
295 2017 434 2085 fecimus
450 2015 625 2101 assignari.
654 2015 741 2082 Mete
756 2019 875 2099 autem,
902 2015 985 2082 sicut
1001 2036 1059 2102 per
1083 2015 1224 2083 untedio

103 2132 161 2192 turn
175 2127 341 2194 hominem
366 2131 523 2209 nostrum,
550 2141 610 2189 neo
625 2142 691 2190 non
707 2141 767 2208 per
792 2121 918 2190 litteras
940 2121 1082 2209 Capitoli
1106 2143 1224 2190 memo

103 2233 159 2300 rati
172 2233 266 2301 nobis
294 2231 450 2318 constitit,
476 2231 539 2298 hoo
554 2229 668 2298 ordino
693 2229 923 2315 distinguntur.
948 2230 1058 2296 Prima
1075 2239 1162 2300 meta
1177 2232 1223 2298 in·

103 2341 173 2426 cipit
195 2342 293 2408 iuxta
308 2339 466 2407 'l’urdcna
490 2337 626 2426 potuim,
652 2336 709 2404 ubi
723 2335 830 2422 posite
855 2344 931 2404 sunt
947 2343 1012 2405 tres
1036 2343 1131 2425 mete,
1156 2360 1223 2408 vna

103 2457 188 2534 notu,
205 2469 270 2534 que
287 2455 418 2536 aparte
433 2446 618 2534 aquilonari
644 2447 835 2531 continetur,
861 2445 983 2532 excipit
1002 2452 1121 2514 metam
1137 2452 1221 2514 terro

102 2559 311 2626 castrensium
336 2558 379 2624 de
393 2555 518 2624 Borsod
544 2561 576 2622 et
591 2553 705 2621 uillam
729 2551 886 2620 Turduna
910 2555 1130 2642 nominatam,
1158 2555 1220 2625 due

19 2703 20 2716 ι
102 2683 172 2735 uero
186 2677 284 2753 mete,
301 2686 365 2752 que
375 2667 419 2732 ab
434 2663 568 2733 australi
579 2667 672 2749 parte
689 2665 901 2749 continentur,
924 2661 1091 2749 excipiunt
1099 2669 1220 2732 terram

102 2775 223 2844 Nicolai
238 2775 396 2861 Comitis3
419 2773 495 2840 indo
511 2770 617 2840 tendit
631 2771 664 2837 in
681 2770 781 2837 altum
791 2770 883 2838 iuxta
898 2771 1070 2839 Bithunioh
1086 2771 1219 2857 poleka,

101 2888 130 2949 ot
143 2882 257 2948 transit
274 2880 359 2947 illud
374 2879 476 2966 potols
491 2879 526 2946 in
542 2877 691 2945 dextram
708 2883 835 2962 partem
853 2879 887 2944 in
903 2879 1007 2946 latere
1023 2879 1119 2946 unius
1133 2900 1220 2948 mon·

100 2991 147 3075 tia,
162 3000 194 3058 et
207 2991 253 3058 ibi
273 2998 348 3057 sunt
364 2988 427 3056 due
441 2994 537 3074 meto,
553 3007 620 3053 vna
635 2985 727 3072 eligit
742 2992 863 3053 terram
878 2984 1016 3056 Comitis
1029 2987 1168 3076 Nicolai,
1185 2988 1219 3054 in

103 3117 160 3182 qua
173 3107 222 3168 est
236 3119 304 3167 nna
320 3117 470 3185 quercus,
497 3097 613 3164 etalio
631 3095 856 3182 caunensium,
882 3096 917 3162 in
932 3115 998 3180 qna
1013 3102 1063 3164 ost
1087 3095 1157 3163 alia
1170 3115 1218 3163 ar·

103 3205 163 3291 lor,
187 3227 250 3293 que
265 3205 447 3290 uulgariter
470 3205 571 3294 mopol
587 3212 741 3290 uocatur,
768 3203 886 3272 deinde
902 3202 1072 3270 descendit
1095 3203 1140 3270 ad
1154 3203 1217 3290 Ly-

102 3316 197 3400 ponch
212 3314 348 3403 potolra,
375 3320 407 3382 et
422 3314 514 3384 iuxta
529 3334 628 3382 unam
651 3313 741 3381 uiam
757 3321 832 3380 sunt
847 3312 911 3380 duc
926 3320 1021 3398 mete,
1045 3331 1111 3380 vna
1125 3312 1219 3397 eligit

104 3428 211 3490 terram
226 3421 364 3490 Comitis
380 3422 518 3508 Nicolai,
535 3422 602 3488 alia
617 3421 844 3508 castrensium,
870 3427 903 3488 et
917 3419 1010 3486 uadit
1024 3421 1118 3489 iuxta
1135 3421 1218 3489 illud

102 3531 193 3615 potolr
208 3531 242 3597 in
259 3532 373 3616 altum,
399 3535 432 3598 ct
446 3530 480 3597 in
496 3529 603 3616 capite
628 3531 717 3598 illius
734 3529 836 3617 potok
853 3537 927 3597 sunt
952 3533 1024 3597 octo
1041 3535 1138 3614 mete,
1155 3551 1218 3616 que

103 3648 169 3707 sunt
182 3649 268 3710 mate
283 3641 454 3728 capitales,
471 3659 537 3710 vna
553 3640 774 3726 castrensium,
791 3647 823 3708 ot
834 3642 902 3708 alia
910 3641 1001 3724 Folo,
1016 3640 1216 3710 terciaioba-

103 3749 225 3833 giorum
239 3751 340 3819 castri
360 3750 401 3817 de
416 3751 540 3836 Dauus,
563 3759 682 3836 quarta
696 3770 777 3819 uero
801 3748 947 3816 eiusdem
966 3748 1094 3816 Nicolai
1111 3748 1216 3816 Comi·
1238 3766 1243 3776 ’

102 3855 156 3944 tiu,
179 3857 255 3926 inde
280 3857 492 3945 progrediens
518 3861 552 3927 in
572 3857 679 3928 medio
706 3858 815 3941 berch,
841 3856 927 3924 vnde
951 3855 1022 3923 fluit
1044 3853 1164 3923 fluuius
1182 3855 1216 3922 in

102 3971 261 4053 utramque
284 3973 416 4052 terram,
442 3974 475 4035 et
501 3967 593 4035 uadit
616 3967 651 4036 in
667 3968 768 4035 ultum
794 3967 828 4033 in
853 3965 971 4033 siluam
994 3982 1158 4048 magnam,
1183 3969 1216 4028 et

101 4071 183 4141 iuxta
196 4075 414 4144 Kamunuslra
438 4075 564 4162 potoka
590 4083 665 4142 sunt
683 4074 746 4142 due
770 4077 856 4140 mets
880 4073 1091 4156 iobagionnm
1106 4069 1215 4136 (lustri

102 4184 131 4245 et
144 4182 276 4252 Comitis
291 4183 430 4270 Nicolai,
448 4191 482 4250 et
497 4183 626 4251 interim
643 4184 743 4250 multe
758 4182 823 4248 alie
840 4187 925 4248 mete
934 4197 1019 4246 noue
1039 4185 1072 4244 et
1086 4183 1214 4245 ueteres

103 4287 140 4353 ab
154 4289 294 4375 utrisque
310 4292 459 4378 partibus
470 4298 546 4359 sunt
560 4291 720 4376 inposite,
738 4289 814 4356 inde
831 4286 978 4355 ascendit
993 4286 1027 4351 in
1043 4284 1164 4351 siluam
1178 4285 1214 4352 in

101 4397 198 4482 capite
223 4398 438 4466 Kamunusna
462 4399 597 4486 potolra,
624 4398 679 4466 ubi
702 4402 776 4463 sunt
801 4394 865 4462 due
891 4400 975 4460 mete
1002 4391 1213 4478 iobagionnm

101 4501 197 4571 Castri
212 4511 245 4572 et
259 4506 396 4575 Comitis
412 4507 551 4594 Nicolai,
568 4515 601 4574 et
616 4505 684 4573 illic
698 4523 800 4593 prope
816 4503 859 4570 ad
874 4499 1049 4570 heremitas
1070 4499 1131 4568 sub
1148 4519 1212 4568 uno

100 4609 209 4682 uimine
224 4623 302 4684 sunt
317 4621 454 4699 quatuor
469 4622 565 4702 mete,
589 4615 644 4684 ubi
661 4612 855 4685 discernitur
871 4631 892 4680 a
910 4607 1138 4699 iobagionibus
1154 4607 1212 4676 Oa-
