3210 5194
113 585 209 632 vnam
239 585 394 650 magnam
420 565 518 650 viam,
545 564 670 632 atinde
695 566 798 633 tendit
823 587 883 652 per
905 576 1009 637 terras
1035 569 1177 636 arabiles
1204 569 1248 636 ad

115 693 212 738 unam
239 693 378 758 paruam
403 673 532 760 siluam,
560 672 648 758 qued
671 675 769 760 vulgo
789 674 950 744 vocabulo
974 683 1144 744 erezteuen
1171 678 1248 745 dici-

113 789 174 866 tur,
200 782 263 847 snb
281 783 372 850 euius
397 779 461 848 fine
487 787 561 848 sunt
576 783 641 850 dne
663 788 749 852 mete
774 790 889 868 terrec,
914 785 1009 852 etsie
1036 786 1129 853 iuxta
1156 786 1247 852 illam

7 875 11 892 '
111 889 233 956 siluam
250 889 350 956 currit
367 910 479 958 uersus
506 897 608 958 metas
633 891 769 978 priores,
794 892 849 958 vbi
865 897 941 958 sunt
956 894 1172 960 commetanei
1191 913 1247 960 nn·

113 997 194 1064 biles
216 997 260 1064 de
279 995 460 1078 Chalamia
491 998 562 1077 Que
582 996 712 1081 quidem
731 999 816 1064 silua
844 1018 901 1065 scu
919 1005 1089 1068 erezteuen
1116 1001 1246 1069 omnino

110 1108 261 1171 remanet
276 1103 362 1171 inter
387 1111 493 1172 metas
510 1103 555 1171 ad
570 1110 692 1171 terram
708 1105 859 1189 Kearzeg
882 1112 1034 1172 uocatam
1049 1115 1082 1174 et
1096 1114 1246 1193 prenota-

111 1221 197 1297 tam;
216 1220 251 1278 et
267 1214 316 1278 sie
331 1212 554 1280 terminantur.
572 1213 622 1278 Ne
639 1213 738 1297 igitur
753 1212 785 1279 in
802 1219 965 1298 posterum
988 1213 1075 1280 idem
1091 1215 1245 1281 Nicolaus

110 1319 219 1387 tidelis
236 1327 355 1406 noster,
374 1319 465 1388 etsui
482 1318 628 1407 heredes,
647 1339 746 1407 super
761 1319 877 1387 eadem
886 1329 975 1388 terra
992 1340 1050 1406 per
1060 1321 1245 1410 quempiam

110 1430 249 1494 valeant
264 1429 442 1509 molestari,
468 1434 500 1495 et
516 1449 557 1496 ne
573 1429 742 1496 autentica
757 1434 872 1495 nostra
891 1425 1030 1495 donacio
1045 1426 1244 1497 irritacienis

110 1537 228 1603 illicite
254 1534 441 1604 molestiam
458 1535 616 1621 paciatur,
643 1535 701 1602 sed
726 1535 774 1602 eis
793 1534 928 1621 pacifice
953 1539 986 1600 et
1004 1534 1112 1618 quiete
1131 1555 1244 1621 perpe·

108 1652 163 1711 tuo
183 1642 319 1709 valeant
334 1662 539 1730 permanere,
565 1650 734 1728 presentes
751 1642 945 1710 tradidimus
964 1641 1101 1726 litteras,
1118 1642 1244 1730 duppli-

108 1751 155 1818 eis
182 1750 287 1836 sigilli
315 1749 417 1818 nostri
440 1749 616 1818 munimine
640 1751 673 1817 in
689 1760 834 1820 eternum
860 1749 1042 1818 roboratas.
1068 1750 1190 1817 Datum
1209 1750 1243 1816 in

108 1859 294 1946 Gyermeth
319 1879 378 1945 per
404 1879 520 1927 manus
544 1859 696 1944 Magistri
720 1860 862 1929 Achillis
887 1857 1049 1945 Prepositi
1074 1858 1240 1944 Albensis,

109 1969 188 2035 aule
203 1973 315 2036 nostre
325 1965 628 2054 vicecancellarii,
640 1989 726 2037 anuo
736 1968 907 2035 Dominice
917 1965 1160 2034 lucarnaeienis
1172 1965 1240 2032 mil·

108 2077 228 2144 lesime
253 2073 477 2143 ducentesimo
504 2074 757 2162 quadragesimo
784 2081 911 2162 quarto,
938 2073 1064 2140 decimo
1080 2072 1242 2140 kalendas

107 2185 200 2272 ilaij,
218 2183 324 2268 Regni
341 2190 449 2250 autem
466 2182 570 2253 nestri
587 2181 753 2254 vicesimo.

7 2361 8 2406 ἶ
108 2379 142 2450 (Δ
154 2381 236 2436 vieni
250 2379 441 2450 kdptulannak
455 2383 565 2435 luat-ki
578 2379 679 2434 ilirata
692 2379 757 2434 atriu
770 2380 842 2434 Rich
854 2377 956 2448 Kinoly
969 2383 1058 2434 Hazai
1071 2377 1242 2447 Ollminylair

7 2477 9 2504 ⁵
562 2468 790 2541 mmmm

550 2761 808 2774 m—n—-a—

642 3205 718 3274 108.

109 3393 131 3457 l
136 3393 167 3457 V.
195 3393 276 3457 Be'la
302 3389 469 3476 kirdlyrrale
494 3389 642 3452 Rekoach
663 3387 770 3472 fd'lde't
793 3389 944 3475 teirpyaze'
969 3387 1147 3473 adomcapa
1174 3387 1241 3450 hice

471 3497 605 3563 Ciceraelc
620 3501 775 3563 cadmeo-a.
797 3495 893 3561 1244.

221 3701 304 3768 Bela
328 3699 391 3765 Dei
415 3697 528 3783 gracia
544 3694 722 3781 Hungarie,
749 3695 931 3778 Dalmacie‚
957 3694 1102 3779 Groacie,
1127 3695 1240 3772 Rame,

109 3813 231 3897 Seruie,
250 3807 403 3892 Gallicie,
419 3805 611 3874 Ledomerie
622 3802 846 3888 (inmaniaque
854 3806 926 3870 Rex
941 3804 1102 3870 universis
1120 3801 1241 3870 Christi

112 3918 264 3986 fidelibus
280 3934 417 4004 presens
428 3915 583 4000 scriptum
597 3911 792 3999 inspecturis
802 3911 941 3978 salntem
953 3910 986 3977 in
997 3929 1073 3976 rere
1092 3909 1240 3976 salutari.

110 4033 211 4114 Regle
221 4026 405 4094 Maiestatis
421 4025 557 4091 interest
566 4021 613 4089 sic
630 4019 673 4088 ad
684 4041 760 4089 snos
776 4018 924 4088 subditus
943 4025 974 4086 et
985 4018 1098 4085 fideles
1109 4033 1239 4082 manum

110 4136 296 4222 largifluam
313 4131 497 4218 extendere,
515 4135 550 4198 vt
558 4131 733 4216 Regiorum
750 4127 976 4195 beneficiorum
993 4125 1163 4212 prouocati
1178 4125 1241 4189 lar·

110 4245 212 4330 gitatc
229 4242 274 4310 ad
290 4241 432 4309 seruicia
448 4237 560 4308 debita
575 4237 690 4306 merito
707 4235 929 4324 prempcieres
944 4234 1134 4302 habeantur.
1157 4232 1241 4298 Hine

13 4377 14 4380 ¹
112 4360 178 4439 est,
206 4349 297 4437 quod
321 4348 366 4416 ad
391 4349 616 4416 uniuersorum
641 4345 797 4413 noticiam
822 4351 889 4411 tam
915 4341 1117 4431 presencium
1144 4359 1241 4425 quam

113 4471 317 4549 posterorum
327 4458 443 4525 haram
459 4457 543 4522 serie
552 4454 700 4522 volumus
710 4455 891 4542 peruenire,
911 4452 997 4538 quod
1009 4470 1082 4517 cum
1091 4447 1241 4516 chemel

114 4571 155 4636 ab
171 4568 266 4635 annis
283 4566 354 4632 suis
369 4563 491 4630 teneris
507 4559 603 4628 nobis
619 4560 792 4628 seruiuerit
808 4559 945 4626 fideliter
960 4565 993 4627 et
1009 4557 1134 4640 deuote,
1159 4560 1192 4620 et
1207 4562 1242 4622 vt

112 4697 167 4767 per
191 4678 262 4744 eius
288 4673 480 4744 fidelitatem
496 4667 666 4758 percipere
691 4667 866 4758 potuimus,
894 4666 1093 4735 veluntatem
1121 4662 1242 4732 habeat
