3162 5188
623 908 700 975 287.

82 1101 148 1166 W.
160 1101 250 1167 Beda
259 1104 435 1191 birdlynuk,
446 1104 555 1170 Simon
571 1114 602 1170 e'e
617 1107 717 1170 tciraua'
725 1109 872 1172 eadmdru
881 1107 969 1172 Kerd
983 1113 1014 1172 ea
1023 1107 1135 1172 Keazin
1145 1115 1224 1174 aava

81 1210 190 1274 birtolo
197 1211 323 1296 fejehea
339 1212 513 1300 caerude'pen
528 1213 644 1278 Hasna
659 1221 737 1280 aeusi
744 1214 1056 1302 fdldekdteuyoddadt
1070 1219 1223 1304 tu'rpyaad

516 1319 679 1406 ohmdaya.
708 1319 802 1386 1252.

202 1519 286 1583 Boia
302 1516 364 1584 Dei
389 1517 503 1602 grauia
522 1519 701 1603 Hungarie,
717 1517 898 1605 Dalmaoie,
924 1519 1091 1604 Oroaohie,
1108 1521 1220 1604 Rome,

84 1624 218 1709 Seruis,
238 1623 388 1707 Gallicis,
414 1624 619 1710 Lodomerie,
639 1625 859 1710 Cumanieque
880 1627 950 1692 Rex
967 1628 1134 1694 uniuersis
1149 1649 1216 1715 pre

82 1751 165 1798 sens
183 1733 344 1819 seriptum
360 1733 558 1822 inspeotnris
574 1735 712 1802 satutem
727 1735 760 1802 in
777 1734 920 1801 omnium
936 1735 1112 1802 saluatore.
1138 1735 1218 1802 Cum

85 1839 223 1906 eulmen
249 1845 358 1909 nostre
383 1841 499 1908 deoeat
514 1842 709 1927 Maiestatis,
737 1862 787 1927 ea,
804 1862 867 1927 que
883 1863 904 1908 a
922 1842 1017 1909 nobis
1043 1851 1119 1910 aota
1143 1852 1219 1912 sunt

82 1948 137 2012 nel
167 1967 341 2033 upnuessa,
367 1948 414 2015 sio
439 1950 569 2016 effectui
595 1951 805 2039 mancipare,
830 1957 866 2018 ut
886 1970 1039 2037 prooessu
1061 1951 1217 2039 temporis

81 2058 226 2123 ualeant
241 2055 373 2122 minime
389 2057 557 2142 reuocari3
584 2056 677 2124 duxit
690 2065 803 2127 nostra
818 2059 984 2126 Serenitas
999 2059 1149 2126 omnibns
1164 2058 1217 2125 de-

80 2166 289 2251 clarandum,
315 2167 403 2251 quod
419 2187 493 2234 oum
507 2172 612 2235 terras
628 2166 843 2235 hereditarias
860 2166 1022 2253 Symonh,
1046 2166 1216 2253 Stephani,

82 2282 186 2359 atque
203 2273 303 2357 Petri,
321 2273 459 2340 filiorum
478 2276 604 2360 Temer,
622 2282 655 2343 et
671 2274 861 2362 Alexandrj,
879 2274 938 2361 diij
955 2275 1068 2359 Pwke,
1091 2295 1214 2344 neonon

82 2390 116 2450 et
132 2381 212 2448 ntia
227 2390 346 2448 terrum
374 2382 558 2468 empticium
576 2382 619 2449 ad
636 2383 699 2449 duro
716 2389 837 2467 aratra,
863 2403 945 2468 quas
961 2382 995 2447 in
1011 2387 1099 2449 terra
1114 2382 1214 2468 Kerd,

81 2497 113 2557 et
129 2491 165 2556 in
183 2496 277 2557 terra
292 2492 406 2576 Keayv
421 2491 558 2578 pacifice
574 2491 799 2579 possidebant,
815 2490 937 2558 eisdem
955 2490 1107 2558 duximus
1124 2491 1213 2558 ause-

82 2599 228 2684 rendus;
255 2603 374 2666 terram
390 2599 516 2666 stan
542 2600 702 2667 arabilem
727 2599 769 2666 ad
785 2599 849 2667 tria
874 2603 986 2665 aratra
1009 2599 1212 2686 existentem,

81 2725 153 2773 uum
170 2706 260 2773 silua
277 2712 310 2773 et
325 2705 443 2792 teneto,
461 2727 605 2791 nemore,
623 2714 656 2775 et
675 2728 747 2775 oum
772 2707 847 2775 aliis
864 2706 1013 2774 omnibus
1032 2707 1100 2773 suis
1116 2708 1212 2794 perti-

84 2812 222 2897 nentiis,
249 2812 408 2900 exemptis
424 2833 446 2879 a
460 2821 568 2882 oestro
584 2814 757 2899 Hortensi,
784 2820 947 2881 carentem
963 2812 1212 2900 habitatoribus,

82 2920 115 2986 in
141 2921 443 3009 permutationem,
477 2941 535 2989 sev
560 2923 774 2991 concanbiam
799 2921 1019 3008 predictarum
1044 2928 1211 3005 terrarum,

85 3048 168 3112 quas
184 3029 370 3116 hospitibus
395 3029 516 3096 nostris
541 3029 584 3095 de
599 3029 705 3095 Zalka
720 3027 856 3094 feoimus
877 3025 1052 3111 assignari,
1079 3029 1212 3094 eontuli-

84 3155 163 3224 mus,
183 3138 343 3223 dedimus,
354 3146 452 3222 atque
468 3137 662 3205 tradidimus
671 3139 817 3220 Symoni,
827 3136 1003 3224 Stephano,
1019 3138 1126 3220 Petro,
1138 3136 1210 3203 Ale-

83 3246 209 3315 xandro
228 3252 260 3312 et
276 3245 347 3312 lilio
364 3245 570 3332 supradietis,
599 3243 783 3332 heredibus,
799 3241 997 3310 heredumve
1020 3244 1211 3310 snooessori-

83 3351 153 3436 bns,
167 3360 330 3440 perpetuo
346 3350 589 3438 possidendam,
606 3352 808 3435 ieoimusque
824 3349 989 3436 predictos
1005 3347 1095 3416 uiros
1114 3349 1209 3417 intro·

84 3457 157 3524 duni
174 3457 380 3548 perfidelem
404 3465 588 3525 nostrorum
604 3457 714 3526 Baauh
732 3457 924 3541 Magistrum
950 3455 983 3521 in
1009 3459 1207 3543 eorporalem

85 3565 323 3650 possessionem
348 3574 433 3634 terro
456 3573 643 3632 memorate.
669 3565 755 3631 Mete
772 3563 871 3650 igitur
895 3581 953 3630 seu
969 3562 1098 3630 termini
1124 3565 1209 3634 dioto

84 3677 177 3761 terre,
194 3677 279 3743 sieut
304 3673 391 3741 idem
405 3673 513 3740 tidelis
540 3680 649 3740 noster
665 3673 824 3757 Magister
838 3671 949 3738 Baauh
975 3671 1070 3739 nobis
1086 3673 1207 3757 retulit,

87 3781 145 3848 hoo
170 3781 285 3849 ordine
311 3783 549 3866 distinguntur:
576 3781 687 3849 Prima
712 3787 800 3846 meta
824 3779 938 3865 iuoipit
963 3801 984 3846 a
1008 3779 1126 3860 fluuio,
1153 3782 1207 3864 qni

81 3891 171 3975 potuis
187 3889 314 3976 dieitur,
333 3896 364 3958 et
380 3889 484 3956 tendit
500 3889 543 3955 ad
560 3890 643 3957 duas
660 3891 794 3957 arbores
810 3888 897 3973 vimi,
919 3907 981 3972 que
995 3888 1084 3975 zytfa
1100 3886 1208 3954 dieun-

85 3999 143 4078 tur‚
161 4006 195 4066 et
210 3997 257 4064 ihi
284 4004 359 4064 sunt
376 3998 438 4065 due
455 4005 559 4084 mete;
585 3998 661 4064 inde
677 3998 824 4085 procedit
839 3997 883 4064 ad
899 3998 1026 4082 syluam
1045 3995 1079 4061 in
1096 3992 1206 4061 Ozow-

88 4105 207 4192 potuis,
234 4104 313 4173 inde
328 4106 429 4173 wadit
444 4105 488 4173 ad
503 4108 622 4191 locum,
649 4107 704 4191 qui
719 4104 925 4173 Harsandiur
941 4102 1067 4187 dieitur,
1084 4107 1117 4168 et
1131 4100 1207 4168 inde

88 4210 127 4276 ad
145 4232 244 4278 unam
263 4215 412 4283 arborem
434 4213 524 4300 tylie,
552 4215 612 4281 suh
630 4221 761 4299 quaest
779 4221 883 4299 mota;
901 4209 978 4279 inde
997 4208 1205 4297 prosedendo

89 4334 142 4402 per
157 4321 286 4405 siluam,
303 4323 392 4389 uenit
416 4323 460 4389 ad
485 4344 583 4390 unum
600 4324 720 4408 beroh3
747 4321 832 4388 unde
853 4319 1022 4387 deseendit
1040 4317 1084 4384 ad
1103 4319 1205 4402 Kyra·

88 4424 184 4514 iitme,
212 4436 244 4496 et
259 4430 305 4496 ibi
322 4435 397 4497 sunt
413 4431 475 4498 due
491 4439 595 4517 mete;
621 4430 740 4497 deinde
757 4429 846 4496 uenit
868 4426 911 4493 ad
928 4424 1155 4514 Oseewpotolr,
1173 4433 1205 4492 et

89 4537 198 4603 transit
224 4557 283 4624 per
297 4538 439 4606 medinm
465 4539 565 4627 illius,
593 4545 625 4607 et
640 4538 695 4605 vbi
711 4538 829 4605 transit
853 4536 933 4602 iliud
950 4535 993 4600 ad
1013 4536 1129 4617 ionum,
1149 4533 1204 4616 qui

88 4637 330 4732 Gyrnowiyrtes
347 4645 475 4735 dieitur,
491 4649 583 4716 iuxta
599 4667 697 4714 unam
712 4663 866 4731 quereum
883 4649 958 4710 sunt
972 4640 1035 4708 due
1052 4647 1155 4728 mete;
1173 4647 1205 4708 et
