3168 5186
646 955 727 1026 307.

123 1135 147 1202 Ι
155 1135 188 1200 V.
205 1136 334 1202 Sdudor
347 1141 434 1222 pu'pu
450 1159 470 1202 o
483 1138 712 1222 pcanoodalmc'
726 1143 833 1224 apcitot
849 1163 868 1204 u
884 1164 924 1204 aa.
944 1140 1084 1206 Benedelc
1101 1142 1250 1208 readducit

122 1245 386 1330 naopycrorszcipi
408 1247 609 1310 erorzetcsct'rc
631 1249 721 1309 adzoc
743 1245 870 1310 belluinos
887 1247 1173 1335 jopcaitvdnyolrkul
1186 1250 1248 1335 fel·

556 1352 701 1426 taddaeo.
725 1350 822 1416 1256.

235 1545 423 1615 Alexander
438 1547 621 1634 Episcopus
647 1565 760 1614 seruus
785 1567 953 1617 seruorum
969 1551 1032 1617 Dei
1047 1550 1165 1619 dilecto
1185 1551 1249 1618 lilio

126 1655 329 1724 ...Abbati
353 1656 544 1724 Monasterii
568 1657 680 1724 Sancti
696 1657 828 1724 Martini
852 1677 954 1743 supra
978 1657 1182 1727 Pannoniam
1205 1658 1250 1726 ad

127 1765 311 1831 Romanam
325 1763 506 1830 Ecclesiam
534 1764 622 1832 nullo
639 1763 744 1830 medio
767 1764 958 1849 pertinentis
984 1763 1114 1832 Ordinis
1138 1767 1250 1834 Sancti

127 1871 300 1938 Benedicti
325 1867 508 1937 Jauriensis
527 1869 689 1938 Dioocsis*
702 1870 842 1939 salutem
858 1879 890 1937 et
908 1873 1131 1958 Apostolicam
1156 1875 1250 1942 bene-

129 1979 316 2048 dictionem.
344 1978 524 2064 Religionis
541 1983 671 2049 domum
698 1979 828 2045 Domini
854 1980 1038 2048 decorantis
1062 1982 1249 2051 desideran-

128 2095 181 2156 tes
196 2095 416 2172 augmentum,
433 2088 462 2154 si
478 2095 588 2154 nostro
604 2085 638 2152 in
654 2089 717 2154 hac
729 2093 823 2172 parte
838 2087 969 2154 affectui
984 2091 1166 2156 contrarius
1176 2109 1250 2175 qno·

129 2195 307 2266 modolibet
327 2192 480 2262 succedat
496 2195 641 2279 allectus,
661 2195 869 2262 uehementer
890 2195 1063 2263 dolendum
1079 2207 1129 2264 est
1145 2198 1250 2284 nobis,

129 2315 165 2374 et
180 2305 346 2372 salubrem
355 2303 444 2370 circa
459 2303 520 2371 boc
537 2301 693 2370 debemus
705 2303 860 2370 adhibere
875 2304 1034 2371 medelam
1045 2304 1252 2374 solicitudine

128 2417 300 2501 oportuna.
317 2410 403 2478 Saue
429 2411 561 2480 sicutte
577 2410 735 2479 referente
752 2413 937 2498 accepimus
954 2413 1065 2480 Sancti
1083 2413 1251 2482 Benedicti

130 2520 426 2589 excellentissimus
452 2517 538 2585 Ordo
564 2518 597 2584 in
614 2519 726 2604 Regno
743 2520 889 2605 Vngarie
911 2527 978 2587 tum
993 2527 1126 2608 propter
1147 2522 1251 2609 ipsius

129 2629 238 2715 Regni
263 2627 550 2714 depopulationem
577 2646 599 2691 a
614 2627 760 2694 'tartaris
776 2627 854 2694 clim
873 2626 1004 2712 iactam,
1029 2634 1097 2696 tum
1120 2637 1252 2716 propter

129 2737 297 2806 Abbatum
313 2744 345 2805 et
370 2734 598 2804 monachorum
624 2736 659 2802 in
676 2735 883 2805 monasteriis
907 2736 1052 2804 eiusdem
1068 2739 1174 2824 Regni
1198 2738 1252 2806 de·

131 2845 277 2933 gentium
302 2844 510 2913 insolentiam
536 2843 579 2911 ad
598 2849 723 2910 tantam
749 2843 973 2912 dissolutionis
998 2845 1161 2913 miseriam
1186 2848 1252 2914 iam

132 2953 275 3039 deuenit,
292 2954 379 3037 quod
395 2952 524 3020 omnino
544 2952 664 3039 peribit
679 2952 812 3038 ibidem,
836 2954 900 3020 nisi
915 2954 1013 3022 celeri
1029 2954 1134 3022 eidem
1154 2974 1253 3023 reme·

131 3063 187 3131 dio
202 3083 261 3148 per
270 3061 424 3128 Divinam
440 3061 645 3128 clementiam
661 3067 695 3128 et
703 3059 894 3148 Apostolice
903 3060 998 3129 Sedis
1015 3061 1252 3148 prouidentiam

132 3176 350 3240 succurratur.
363 3170 414 3237 De
424 3175 483 3236 tua
492 3169 603 3255 itaque
613 3169 917 3254 circumspectiones
927 3169 1057 3254 plenam
1072 3169 1105 3234 in
1115 3170 1252 3236 Domino

131 3278 283 3348 fiduciam
307 3277 500 3363 obtinentes,
531 3275 675 3362 eligendi
699 3285 764 3344 tres
784 3276 928 3344 Abbatcs
953 3277 1098 3344 eiusdem
1123 3274 1253 3344 Ordinis

133 3391 239 3456 zelum
254 3387 423 3468 habentes,
448 3387 551 3475 ipsius
567 3385 792 3456 cumconsilio
809 3393 841 3452 ct
862 3405 1000 3454 assensn
1016 3385 1160 3474 Capituli
1175 3384 1254 3452 dicti

133 3497 267 3567 Ordinis
292 3495 469 3582 generalis,
495 3516 534 3563 ae
549 3494 744 3581 regulariter
760 3492 927 3581 uisitandi,
954 3493 1136 3580 corrigendi
1162 3498 1194 3560 et
1208 3511 1254 3560 re·

134 3604 298 3678 tornandi
313 3605 507 3673 anctoritate
530 3610 644 3671 nostra
666 3623 738 3670 cum
755 3600 877 3670 eisdem
902 3602 1005 3672 tribus
1021 3603 1203 3670 Abbatibus
1219 3602 1254 3667 in

133 3716 269 3804 prefatis
295 3713 499 3782 monasteriis
525 3718 593 3780 tam
617 3713 651 3779 in
677 3710 794 3798 capite,
820 3731 918 3795 qnam
939 3712 974 3778 in
1000 3711 1163 3796 membris,
1192 3728 1255 3796 que

132 3823 339 3907 visitationis,
356 3819 567 3888 correctionis
583 3825 615 3886 et
630 3817 869 3888 reformationis
886 3816 992 3886 olllcio
1008 3817 1156 3884 videntis
1174 3815 1254 3884 indi-

133 3951 221 4022 gere,
238 3931 369 4018 plenam
385 3930 444 3997 tibi
459 3929 521 3996 hac
534 3929 609 3994 ¹vice
625 3926 831 3994 concedimus
847 3927 1039 3994 anctoritate
1059 3924 1254 4010 presentium

133 4043 333 4111 facultatem.
365 4041 485 4106 Datum
510 4036 660 4123 Anagnia
685 4036 739 4102 Vl.
768 4035 845 4102 Idus
871 4033 1021 4104 Octobris
1046 4032 1255 4102 Pontificatus

134 4152 237 4220 nostri
253 4169 338 4218 anno
354 4146 507 4216 secundo.

325 4348 463 4416 (birodetie
476 4361 493 4398 a
505 4343 697 4413 paunouhalmi
711 4339 856 4409 idapdtatig
868 4338 1076 4410 levelttiriban.)

565 4580 572 4590 ο
579 4579 717 4590 .-.ηρ-
734 4578 756 4585 ..-
773 4577 822 4585 ...ι-
