3226 5194
597 349 756 462 Q,

222 549 288 634 Qui
302 573 379 622 vero
395 553 552 622 antedicti
567 553 597 622 N
600 553 684 620 uncii
700 561 732 620 et
746 552 977 620 Procuratores
992 551 1111 620 virtute
1135 557 1168 620 et
1182 570 1239 639 po-

98 665 233 730 testate
257 661 445 752 supradicte
470 661 707 732 commissionis
724 681 796 730 cum
820 661 924 730 nobili
939 660 1008 733 viro
1034 660 1170 732 domino
1185 659 1241 727 Ja-

96 769 186 841 eobo
208 770 386 841 Contariuo
413 774 551 859 chusii
568 772 693 840 Gemite
716 773 891 858 antedicto,
916 771 1096 859 iudicibus,
1123 770 1237 839 Oonsi·

97 879 216 949 linriis
235 882 515 952 etcommunitate
532 881 848 951 univcrsoilivitutis
865 881 1022 970 ejusdem,
1040 902 1112 950 cum
1129 880 1237 949 sonitu

98 1007 272 1076 campane
285 1011 346 1078 per
370 990 590 1060 laudationem
615 989 730 1080 populi
745 987 905 1076 Rugusini
930 989 973 1056 ad
989 989 1088 1058 talem
1111 1008 1236 1056 concor·

98 1095 196 1164 diam
225 1095 434 1166 devenerunt.
460 1097 605 1186 Scilicet,
621 1097 707 1185 quod
733 1117 773 1164 en
790 1095 932 1165 Ciuitate
946 1095 1072 1184 Spoleti
1099 1102 1237 1181 quatuor

99 1203 185 1274 boui
203 1206 353 1275 homines
369 1206 543 1292 eligantur,
560 1213 593 1274 et
608 1205 708 1273 etiem
723 1205 858 1274 totidem
875 1203 916 1272 de
926 1203 1083 1290 Ragusic,
1099 1204 1155 1289 qni
1172 1203 1238 1270 sint

97 1310 244 1381 ludices
260 1313 304 1380 ud
327 1314 434 1382 locum
459 1313 678 1400 coustitutum,
704 1311 832 1382 scilicet
845 1312 890 1379 ed
908 1312 1087 1378 Stummum
1112 1311 1157 1378 ad
1172 1331 1236 1378 me·

98 1419 196 1490 dium
226 1440 370 1490 mensem
393 1421 538 1490 Medium
563 1422 667 1512 primo
693 1429 882 1506 venturum,
908 1421 1085 1490 adomnia
1110 1440 1234 1506 repres-

101 1533 206 1622 selia,
232 1532 391 1624 rotarios,
417 1531 528 1602 debita
546 1569 586 1582 -
604 1569 648 1583 -
664 1567 707 1582 -··
723 1569 768 1582 -
783 1538 816 1599 et
840 1532 1025 1618 questiones
1051 1527 1232 1612 tractanda,

100 1640 328 1728 terminanda,
352 1649 385 1708 et
400 1642 498 1710 etiam
513 1640 726 1728 restituenda,
742 1659 806 1727 que
822 1639 946 1708 sedicet
961 1625 1045 1708 inter
1067 1645 1236 1724 utramque

101 1747 298 1837 Civitatem,
323 1752 377 1818 vel
392 1749 555 1836 quondum
579 1750 709 1818 inerunt
724 1785 1007 1802 -----
1023 1757 1081 1816 ant
1102 1745 1237 1836 aliquod

104 1856 290 1928 Gcmmune
314 1858 534 1947 predictarum
559 1856 734 1926 (licitatum
751 1858 796 1926 cd
810 1859 916 1926 locum
941 1858 1146 1925 constitutum
1172 1862 1235 1924 ter-

102 1967 196 2038 mino
214 1967 379 2036 antedicto
389 1967 528 2037 noluerit
543 2005 826 2020 -----
841 1970 962 2036 iustum
972 1964 1236 2056 impedimentum

102 2077 148 2145 sit
172 2077 342 2166 culpabile
358 2077 454 2145 alteri
469 2077 648 2147 Communi.
673 2079 832 2148 Homines
846 2097 923 2154 vero
948 2076 1168 2165 predictarum
1185 2075 1237 2145 ci-

102 2186 260 2274 vitatum,
286 2185 342 2272 qni
356 2225 401 2236 -·-
416 2225 460 2238 -
476 2225 521 2237 -
534 2225 579 2238 ··-
595 2187 771 2273 aliquibus,
797 2195 830 2255 et
849 2207 959 2268 coram
979 2185 1162 2254 constitutis
1178 2186 1234 2253 Ju-

103 2295 239 2365 dicibus
264 2296 308 2364 ad
327 2296 448 2368 dictum
472 2301 578 2368 locum
601 2298 739 2366 termino
764 2297 926 2366 antedicto
951 2296 1092 2365 noluerit
1118 2315 1235 2384 parere

105 2438 391 2457 -----
407 2405 527 2475 iustum
542 2405 820 2494 impedimentum,
846 2407 880 2474 in
899 2405 1093 2474 discretione
1117 2405 1233 2474 utrius·

105 2533 170 2599 que
198 2512 376 2582 Ciritstum
399 2514 618 2603 predictorum
634 2513 787 2583 tunicum
811 2512 929 2584 debent
947 2533 1116 2583 remanere
1132 2549 1175 2562 -
1191 2549 1235 2562 -

104 2655 149 2673 -·
166 2657 234 2708 -,
260 2623 316 2709 qni
336 2622 370 2691 iu
386 2621 540 2710 predictis
555 2622 751 2693 Civitatibus
776 2632 853 2692 tuuc
878 2644 944 2693 non
969 2623 1077 2709 fuerit,
1103 2622 1235 2690 nonsit

104 2750 166 2818 per
178 2730 344 2817 judicium
357 2751 418 2799 nec
427 2750 617 2818 gravamen.
632 2734 675 2800 Et
690 2732 838 2804 homines
853 2771 896 2781 -
913 2767 952 2779 -
972 2769 1016 2781 -
1031 2767 1076 2782 -··
1092 2731 1126 2797 iu
1137 2731 1234 2798 rebus

108 2845 140 2908 ct
155 2842 309 2928 personis
335 2843 462 2928 possint
476 2841 588 2909 venire
603 2843 782 2928 Bergusium
805 2863 866 2929 pro
882 2843 951 2910 suis
975 2839 1168 2909 utilitatibus
1186 2840 1234 2907 le·

108 2947 256 3035 ciendis;
283 2954 316 3016 et
330 2968 350 3015 e
365 2967 522 3018 converso
537 2937 663 3036 possint
677 2950 824 3017 homines
839 2948 975 3034 Ragusii
989 2967 1092 3034 usque
1111 2948 1156 3016 ed
1170 2956 1232 3016 ter-

107 3057 234 3126 minum
258 3047 466 3126 enledictnm.
492 3060 544 3125 De
559 3060 621 3128 hoc
637 3067 745 3126 autem
771 3057 943 3128 concordio
965 3066 1041 3126 sunt
1065 3056 1130 3124 duc
1145 3064 1234 3125 carte

108 3164 247 3252 similes,
263 3166 322 3235 lrec
338 3175 373 3236 et
386 3168 455 3235 alia
471 3203 513 3218 -
528 3203 573 3220 -
588 3205 632 3218 -
719 3168 837 3236 Actum
854 3174 905 3235 est
919 3168 982 3235 lroc
996 3166 1132 3252 Ragusii
1149 3165 1232 3235 ordi·

108 3282 189 3342 nata
204 3273 303 3344 Curia
317 3295 390 3344 cum
405 3278 511 3346 souitu
528 3313 571 3326 -
590 3315 626 3326 -
646 3315 689 3328 -
707 3315 749 3326 --
775 3314 810 3326 --·
829 3315 873 3326 —-
888 3278 922 3363 (a
936 3277 1039 3346 tandin
1056 3281 1092 3346 ts
1107 3278 1233 3364 ajegy·

109 3384 216 3453 clinek
231 3385 326 3453 nerei
341 3386 618 3474 oluaslratlanolr.)

110 3581 250 3654 (Brodetia
262 3589 327 3656 ipen
339 3586 511 3658 megronpdlt
522 3586 689 3657 tltrpotbrn,
703 3604 719 3642 a
731 3588 805 3642 becci
817 3586 933 3644 cadmiri
945 3591 1029 3645 titkos
1042 3586 1232 3662 lereltirbau.)

541 3875 806 3894 Ἣ
