3226 5194
876 330 943 398 556

346 527 471 614 eampis
486 529 521 594 in
539 527 648 595 aureis
663 526 833 595 canalibus
850 527 1068 611 adaquantur.
1093 526 1196 606 Quem
1214 527 1290 592 Dux
1306 527 1395 592 alius
1412 527 1477 594 Gn-

345 655 514 703 manorum
531 634 573 704 da
587 635 718 702 flumina
733 635 812 718 Bne,
829 635 959 703 nomina
975 634 1098 718 (integ,
1118 635 1322 720 expugnavit
1336 641 1478 722 propter

344 743 486 827 divitias,
502 749 535 808 et
549 740 680 810 devioit.
705 742 768 821 Qui
784 741 931 808 doviatus
948 761 1021 808 oum
1036 739 1164 808 duobus
1189 740 1266 807 liliis
1282 749 1314 808 et
1336 742 1476 825 quibus-

344 851 421 917 dam
437 851 560 937 paucis,
589 851 644 936 qui
660 850 702 916 da
718 848 796 918 balli
821 848 966 936 perinnlo
982 855 1167 936 avasarant,
1193 849 1238 916 ad
1253 850 1319 916 iam
1344 849 1475 917 motum

342 955 520 1026 Soldannm
545 955 587 1024 de
611 954 743 1024 Ornaob
767 954 1022 1041 transfugemnt.
1052 955 1215 1025 Saldanns
1240 975 1318 1023 varo
1344 975 1476 1023 memor

341 1065 470 1153 iniuria,
487 1085 585 1149 qnam
601 1064 666 1132 sibi
682 1063 845 1148 quondam
861 1063 947 1132 lorta
961 1064 1127 1150 intulerat,
1150 1065 1229 1149 qnia
1243 1064 1368 1131 vicinus
1386 1065 1475 1130 exti-

342 1181 446 1260 terat,
472 1180 636 1261 receptum
661 1173 694 1242 in
720 1179 816 1261 porta
840 1173 946 1260 ipsum
973 1173 1154 1258 suspendit,
1179 1179 1212 1240 et
1227 1175 1382 1260 populum
1411 1192 1476 1239 sno

343 1281 487 1349 dominio
502 1280 700 1366 subiugavit.
726 1283 799 1351 Dno
816 1299 894 1349 vero
910 1279 968 1347 dlii
983 1279 1053 1346 eins
1070 1279 1114 1346 ad
1129 1279 1250 1346 Enlbet
1263 1279 1376 1363 lugam
1394 1299 1474 1364 pro-

344 1387 431 1455 tinus
447 1387 672 1474 arripderunt3
698 1393 730 1454 et
746 1387 824 1472 quia
839 1385 1000 1472 refugium
1026 1385 1195 1454 aliusnon
1221 1385 1397 1472 habebant,
1425 1385 1472 1452 ad

343 1494 505 1581 prolatum
520 1497 648 1580 Eutbst,
673 1495 729 1579 qni
744 1502 873 1583 patrem
888 1515 999 1564 eorum
1015 1499 1048 1561 at
1063 1494 1194 1561 eosdem
1210 1501 1287 1560 ante
1301 1494 1470 1580 spoliave-

342 1608 404 1688 rat,
423 1610 499 1672 snnt
514 1604 645 1672 reversi.
672 1603 734 1682 Qui
751 1604 848 1671 larali
873 1603 1004 1671 attritus
1025 1601 1116 1670 rabie
1131 1622 1203 1670 oum
1223 1602 1316 1686 equis
1330 1601 1473 1687 cupiens

343 1712 499 1781 maiorem
515 1712 694 1781 interlidere
710 1710 816 1800 (lgy);
834 1714 939 1782 minor
957 1717 1067 1779 autem
1087 1711 1221 1796 cupiens
1236 1709 1361 1797 lugere,
1377 1712 1472 1777 venit

341 1817 385 1885 ad
402 1819 583 1904 Gurgatam
600 1822 722 1888 Duoem
737 1820 972 1888 'l'bartarorum
996 1819 1062 1884 iam
1079 1823 1157 1885 anta
1178 1817 1388 1902 nominatam,
1416 1841 1469 1885 ro-

341 1943 424 2009 gans
439 1944 513 1993 eum
529 1926 690 2012 obnixius,
707 1933 743 1994 ut
757 1927 799 1994 de
809 1925 938 2012 Eutbat,
956 1924 1013 2011 qui
1027 1933 1153 2012 patrem
1169 1922 1332 2011 spoliavit,
1350 1931 1383 1991 at
1400 1923 1468 1990 lra-

341 2037 422 2098 trom
440 2031 610 2121 interiecit,
637 2033 815 2102 vindiotam
840 2039 1018 2120 exaruerat,
1037 2033 1158 2118 dioens,
1184 2031 1272 2116 quod
1296 2032 1363 2098 ista
1386 2029 1467 2114 duo,

339 2136 494 2208 videlieet
517 2141 605 2226 quod
620 2142 801 2226 Gurgatam
826 2143 930 2210 bonor
945 2146 1138 2224 remaneret,
1162 2148 1196 2207 at
1210 2140 1274 2207 sibi
1298 2159 1358 2226 pro
1382 2159 1467 2205 nene

340 2246 464 2334 fratris,
488 2254 521 2316 st
535 2248 639 2335 patris
654 2249 771 2335 spolio,
787 2248 958 2316 retributio
974 2249 1065 2317 lieret
1080 2253 1113 2316 et
1127 2247 1281 2315 vindicta
1306 2245 1400 2324 Quod
1417 2247 1468 2313 ila

338 2353 459 2422 laetum
476 2361 536 2422 ast.
561 2355 632 2423 Hau
647 2357 762 2423 habita
778 2357 917 2424 viatoria
933 2356 1063 2441 rogavit
1083 2355 1221 2422 altarum
1238 2358 1362 2424 Ducam
1380 2356 1465 2422 Gur-

337 2469 451 2546 gatam
477 2463 603 2532 iuvenis
619 2464 777 2551 prelatus,
803 2471 837 2533 ut
853 2463 896 2530 de
911 2463 1056 2534 Soidano
1081 2463 1123 2530 da
1138 2461 1268 2532 Ornaab
1285 2462 1464 2530 vindiotam

336 2569 501 2657 adriperet
516 2590 573 2657 pro
600 2571 779 2640 miserabili
795 2591 877 2640 neoe
892 2571 1014 2658 patris,
1038 2572 1160 2657 dicans,
1177 2570 1265 2658 quod
1285 2571 1385 2638 etiarn
1404 2591 1464 2658 po-

334 2679 433 2765 pnlns
448 2677 580 2748 relictus
598 2700 618 2746 a
634 2686 740 2767 patra,
758 2681 814 2766 qui
829 2679 876 2746 ibi
892 2679 987 2764 quasi
1003 2679 1154 2766 captivus
1169 2680 1350 2766 tenebatur,
1372 2689 1464 2748 asset

334 2786 368 2853 in
383 2785 528 2874 prasidio
553 2788 605 2855 sni
630 2788 795 2858 exereitus
809 2788 844 2854 in
860 2806 1047 2876 progressu.
1074 2787 1136 2855 illa
1160 2788 1227 2855 iam
1251 2787 1293 2854 da
1318 2787 1462 2856 viatoria

334 2893 457 2981 duplioi
472 2895 570 2967 eorda
585 2905 618 2965 at
633 2897 741 2964 animo
758 2897 966 2981 dabaaoatus,
993 2895 1107 2964 sedulo
1122 2894 1282 2983 oonoepit,
1307 2897 1394 2980 qnod
1411 2895 1459 2962 in-

334 3001 427 3071 venis
443 3005 632 3092 postulavit,
649 3013 682 3073 at
697 3023 852 3090 egressus
876 3011 990 3073 eontra
1005 3004 1193 3089 Soldannm,
1217 3003 1387 3072 victoriam
1403 3005 1461 3070 ha-

337 3109 408 3176 bnit
422 3109 486 3179 sibi
511 3112 694 3199 glorificam
710 3122 743 3181 at
757 3115 941 3181 honestam.
967 3112 1071 3198 Igitur
1084 3112 1179 3197 qnasi
1198 3111 1341 3197 undique
1358 3113 1461 3181 riuta-

335 3217 386 3284 ria
400 3217 501 3287 iratas
518 3220 689 3307 laudabili,
710 3221 892 3308 (largatam
904 3219 1111 3307 supradictus
1127 3221 1202 3288 Dux
1212 3220 1460 3304 Tbartarornm,

336 3344 407 3392 oum
431 3331 499 3395 loto
524 3327 648 3414 impatu
674 3327 752 3395 belli
777 3347 986 3414 progressum
1013 3328 1091 3395 leoit
1114 3335 1228 3396 eontra
1244 3329 1375 3413 Persas,
1401 3349 1461 3416 pro

334 3431 529 3516 quibusdam
545 3435 683 3521 guerris,
709 3454 791 3520 quas
807 3434 959 3521 primitus
974 3435 1141 3503 habebant
1155 3433 1199 3502 ad
1216 3435 1375 3522 invicem,
1402 3439 1460 3505 ubi

334 3538 505 3608 viatoriam
520 3543 634 3611 babuit
649 3542 888 3630 parbonsstam,
907 3548 939 3610 et
948 3543 1096 3628 Regnum
1112 3543 1223 3610 Persia
1238 3543 1301 3612 sibi
1313 3545 1459 3613 totaliter

334 3646 533 3732 subiugavit.
549 3651 600 3717 Ex
616 3651 679 3720 hiis
691 3651 849 3719 audacior
864 3651 1010 3736 effeetus,
1025 3656 1059 3718 ot
1072 3653 1238 3720 tortionem
1254 3671 1292 3721 sa
1300 3660 1459 3740 reputans

335 3753 486 3824 omnibns
497 3777 596 3844 super
611 3767 742 3846 terram,
759 3759 846 3846 oepit
860 3757 970 3825 lacera
986 3763 1098 3824 eontra
1107 3761 1233 3846 Regna,
1248 3763 1349 3827 totum
1364 3779 1458 3827 mnn-

334 3863 410 3932 dum
425 3865 488 3933 sibi
514 3867 691 3952 subiugara
705 3887 900 3955 proponens.
925 3865 1020 3935 Unde
1034 3867 1172 3953 primum
1189 3865 1231 3935 ad
1256 3875 1378 3936 terram
1394 3869 1458 3936 On-

335 3991 503 4040 manorum
531 3972 710 4059 auosdens,
736 3975 827 4060 ipsos
853 3972 1015 4041 Cumanos
1040 3973 1216 4060 superavit,
1242 3981 1363 4042 terram
1391 3977 1457 4042 sibi

333 4081 513 4168 subiugans
538 4083 734 4151 eorumdem.
760 4081 840 4150 Inde
855 4083 980 4150 reversi
995 4082 1039 4148 ad
1054 4083 1210 4170 Magnam
1226 4084 1420 4170 Ungariam,
1437 4107 1457 4151 a

332 4187 450 4271 quibus
465 4192 568 4257 nostri
584 4191 709 4275 Ungari
724 4189 882 4276 originem
898 4189 1091 4274 babuerunt,
1111 4200 1383 4277 expugnaverunt
1398 4211 1456 4260 eos

334 4295 412 4362 XIV
428 4295 535 4382 annis,
552 4295 632 4364 etin
649 4298 723 4363 ΧΨ
739 4297 947 4383 optinuerunt
962 4315 1030 4381 eos,
1046 4297 1130 4363 siout
1145 4297 1239 4365 nobis
1248 4300 1314 4385 ipsi
1330 4301 1456 4386 pagani

333 4403 459 4487 Ungari
469 4405 650 4472 retulerunt
664 4405 741 4472 viva
755 4425 845 4474 seue.
863 4404 933 4471 illis
950 4403 1092 4490 optentis
1108 4405 1229 4475 reversi
1239 4427 1354 4475 versus
1369 4409 1454 4476 oooi-

332 4508 461 4577 dentam
486 4512 594 4597 spatio
611 4511 705 4579 unius
729 4515 807 4580 anni
821 4513 874 4580 vel
894 4533 1010 4600 parum
1035 4513 1188 4600 amplius,
1213 4515 1319 4598 V-que
1338 4517 1455 4600 Regna

333 4617 477 4688 maxima
501 4637 706 4708 paganorum
722 4621 937 4714 optinuerunt,
963 4621 1109 4690 Sasoiam
1125 4619 1224 4715 (lgy),
1243 4621 1453 4714 bulgariam,
