3168 5186
571 339 724 438 jea—

69 546 181 611 super
197 528 261 615 hijs
286 536 398 598 contra
423 535 647 603 concessionis
672 541 782 604 nostre
806 541 952 603 tenorem
978 536 1021 602 ab
1046 535 1209 621 aliquibus

70 635 228 705 indebite
257 642 452 726 molestarc;
485 645 711 712 molestatores
737 643 922 711 huiusmodi
948 663 1007 731 par
1037 663 1209 712 censuram

69 744 349 835 ecclesiasticam,
378 751 607 838 appellatione
632 753 837 839 postposita,
865 753 1118 839 compescendo,
1145 773 1210 820 non

69 853 251 940 obstante,
277 857 306 924 si
330 856 502 946 aliquibus,
528 860 615 944 quod
639 863 929 947 excommunicari,
959 861 1127 949 suspendi,
1155 860 1210 927 uel

70 959 244 1048 interdici,
272 971 329 1032 aut
344 969 512 1035 conueniri
538 976 631 1036 extra
647 975 736 1036 certa
751 970 823 1036 loca
838 991 903 1038 non
918 971 1059 1057 ualeant,
1086 989 1108 1036 a
1123 967 1210 1036 Sede

70 1069 275 1155 Apostolioa
300 1073 343 1139 sit
366 1074 536 1160 indultum,
568 1082 601 1143 ct
625 1079 854 1146 constitutione
882 1077 923 1144 dc
947 1077 1075 1145 duabus
1101 1076 1210 1160 dietis,

70 1177 171 1246 edita
188 1181 222 1246 in
239 1180 386 1250 Concilio
412 1184 577 1252 Generali.
603 1169 723 1254 Datum
748 1187 898 1271 Anagnis
917 1187 973 1252 IV.
999 1205 1102 1254 nouas
1118 1183 1209 1253 Octo·

70 1290 158 1374 bris,
176 1290 389 1360 Pontificatus
407 1293 509 1361 nostri
525 1315 612 1364 anno
628 1295 704 1363 ΧΠ.

182 1504 233 1576 (Aa
248 1509 349 1561 merleti
362 1507 430 1562 utu'un
442 1513 537 1564 Kuuue
550 1508 668 1574 Ntnuor,
683 1513 798 1579 Msgyar
810 1513 875 1566 Sion
889 1515 926 1567 Il.
940 1514 995 1566 leot.
1009 1513 1070 1564 b'lS.
1083 1510 1112 1579 l.)

654 1822 781 1830 --ae-——u-

79 2498 214 2562 Rola'nd
230 2499 334 2562 adulor
349 2521 369 2561 α
386 2495 447 2562 IV.
464 2497 542 2564 Belo
557 2499 722 2585 kirdlyrrulc
740 2499 847 2586 Lapsa
871 2507 948 2566 areval
972 2503 1098 2567 birtolrot
1116 2527 1136 2567 a
1155 2503 1208 2568 do·

79 2606 248 2670 morrkoaol·
263 2607 391 2672 cacodra‘
398 2619 572 2672 nsonoatora
588 2613 736 2674 azdrrtca'ra
751 2613 904 2696 totpyueri
919 2610 1111 2696 adomdupdt
1118 2609 1210 2696 jopo-

514 2716 668 2800 natost'tju.
684 2715 782 2781 1254.

191 2909 261 2977 Nos
278 2907 445 2979 Rolandus
462 2911 633 2978 Palatinus
651 2921 683 2978 ot
698 2911 815 2980 Comes
832 2912 1042 2982 Posoniensis
1058 2912 1209 2980 omnibus

82 3031 254 3106 presentes
279 3019 476 3107 inspecturis
504 3019 654 3088 duximus
680 3019 939 3106 significandum,
965 3021 1052 3105 quod
1077 3040 1149 3085 curn
1169 3039 1210 3086 ex

80 3136 239 3215 precepto
266 3127 389 3197 domini
414 3131 451 3197 B.
477 3131 576 3214 Regis
602 3130 745 3215 Vagarie
771 3129 854 3197 infra
879 3128 1074 3196 Comitatum
1099 3128 1210 3195 Ferret

81 3235 191 3303 Casiri
207 3244 311 3303 terras
328 3235 434 3304 Castri
450 3237 594 3304 eiusdem
611 3235 760 3306 aOastro
777 3237 920 3305 indebite
941 3238 1104 3304 alienatas
1120 3256 1209 3302 reuo-

81 3364 233 3412 caremus
257 3343 371 3413 ordine
395 3345 587 3431 iudiciario;
613 3347 695 3413 iuter
720 3351 829 3414 cetera
852 3346 1038 3434 Capitulum
1064 3345 1211 3412 Ecclesic

81 3451 199 3518 Sancti
215 3452 362 3520 llicaelis
388 3451 429 3520 de
445 3453 566 3522 Ferreo
583 3453 696 3521 Castro
724 3454 869 3522 exhibuit
883 3455 978 3521 nobis
1001 3453 1209 3540 priuilegium

81 3562 119 3626 B.
139 3559 249 3645 Regis.
267 3560 366 3628 Ouios
381 3569 475 3628 tenor
491 3563 568 3629 talis
584 3571 672 3631 erat:

195 3668 274 3735 Bela
291 3669 353 3736 Dei
377 3669 493 3756 gracia
517 3670 579 3738 stb.
607 3669 819 3756 (lsbvetlrenilr
845 3671 926 3737 Bora
950 3669 1127 3757 kirtlynak
1155 3670 1211 3738 ok-

82 3778 218 3862 mbnya,
235 3777 316 3846 mint
330 3777 463 3846 sentebb
482 3783 557 3848 102.
573 3800 618 3846 sz.
636 3781 682 3868 a.)

195 3887 264 3955 Nos
279 3887 379 3974 igitur
390 3888 625 3958 continenciam
636 3888 782 3957 eiusdem
798 3888 961 3976 priuilegii
977 3893 1082 3954 ratam
1092 3887 1211 3954 baben-

82 4002 135 4064 tes
152 4000 185 4062 ct
200 3994 335 4081 iirmam,
352 4003 474 4064 terram
490 3998 749 4082 prenominatam
766 4019 826 4084 pro
842 3999 913 4065 iure
928 3995 1075 4062 Ecclesie
1098 4016 1210 4081 supra-

84 4103 185 4190 dicte,
202 4104 498 4172 imnobiliterstare
509 4107 733 4194 permisimus,
753 4112 785 4173 et
799 4107 875 4174 licet
891 4106 995 4192 ipsum
1006 4103 1213 4188 priuilegium

84 4211 252 4279 sufficiens
268 4212 441 4282 videbatur
467 4234 540 4282 esse
555 4237 614 4302 per
630 4216 740 4283 omnia
755 4214 799 4280 ad
814 4216 876 4282 boc
896 4212 1077 4298 negocium,
1105 4219 1212 4278 tamen

85 4321 128 4388 ud
145 4322 301 4390 maiorem
318 4323 462 4391 eiusdem
479 4325 527 4390 rei
546 4325 717 4409 cautelam,
744 4323 835 4390 etad
851 4322 1047 4389 instanciam
1064 4319 1211 4387 Fratrum

84 4428 330 4497 Prodicatorum
355 4437 526 4515 presentes
551 4433 677 4498 litteras
695 4450 767 4497 cum
782 4428 959 4496 munimine
983 4428 1084 4497 nostri
1108 4428 1213 4513 sigilli

85 4537 238 4624 Capitulo
256 4537 363 4606 Gastri
379 4539 490 4607 lierrci
509 4540 551 4607 de
566 4541 716 4607 Ecclesia
730 4539 841 4606 Sancti
852 4537 1001 4606 Micaelis
1016 4539 1049 4603 in
1068 4538 1211 4605 testimo-

85 4645 174 4713 uium
201 4648 370 4734 priuilegii
395 4647 517 4717 domini
532 4649 631 4735 Regis
658 4649 810 4717 duximus
827 4646 1063 4716 concedendas.
1088 4647 1209 4717 Datum

133 4783 237 4822 neuun.
254 4785 336 4823 nuuc.
353 4785 422 4821 rsrsr.
443 4796 479 4806 -
500 4787 571 4822 nuru.
590 4781 614 4818 ra
783 4824 790 4838 ,
1009 4763 1049 4819 24
