3168 5186
32 529 182 594 nostris
204 536 242 596 et
257 529 501 608 concanonicis,
527 549 587 594 nec
603 548 668 596 non
684 525 808 595 Comitc
823 525 961 594 Nicolao
977 525 1195 594 Vico-Comite
1226 505 1231 516 ’

35 631 84 700 de
102 635 317 705 Morowcha
332 657 390 723 per
405 637 605 723 Stephanum
621 636 746 701 Banum
765 634 871 702 tocius
886 635 1058 702 Solanonic
1073 634 1117 701 ad
1132 636 1193 703 hoc

34 746 261 827 specialiter
275 747 444 835 deputato,
470 747 514 814 ad
539 765 598 812 nos
614 742 797 828 redeuntes,
822 744 1018 811 unanimiter
1043 743 1135 812 nobis
1161 749 1193 810 et

36 854 275 920 concorditer
298 855 486 937 retulerunt,
513 852 601 938 quod
615 851 695 939 ipsis
711 849 795 918 teria
820 849 934 934 quinta
956 851 1103 937 proxima
1119 859 1193 937 post
1319 864 1322 874 ’

33 966 203 1030 octauas
220 965 341 1030 Passce
356 962 487 1030 Domini
503 981 602 1048 super
618 959 737 1027 faciem
753 958 839 1025 dicte
863 958 1080 1042 possessionis
1097 957 1193 1026 Glau-

35 1067 157 1135 nicha
178 1070 427 1154 accedentibus,
454 1069 589 1136 eundem
615 1068 676 1134 rite
692 1073 725 1134 et
740 1065 884 1151 legitime
913 1065 1061 1133 omnibus
1077 1066 1192 1134 vicinis

36 1185 74 1243 et
103 1179 359 1245 commetaneis
387 1177 592 1260 conuocatis,
625 1184 657 1244 et
682 1175 765 1260 ipsis
790 1195 853 1241 non
884 1171 1191 1262 contradicentibus,

37 1307 172 1372 ymmo
203 1288 318 1374 pocius
349 1307 520 1356 assensum
550 1285 737 1354 beniuolum
768 1281 875 1350 eidem
900 1282 1018 1352 comiti
1048 1285 1191 1354 Pcrtliuo

39 1397 282 1482 prebentibus
307 1399 340 1464 iu
366 1397 428 1464 hac
452 1401 547 1482 parte
573 1402 605 1462 et
632 1412 835 1477 consensum,
861 1410 1055 1477 percursus
1079 1393 1191 1462 harum

39 1509 248 1571 metarum:
263 1505 382 1592 Incipit
397 1503 482 1571 enim
498 1505 588 1590 prior
604 1509 638 1568 et
652 1500 845 1588 principalis
855 1507 942 1568 meta
958 1521 979 1568 a
995 1511 1090 1588 parte
1105 1507 1192 1590 aqui·

42 1613 144 1681 lonis
178 1615 217 1680 in
235 1621 343 1682 monte
359 1615 514 1682 Feketew
538 1613 644 1697 dicto,
661 1612 747 1678 vnde
772 1613 805 1677 in
829 1610 1002 1696 supercilio
1028 1617 1192 1682 monticuli

43 1723 240 1807 vulgariter
255 1726 378 1791 Beerch
396 1725 473 1790 dicti
491 1724 575 1789 inter
590 1722 707 1788 fluuios
723 1717 907 1787 Glauoicha
923 1729 1065 1804 vocatos,
1088 1725 1190 1793 Maio·

45 1853 124 1898 rem
145 1835 281 1900 seilicet
296 1833 429 1900 fluuium
445 1832 627 1899 Glannicha
643 1819 674 1898 ei
690 1831 855 1916 Minorem,
880 1830 935 1914 qui
951 1830 1082 1915 quidem
1098 1856 1191 1903 mons

47 1942 257 2010 extenditur
273 1944 316 2010 ab
333 1942 484 2026 aquilone
496 1941 651 2008 orientem
667 1958 798 2022 uersus,
816 1935 1022 2023 secundoque
1037 1940 1071 2007 in
1083 1962 1192 2030 super·

49 2050 134 2116 cilio
155 2049 309 2117 eiusdem
336 2051 454 2118 montis
470 2050 569 2132 longo
585 2049 697 2134 spacio
713 2047 839 2113 venitur
855 2047 898 2113 ad
914 2049 1077 2130 quandam
1101 2053 1192 2121 arbo-

51 2177 127 2222 rem
146 2163 309 2224 eastanee
325 2158 358 2223 in
374 2161 467 2241 tergo
484 2153 629 2222 ciusdem
645 2153 770 2240 montis,
796 2154 857 2220 snb
872 2173 937 2237 qua
962 2162 1012 2222 est
1027 2165 1113 2225 meta
1132 2168 1191 2228 ter-

52 2285 135 2350 rea;
167 2266 292 2333 abhinc
309 2267 415 2333 adhuc
439 2264 543 2332 tendit
560 2264 594 2330 in
619 2261 763 2330 eiusdem
783 2262 950 2329 monticuli
975 2270 1067 2351 tergo
1093 2268 1191 2354 longo

55 2374 192 2461 spacio,
208 2380 241 2440 et
255 2373 384 2440 venitur
399 2372 440 2438 ad
457 2373 604 2439 arborem
620 2371 715 2458 ilicis,
739 2371 795 2436 vbi
813 2377 862 2436 est
877 2377 963 2437 meta
980 2379 1109 2463 terrea;
1136 2381 1191 2445 ab·

53 2482 136 2548 hinc
166 2481 276 2549 eundo
301 2501 359 2567 per
383 2483 530 2568 spacium
554 2480 686 2565 longum
712 2479 919 2546 descenditur
944 2480 985 2547 de
1006 2488 1191 2575 monticulo,

56 2590 315 2676 veniturquead
330 2591 478 2658 arborem
494 2589 677 2677 populeum,
698 2587 752 2653 vbi
770 2587 887 2656 fluuius
898 2587 1077 2662 Glanniche
1086 2597 1192 2666 Minor

58 2697 276 2783 coniungitur
300 2696 419 2764 Maiori
442 2697 540 2763 fluuio
567 2696 767 2777 Glauniche,
794 2695 847 2761 vbi
874 2705 926 2763 cst
950 2707 1037 2765 meta
1064 2709 1189 2792 terrea;

60 2826 207 2889 quarum
224 2804 367 2873 omnium
378 2814 534 2872 metarum
551 2824 627 2890 pars
640 2823 810 2870 remanens
827 2823 867 2869 es
885 2811 975 2889 parte
991 2807 1082 2896 fluuij
1092 2811 1188 2881 Mino-

60 2915 107 2980 ris
127 2915 325 2999 Glauuiche,
341 2914 480 3001 pertinet
496 2913 539 2980 ad
554 2911 691 2998 nobiles,
715 2917 808 2998 parte
823 2931 900 2979 vero
916 2914 959 2979 ad
975 2914 1107 2985 fluuium
1122 2923 1190 2988 Ma-

64 3023 149 3092 ioris
161 3025 323 3092 Glannice
339 3023 507 3106 existente,
525 3021 658 3090 cedente
670 3030 702 3088 et
721 3027 906 3088 remanente
916 3021 1032 3091 Comiti
1047 3030 1191 3100 Pertlino

65 3130 255 3216 antedicto,
287 3133 320 3198 in
346 3131 464 3218 palude
489 3150 605 3217 nempe
630 3128 763 3196 Maioris
794 3129 991 3218 Glanniche3
1023 3139 1192 3227 paulisper

65 3247 185 3307 eontra
211 3256 338 3306 cursum
363 3258 448 3324 aque
473 3237 578 3304 eundo
605 3238 712 3304 exitur
729 3237 769 3302 de
792 3237 923 3324 palude,
948 3248 981 3308 ct
1004 3243 1132 3312 usuitur
1148 3249 1191 3316 ad

67 3347 221 3415 arborem
238 3347 341 3434 nucis,
367 3348 422 3415 vbi
438 3356 487 3414 est
503 3354 589 3414 meta
604 3353 727 3431 terrea;
754 3346 872 3414 exhinc
887 3348 993 3418 adhue
1015 3354 1118 3422 tendit
1134 3377 1191 3442 per

67 3456 236 3540 quandam
252 3456 445 3543 planiciem;
470 3456 587 3523 deinde
603 3456 767 3524 asscendit
782 3457 815 3522 in
832 3460 1052 3546 monticulum,
1070 3463 1125 3547 qui
1141 3473 1190 3533 est

70 3566 153 3632 inter
176 3565 295 3634 fluuios
320 3564 502 3633 Glaunicha
528 3572 561 3632 et
584 3567 731 3654 Biagusa
756 3572 909 3651 uocatos,
941 3571 1110 3658 eundoque
1133 3594 1192 3661 per

68 3679 198 3760 tergum
224 3675 369 3742 eiusdem
395 3676 512 3744 montis
538 3674 666 3742 venitur
690 3677 734 3741 ad
757 3676 905 3744 arborem
930 3678 993 3763 piri
1019 3680 1190 3770 siluestris,

71 3784 125 3851 ubi
142 3791 193 3852 est
209 3791 296 3852 meta
309 3792 435 3869 terrea;
454 3783 570 3851 deinde
585 3803 644 3870 per
659 3784 791 3868 longum
807 3785 953 3871 spacium
968 3807 1080 3856 uersus
1097 3793 1190 3877 aqui-

69 3891 177 3960 lonem
193 3894 298 3962 eundo
313 3896 441 3960 venitur
457 3895 501 3961 ad
515 3900 633 3960 metam
649 3899 807 3978 terream,
825 3892 932 3961 adhuc
947 3897 1049 3964 tendit
1063 3900 1189 3986 aquilo-

71 3997 178 4068 Ionem
195 4019 308 4068 versus
332 4019 392 4085 per
407 4000 524 4067 siluam
541 4001 653 4085 spacio
669 4002 777 4084 longo,
805 4005 837 4067 et
853 3999 942 4067 venit
961 4003 1003 4068 ad
1027 4007 1190 4087 quandam

74 4117 190 4178 metum
207 4129 300 4177 secus
316 4115 434 4177 metam
450 4109 664 4196 principalem
681 4117 823 4176 erectam
839 4110 897 4176 sub
914 4109 1062 4179 arborem
1081 4115 1189 4202 abici,

74 4223 104 4282 et
118 4218 164 4286 ibi
179 4219 393 4286 terminantur
407 4219 622 4304 possessionis
638 4219 801 4285 antedicto
817 4225 911 4285 mete.
932 4218 1074 4297 Quarum
1090 4225 1191 4292 omni-

75 4341 126 4392 um
140 4333 298 4394 metarum
314 4347 391 4413 pars
415 4327 559 4394 existens
575 4347 616 4394 ex
633 4333 727 4412 parte
741 4325 831 4410 fluuij
850 4327 1032 4396 Giaunioha
1052 4334 1204 4418 pertinet*

75 4432 186 4502 Comiti
204 4435 349 4504 Pertlino
375 4435 550 4519 antedicto,
576 4435 809 4502 reambulatem
835 4435 920 4502 idem
946 4436 1041 4507 homo
1066 4441 1190 4526 Regius

76 4543 277 4628 presentibus
290 4543 385 4611 dictis
396 4545 493 4628 soeijs
511 4553 544 4612 et
554 4541 790 4612 concanonicis
805 4544 935 4630 nostris,
953 4565 1012 4613 nec
1028 4569 1090 4616 non
1103 4550 1189 4620 dicto

77 4647 195 4720 comio
211 4652 349 4723 Nicoiao
366 4651 587 4720 Vice-Gomite
612 4651 654 4719 de
669 4651 846 4720 Moroucha
871 4655 1039 4724 statuisset
1058 4666 1091 4726 et
1106 4661 1189 4730 assi-
