3186 5188
375 1083 396 1149 Ι
402 1083 435 1150 V.
451 1085 542 1156 Incce
560 1091 654 1175 pcipe
672 1083 832 1155 Geticeictt
854 1109 885 1153 es
905 1085 1106 1156 homousios
1127 1112 1149 1155 a
1162 1091 1267 1155 contai
1282 1087 1350 1156 ezec
1373 1089 1509 1156 meses

692 1194 883 1282 pocffopdeo
897 1196 953 1264 alet
966 1198 1058 1263 vesei.
1083 1192 1181 1262 1247.

484 1389 693 1459 innocentius
703 1391 886 1478 Episcopus
895 1411 1009 1461 servus
1028 1411 1197 1460 servorum
1212 1391 1415 1461 Deidilectis
1425 1390 1506 1458 filiis

376 1497 562 1567 Illustribus
582 1498 713 1568 Danieli
727 1500 843 1568 Russie
859 1505 892 1568 et
906 1499 956 1567 W.
973 1499 1188 1570 Lcudcmerie
1202 1499 1297 1568 fratri
1312 1499 1383 1568 eius
1409 1499 1508 1586 Regi·

353 1689 358 1702 ·
377 1605 447 1692 bus,
464 1611 583 1675 etneto
593 1607 739 1695 ejusdcm
750 1607 898 1676 Danielis
909 1608 1047 1677 salumin
1064 1616 1096 1676 ct
1111 1607 1336 1696 Apostolieem
1352 1607 1510 1676 benedic-

375 1716 506 1785 tionem.
530 1716 601 1785 Etsi
615 1736 834 1804 proponamus
848 1715 1033 1805 illustrium,
1059 1737 1100 1784 ec
1115 1715 1284 1804 nobilium,
1310 1721 1343 1785 et
1363 1716 1508 1784 eliorum

376 1822 521 1892 Ecclesie
541 1824 731 1893 devotorum
747 1844 914 1913 personas,
939 1833 1095 1912 qnantum
1123 1844 1196 1894 cum
1221 1828 1291 1894 Deo
1314 1842 1507 1912 possumus,

375 1929 546 2017 bonorare,
558 1952 617 2000 voe
629 1938 749 2019 tamen,
766 1952 848 2021 quos
860 1935 951 2002 Deus
962 1940 995 2003 et
1003 1933 1162 2002 Dominus
1171 1938 1282 2001 noster
1290 1931 1390 2001 Jesus
1401 1929 1512 1998 Obris-

375 2043 428 2104 tus
444 2058 504 2125 per
519 2058 613 2108 suum
633 2039 890 2110 misericordium
905 2040 950 2108 erl
965 2041 1122 2110 unitatem
1139 2039 1397 2110 ecclesiasticum
1411 2059 1509 2108 revo-

375 2146 473 2230 cavit,
488 2152 613 2216 tuntum
623 2147 987 2235 propensiorieolumus
995 2149 1150 2237 prosequi
1159 2147 1370 2238 prerogativa
1379 2145 1511 2216 favone

376 2260 409 2323 et
417 2256 542 2342 gratioe
552 2255 699 2343 peciolis,
715 2263 837 2344 quanto
847 2258 881 2326 in
897 2257 1104 2330 revocatione
1114 2263 1225 2328 vesus
1238 2256 1284 2325 ed
1294 2256 1508 2326 devotionem

374 2361 603 2453 Ecclesiessuon
623 2363 775 2451 bominis,
800 2366 860 2434 sed
879 2365 998 2434 Divino
1016 2364 1160 2454 potentie
1182 2381 1298 2433 munus
1321 2363 1510 2432 dinoscitur

374 2478 521 2560 operata.
537 2473 731 2562 liupropter,
747 2474 971 2543 ccrisssimiin
982 2474 1110 2544 cbristo
1126 2474 1196 2562 lilii,
1211 2472 1333 2543 vesbis
1348 2470 1508 2560 precibus

374 2579 522 2648 inclinati
538 2601 696 2669 personas
711 2591 839 2653 vestras
850 2635 859 2672 ,
885 2589 920 2652 et
938 2583 1063 2671 Regna,
1087 2582 1241 2671 familias,
1267 2580 1511 2671 possessiones,

373 2695 406 2758 et
422 2689 492 2757 ulie
510 2690 621 2759 omnio
638 2693 725 2762 bone
744 2699 864 2778 restro,
879 2699 948 2761 tem
963 2690 1098 2762 mobilis
1112 2712 1211 2777 quem
1225 2690 1416 2776 innobilis,
1443 2707 1513 2776 que

372 2797 406 2865 in
426 2797 675 2885 presenticrium
701 2797 942 2870 rationabiliter
955 2797 1150 2887 possidetis,
1177 2805 1234 2867 eut
1247 2798 1284 2867 iu
1297 2796 1443 2866 futurum
1455 2797 1510 2882 ju-

371 2906 431 2974 stis
449 2905 555 2976 modis
570 2913 736 2995 prestante
746 2907 886 2976 Domino
900 2905 1049 2995 poteritis
1060 2904 1209 2993 adipisci,
1225 2907 1288 2974 sub
1301 2905 1398 2973 Beati
1413 2903 1510 2972 Petri

372 3021 406 3082 et
421 3020 534 3083 nostru
549 3014 749 3102 protectione
763 3014 969 3103 suscipimus,
986 3020 1019 3082 et
1035 3032 1093 3083 ees
1103 3014 1198 3084 robis
1212 3013 1396 3098 vestrisque
1410 3011 1508 3080 bere

373 3121 468 3190 dibus
497 3121 532 3190 in
561 3121 786 3192 ecclesiastica
816 3120 991 3191 devotione
1020 3121 1270 3209 persistentibus
1306 3117 1509 3188 auctoritate

375 3230 567 3316 Apostolicu
586 3231 814 3299 confirmemus
839 3235 873 3298 et
896 3230 1059 3316 presentis
1082 3229 1194 3317 scripti
1210 3227 1392 3315 patrocinio
1416 3245 1510 3296 com-

374 3336 549 3406 munimus.
572 3337 663 3405 Nulli
687 3357 765 3423 ergo
781 3335 912 3408 omniuo
928 3335 1095 3406 bominum
1113 3336 1212 3406 liceet
1235 3337 1320 3404 benc
1344 3332 1509 3420 peginam

375 3451 487 3514 nostre
507 3443 717 3533 protectionis
741 3450 774 3513 et
799 3443 1052 3515 confirmationis
1077 3442 1266 3531 iufringere,
1292 3442 1345 3512 vel
1372 3439 1404 3510 ei
1420 3459 1509 3510 ausu

375 3553 549 3621 temerario
564 3552 735 3622 contreire.
760 3553 886 3639 Siquis
907 3560 1015 3622 eutem
1030 3553 1093 3621 boc
1117 3556 1311 3639 attemptare
1329 3557 1507 3636 presump-

376 3662 455 3731 serit
473 3661 729 3747 indignationem
754 3660 993 3750 Omnipotentis
1017 3661 1080 3728 Dei
1106 3667 1140 3729 et
1163 3659 1338 3728 Beotorum
1361 3657 1458 3724 Petri
1476 3663 1508 3724 et

376 3770 472 3838 Pauli
487 3771 714 3857 Apostolorum
730 3770 802 3856 ejus
817 3789 854 3838 ee
882 3769 1010 3838 noverit
1033 3768 1244 3837 incursurum
1269 3767 1393 3833 Dctum
1419 3765 1506 3848 Lug·

375 3879 454 3948 duni
470 3877 511 3946 11.
527 3878 602 3946 idus
618 3877 830 3965 Septembris.
846 3876 1057 3946 Pontificstm
1071 3876 1173 3946 nostri
1189 3893 1276 3943 cuno
1292 3872 1421 3959 quinto.

709 4073 865 4143 (Turgeuev
877 4075 913 4128 ici.
925 4091 961 4129 m.
974 4076 996 4128 1.
1009 4077 1066 4130 hot.
1080 4077 1123 4130 el.
1136 4074 1167 4143 l.)

814 4375 1071 4388 um
