3226 5194
884 899 963 967 342.
996 889 998 896 ¹

361 1081 384 1144 Ι
387 1081 421 1145 V.
442 1081 520 1146 Buta
544 1084 646 1168 Mrolp
673 1081 760 1149 Gnate
775 1082 1093 1167 slltdrrtolrmdsteruek
1117 1083 1257 1147 Benedek
1281 1095 1390 1146 mester
1415 1093 1481 1146 test·

355 1190 439 1252 treier'
452 1185 703 1255 szcimtiro1257.
718 1189 998 1276 tctttdroe'nyloeze'si
1005 1193 1173 1257 diuMzesdt
1182 1190 1363 1276 meyerr'lar'te'.
1384 1189 1482 1254 1258.

465 1385 548 1453 Bcla
573 1387 635 1454 Dei
660 1386 775 1470 gracia
799 1385 979 1473 Hnngarie‚
1005 1386 1187 1470 Dalmacie,
1207 1385 1354 1470 Groaeie,
1372 1388 1484 1469 Rama,

356 1493 479 1576 &ruia
491 1495 640 1582 Gallicis,
657 1495 857 1580 tadoneus,
879 1494 1178 1583 Onmauiequeltex
1196 1495 1346 1565 omnibns
1363 1492 1482 1560 Christi

358 1599 507 1668 fidelibus
532 1609 598 1670 tarn
618 1604 825 1692 presentibus
842 1625 939 1690 quarn
962 1605 1082 1672 intruis
1099 1611 1266 1691 presentes
1291 1604 1418 1669 litteras
1435 1603 1483 1667 iu-

358 1713 517 1798 specturis
532 1714 670 1782 salutem
685 1716 719 1782 iu
734 1717 876 1784 omnium
895 1715 1069 1785 saluatore.
1087 1713 1177 1784 Solet
1192 1713 1297 1798 Regia
1313 1709 1484 1780 Celsitndo

359 1827 479 1888 statum
504 1823 633 1890 illorum
648 1824 683 1890 in
699 1824 814 1891 melius
830 1823 1018 1906 reformare,
1045 1823 1099 1907 qui
1116 1822 1304 1889 calamitate
1330 1818 1485 1906 temporis

358 1929 489 2014 opprcsi
504 1929 634 1998 fuerunt
644 1949 702 1999 sen
717 1933 858 2016 manati.
876 1932 1017 2000 Proinde
1033 1931 1075 1998 ad
1086 1932 1311 1998 vniuersonnn
1329 1927 1484 1996 noticiam

357 2041 469 2105 tenore
493 2039 697 2124 presencium
723 2041 873 2108 volumus
898 2038 1084 2126 peruenire,
1110 2038 1197 2122 quod
1222 2036 1414 2104 aecedentes
1441 2032 1484 2100 ad

354 2149 503 2211 noemam
528 2145 729 2231 presenciam
746 2145 893 2233 Cuppau,
919 2147 1017 2214 Hada
1034 2154 1065 2214 ct
1081 2146 1255 2214 Ladialaus
1278 2146 1399 2212 fratres
1415 2144 1482 2208 Ma-

355 2248 451 2331 gistri
476 2250 654 2336 Benedicti,
680 2253 808 2338 Notarij
826 2257 900 2322 aule
917 2253 1080 2322 karissimi
1105 2253 1164 2338 filij
1180 2253 1283 2320 nostri
1297 2250 1400 2334 Regis
1415 2249 1482 2316 Ste-

358 2356 466 2442 phani,
493 2362 677 2446 optulerunt
703 2365 797 2432 uobis
813 2364 940 2431 litteras
964 2363 1071 2431 tidelis
1095 2363 1196 2432 nostri
1213 2362 1306 2430 Clrak
1334 2360 1481 2446 Magistri

357 2467 807 2540 Tanaruicorumnostrorunr
824 2480 856 2539 et
867 2471 1002 2542 Comitis
1020 2471 1237 2556 Zaladiensis‚
1256 2470 1483 2558 supplicantes

357 2574 600 2662 instantissime,
626 2585 660 2646 ut
675 2580 807 2648 easdem
824 2588 933 2648 nostro
949 2577 1157 2664 dignaremur
1173 2578 1349 2666 priuilegio
1366 2577 1480 2646 confir·
1531 2650 1533 2659 ¹

357 2701 455 2750 utare.
473 2683 619 2764 Quarum
635 2687 766 2770 quidem
782 2696 873 2754 tenor
889 2688 967 2756 talis
983 2697 1033 2755 est
1049 2712 1056 2753 :

464 2791 557 2859 Glralr
568 2794 723 2880 Magister
733 2796 986 2864 Tarrernioorum
1002 2797 1064 2862 stb.
1082 2795 1293 2880 uldretlrezik
1305 2793 1401 2864 Ohak
1417 2792 1481 2860 ltin.

356 2899 629 2971 ittamolrmester
642 2903 776 2972 rtet-ki
792 2905 969 2989 olmauya,
986 2906 1068 2972 mint
1082 2903 1214 2970 ientebb
1225 2903 1299 2972 sat.
1315 2921 1360 2968 su.
1372 2901 1419 2988 a)

462 3009 531 3078 Nos
548 3012 647 3095 igitur
663 3013 838 3080 eorundem
854 3013 1154 3099 supplicationibus
1175 3010 1334 3093 inclinati,
1360 3017 1393 3076 et
1408 3028 1479 3098 spe·

356 3119 482 3186 cialiter
507 3120 622 3186 merita
646 3123 857 3189 seruitiorum
883 3122 1021 3208 predicti
1047 3120 1195 3210 Magistri
1211 3117 1391 3204 Benedicti,
1416 3137 1481 3204 que

356 3225 529 3293 karissimo
554 3225 619 3294 lilio
636 3235 746 3296 nostro
772 3229 854 3312 Regi
871 3229 1037 3315 Stephano
1052 3250 1074 3296 a
1088 3234 1233 3315 ternpore
1251 3225 1396 3313 puericie
1421 3245 1481 3294 sue

356 3332 510 3400 exhibere
527 3333 650 3402 studuit
665 3335 839 3422 indefesse,
859 3344 1036 3422 pensantes
1053 3357 1093 3403 ex
1110 3337 1229 3421 animo,
1253 3333 1415 3420 premissa
1438 3355 1480 3403 ex

354 3447 467 3508 nostra
491 3442 717 3512 commissione
741 3453 773 3512 et
788 3445 943 3512 mandato
959 3443 1096 3531 speciali
1110 3463 1169 3532 per
1184 3443 1250 3510 iam
1271 3443 1395 3510 dictum
1410 3443 1478 3511 Ma-

355 3549 492 3635 gistrum
508 3549 602 3617 Ohak
626 3551 764 3638 prouida
781 3550 870 3618 lacta
895 3550 1016 3637 pariter
1039 3559 1071 3618 et
1095 3549 1256 3635 discussa,
1282 3548 1479 3619 anctoritate

354 3659 557 3747 presencium
582 3659 734 3727 duximus
760 3659 988 3727 confirmanda.
1016 3660 1051 3725 ln
1067 3658 1159 3727 cuius
1174 3657 1222 3726 rei
1240 3657 1430 3726 memoriam
1446 3663 1481 3725 et

353 3773 542 3858 perpetuam
573 3768 757 3837 firmitatem
781 3775 951 3855 presentes
979 3767 1128 3834 dedimus
1152 3766 1281 3834 litteras
1312 3765 1478 3852 dupplieis

355 3878 455 3964 sigilli
470 3877 572 3945 nostri
588 3877 764 3945 munimine
781 3879 961 3944 roboratas.
987 3877 1106 3942 Datum
1121 3897 1181 3963 per
1196 3895 1312 3944 manns
1327 3875 1478 3962 Magistri

354 3985 528 4073 Smaragdi
538 3985 642 4055 Eleeti
652 3985 839 4056 Colocensis
854 3986 928 4054 aule
946 3982 1355 4070 nosuevice-canccllarij
1367 3982 1477 4052 dilecti

354 4107 386 4166 et
402 4095 508 4164 fidelis
523 4096 634 4180 nostri,
652 4114 738 4164 anno
748 4093 878 4162 Domini
895 4092 1067 4162 millesimo
1084 4092 1305 4161 ducentesimo
1316 4092 1476 4178 quinqua·

354 4206 479 4292 gesimo
503 4211 619 4274 octauo
645 4203 769 4271 decimo
787 4204 844 4270 VI⁰
868 4201 1029 4271 kalendas
1052 4203 1212 4289 Augustp,
1238 4203 1343 4288 Regni
1368 4209 1476 4271 autern

353 4315 455 4384 noant
472 4333 558 4381 anno
574 4311 727 4380 vicesimo
743 4313 852 4381 tercio.

355 4495 493 4565 (Ersdatie
502 4491 672 4563 bdrhtrtydm
686 4492 798 4560 melyrdl
812 4489 986 4559 stiga-veros
999 4490 1224 4560 salyamasiudrcn
1236 4507 1254 4545 a
1265 4489 1355 4560 kirtly
1368 4493 1473 4562 panatt-

493 4583 577 4651 jtnek
589 4581 716 4638 ttredtlre
730 4584 806 4650 ldgg,
819 4598 837 4635 a
848 4580 930 4635 budai
943 4582 992 4636 lrir.
1007 4583 1127 4637 kmarai
1140 4579 1328 4650 lsrdltlrban.)
