3252 5198
874 314 918 380 54

816 405 976 416 ffl-—a-

333 535 420 581 anno
436 513 547 598 gracie
564 515 609 578 M⁰
620 511 685 578 00⁰
696 512 805 579 ΧΧΧο
816 513 931 595 VllJ⁰.‚
954 513 995 576 V⁰
1012 532 1115 577 nonas
1131 511 1222 594 Maij,
1240 511 1345 594 Regni
1361 511 1467 578 nostri

333 643 418 690 anno
434 623 509 688 11J0.

333 803 470 866 (Eredetic
483 799 655 868 biirhbrtybu,
670 801 781 867 molyrb'l
795 818 811 851 a
824 799 913 866 lriruily
927 796 1100 867 pccsdtjdnclr
1112 799 1239 850 tbredbkc
1250 801 1338 850 barna
1353 799 1467 864 selysm-

521 891 646 944 asinbron
660 893 735 957 sugg.
751 893 773 942 A
787 893 870 943 budai
883 891 934 942 kir.
950 891 1069 940 kaurarai
1083 886 1271 955 levbltrlrban.)

773 1177 1024 1188 ..-.-.-...--

874 1646 930 1711 35.

337 1829 396 1892 IV.
414 1827 495 1892 Buta
511 1827 683 1912 lrirdlyracle
699 1827 792 1890 Foad
807 1828 887 1889 nucu
902 1826 1037 1890 birlolcot
1054 1829 1206 1912 tirpyoao'
1220 1827 1397 1910 octomdnyu
1410 1824 1467 1889 Ool

705 1956 801 1998 eomes
816 1938 971 1998 scansuro.
1000 1936 1097 1999 1238.

447 2133 603 2200 Bela'Dci
620 2131 732 2217 gracia
751 2134 821 2198 Rex
837 2132 981 2214 Vngaric
996 2131 1158 2198 uniuersis
1179 2132 1299 2198 Christi
1317 2131 1467 2198 fidelibus

340 2242 480 2308 salutem
497 2241 531 2306 in
543 2239 683 2308 Domino
694 2241 786 2306 Jesu.
804 2240 914 2322 Digna
930 2242 1194 2306 remuneracione
1204 2239 1345 2306 fidelitas
1357 2240 1468 2325 dignis

341 2349 435 2415 debet
452 2349 624 2437 stipendiis
642 2370 662 2414 a
677 2348 779 2431 Regia
795 2347 1005 2414 Oelsitndinis
1023 2348 1204 2416 serenitate
1220 2349 1371 2432 resonari,
1389 2370 1468 2433 qua-

338 2464 434 2524 tenus
450 2465 483 2523 et
507 2458 683 2524 humanum
708 2457 837 2523 iusticie
859 2457 1004 2522 debitum
1029 2457 1254 2540 impendatur,
1282 2465 1314 2522 ct
1332 2459 1469 2523 retribu-

340 2565 443 2632 cionis
461 2565 609 2650 exemplo
625 2562 768 2629 fidelium
785 2582 937 2628 numerus
954 2570 1123 2645 augeatur.
1140 2563 1224 2628 Hinc
1243 2571 1302 2648 est,
1319 2564 1406 2646 quod
1423 2563 1467 2629 ad

340 2671 566 2738 uniuersorum
582 2671 736 2737 noticiam
762 2678 873 2738 tenore
889 2671 1094 2756 presencium
1118 2671 1266 2737 uolumus
1283 2673 1468 2758 peruenire,

341 2781 427 2865 quod
443 2799 503 2846 nos
520 2779 662 2845 sarrinia
687 2784 719 2844 et
734 2779 915 2865 probitates
941 2779 1051 2845 dilecti
1068 2799 1107 2844 ac
1123 2778 1227 2846 tidelis
1251 2781 1355 2847 nostri
1373 2780 1466 2862 Oslu‚

343 2888 488 2972 Comitis,
504 2887 561 2971 lilij
578 2886 668 2971 Oslu‚
692 2907 754 2970 qne
770 2887 864 2952 nobis
887 2895 920 2952 et
934 2889 1046 2972 Regno
1063 2885 1282 2953 indesinenter
1308 2889 1467 2972 exhibuit,

342 2996 498 3062 habentes
516 3014 575 3079 pro
592 2995 708 3081 oculis,
736 3001 768 3060 et
783 2995 931 3063 nolentes
947 2995 1065 3081 ipsum,
1092 2996 1175 3060 sicut
1191 3015 1251 3060 neo
1267 2995 1369 3080 dccet,
1395 3019 1471 3064 suo·

340 3125 413 3170 rum
441 3103 651 3169 seruieicrum
678 3102 867 3169 defraudari
893 3102 1035 3187 meritis,
1068 3103 1102 3168 in
1126 3104 1469 3189 recompensacionem

341 3232 399 3278 sue
415 3211 583 3277 fidelitatis
599 3217 632 3276 et
648 3210 858 3295 probitatum,
876 3216 998 3277 terram
1014 3210 1108 3277 Faad
1122 3213 1157 3276 in
1173 3210 1336 3279 Comitatu
1352 3214 1467 3298 Sopro-

341 3321 445 3386 niensi
460 3319 554 3386 iuxta
569 3318 709 3404 Choma,
734 3320 884 3406 predium
909 3320 1087 3388 eorundem
1103 3327 1170 3387 tam
1195 3342 1268 3388 enm
1284 3328 1368 3388 terra
1396 3343 1471 3388 ara-

342 3428 400 3494 bili
411 3477 421 3512 ,
453 3447 551 3510 quam
576 3446 648 3492 cum
673 3429 806 3514 pascuis
833 3435 865 3494 et
888 3428 995 3497 fencto
1022 3431 1094 3496 vsni
1120 3429 1257 3514 triginta
1285 3440 1470 3498 aratrorum

342 3542 588 3621 competentem,
616 3555 715 3620 quam
740 3537 829 3622 prius
846 3559 887 3603 ex
913 3538 1093 3607 donacione
1119 3541 1223 3626 patris
1248 3540 1351 3608 nostri
1368 3539 1470 3624 digne

342 3653 576 3731 promeruerat,
594 3647 787 3714 contulimus
803 3647 873 3714 iure
888 3656 1046 3736 perpetuo
1066 3649 1311 3736 possidendam.
1329 3652 1471 3735 Insuper

342 3753 419 3820 filiis
436 3753 537 3822 Belud
554 3753 689 3820 Comitis
715 3753 799 3821 bone
816 3759 990 3840 memorie,
1017 3759 1071 3841 qui
1088 3757 1238 3824 similiter
1264 3758 1418 3824 maximis
1437 3766 1472 3824 et

342 3862 564 3930 laudabilibus
589 3863 737 3931 seruiciis
762 3885 871 3930 coram
901 3867 1005 3934 oculis
1029 3867 1149 3935 nostris
1174 3876 1207 3934 et
1227 3876 1470 3936 antecessorum

342 3979 526 4040 nostrorum
544 3993 564 4038 a
580 3971 736 4058 primeuis
748 3974 844 4041 etatis
860 3994 918 4041 suc
934 3977 1135 4061 temporibus
1145 3978 1319 4060 claruerat,
1340 3995 1471 4042 conces-

347 4081 448 4147 simus
475 4080 515 4146 de
542 4087 629 4146 terra
645 4081 784 4146 Widcha
808 4080 842 4146 in
861 4081 975 4148 codem
993 4081 1166 4167 comitatu,
1193 4083 1286 4148 iuxta
1309 4083 1469 4169 predium,

343 4190 428 4274 quod
454 4197 589 4256 uocatur
604 4188 719 4273 Belud,
745 4191 838 4256 iuxta
855 4190 999 4277 Rabcha,
1026 4190 1070 4255 ad
1085 4192 1228 4276 quinque
1254 4196 1373 4276 aratra,
1399 4199 1470 4256 tam

344 4319 418 4364 cum
434 4302 523 4362 terra
538 4296 669 4380 arabili,
685 4316 783 4380 qnam
799 4299 1019 4383 compascuis
1035 4304 1067 4364 et
1084 4297 1202 4382 teneto,
1222 4297 1277 4363 ubi
1292 4298 1393 4382 ijdem
1409 4297 1470 4381 filij

344 4404 449 4471 Belud
465 4403 587 4471 habent
612 4403 726 4471 domos
743 4409 775 4468 et
794 4405 976 4472 ecclesiam.
992 4407 1036 4470 Vt
1050 4404 1150 4488 igitur
1165 4407 1225 4471 hcc
1245 4413 1355 4473 nostre
1370 4403 1470 4472 dona-

343 4510 445 4580 cionis
461 4512 585 4599 pagina
609 4512 737 4579 firmum
764 4515 862 4579 robur
886 4514 1033 4599 optineat
1056 4513 1090 4578 in
1115 4518 1290 4598 posterum,
1319 4519 1351 4578 et
1370 4512 1470 4579 nullis

345 4639 489 4703 unquam
505 4621 705 4706 temporibus
729 4623 839 4687 ualeat
854 4621 1036 4706 retractari,
1062 4621 1201 4707 duplicis
1218 4640 1292 4687 eam
1308 4620 1397 4704 sigili
1414 4641 1468 4687 no·
