3162 5188
601 353 762 465 2⁶2,

105 663 137 731 G
166 555 296 732 τὼΕεο
311 557 458 627 Joennes
473 556 586 626 Sancti
603 557 734 628 Nicolui
749 556 784 624 in
800 556 885 625 Arce
902 555 1054 626 Tullinus
1072 555 1241 625 Disccnus

141 685 166 732 n
207 663 315 733 ‘nelis

223 774 295 860 ligo
311 773 483 842 Villelmus
498 772 611 840 Sancti
627 772 796 842 Eustachii
810 773 975 842 Dieccnus
999 771 1193 840 Cardinnlis.

225 883 296 969 Ego
313 880 494 951 Ottobonus
510 881 623 950 Sancti
638 880 777 949 Adriani
792 880 959 948 Diaconus
978 878 1173 948 carnosus.

104 989 239 1056 Datum
255 989 406 1078 Ancgnie
423 1008 484 1079 per
499 1009 631 1057 manum
647 986 813 1059 Guilleimi
828 1025 873 1036 -
885 1025 929 1036 -
938 1026 982 1039 -
996 1024 1040 1037 -
1054 985 1241 1056 Parmensis

104 1099 218 1167 Sacro
233 1102 378 1168 Romane
390 1097 838 1168 ecclesianos-cancellarii
848 1101 906 1170 XI.
918 1096 1082 1167 kalendas
1092 1095 1242 1185 Augusti,

104 1206 309 1275 Indictionis
323 1208 409 1295 xli,
434 1207 677 1278 Inearnstiouis
694 1207 864 1276 Dominicc
880 1227 967 1275 enno
985 1205 1105 1274 ΜὋΟο
1115 1206 1153 1270 Ιθ
1164 1204 1243 1272 11110.

105 1317 329 1386 Pontificatus
345 1336 423 1386 vero
439 1317 572 1423 Domini
596 1317 777 1385 Innocentii
798 1317 911 1404 Papae
936 1317 991 1383 IV.
1016 1335 1101 1383 enno
1125 1313 1243 1383 duede-
1335 1320 1349 1383 ’.

105 1443 212 1492 c1mo.

349 1570 475 1636 (Parieti,
489 1572 629 1638 Illyricum
642 1571 754 1627 Sacrum
768 1573 814 1625 lv.
828 1572 885 1622 koc.
906 1572 965 1625 105.
978 1571 1008 1637 1.)

640 2321 719 2392 256.

1 2480 2 2487 ἵ
108 2504 174 2570 IV.
197 2503 286 2570 Iners
299 2503 452 2592 pdpdoak
474 2505 633 2584 condolete,
658 2505 791 2592 deppae
810 2507 943 2592 apostoli
967 2506 1089 2573 ssdknck
1113 2509 1243 2574 telense

107 2611 322 2700 mphapydso
337 2611 440 2677 odilerii
455 2635 475 2677 a
488 2615 591 2698 pdpac'
605 2610 689 2677 Ieo'cet
704 2636 742 2676 oz
759 2617 942 2699 metopomi
964 2614 1074 2679 crocitet
1089 2621 1120 2679 e's
1134 2614 1241 2702 tripto-

296 2722 365 2787 lont
379 2721 511 2808 epyluizc'
527 2722 702 2787 biotete'sscl
716 2745 753 2786 oe
767 2723 930 2806 eujtdassu.
957 2721 1055 2790 1254.

223 2919 431 2986 Innocentius
447 2917 629 3003 Episcopus
654 2937 767 2985 seruus
794 2937 961 2986 seruorum
978 2919 1039 2986 Dei
1058 2919 1240 3004 venerabilj

108 3025 207 3094 fratri
224 3075 232 3092 .
251 3078 259 3094 .
277 3077 285 3092 .
302 3026 560 3115 Archiepiscopo
578 3032 610 3092 et
625 3024 754 3092 dilectis
768 3025 845 3112 tiliis
857 3024 1009 3112 Capituio
1024 3026 1240 3110 strigoniensi

109 3134 253 3202 salutem
270 3135 537 3222 etApostolieum
553 3133 825 3202 benedictionem.
845 3133 1034 3220 Apostolice
1042 3134 1136 3202 Sedis
1151 3134 1240 3200 beni-

109 3244 224 3329 gnitas
250 3242 376 3310 sincere
401 3244 650 3330 obsequentium
676 3250 754 3310 uota
780 3239 924 3309 fidelium
951 3241 1064 3309 fauore
1089 3241 1241 3308 beniuolo

111 3349 270 3438 prosequi
282 3353 461 3437 consueuit,
479 3358 512 3417 ct
527 3369 687 3436 personas
697 3350 836 3437 illorum,
852 3368 932 3435 quos
948 3351 982 3416 in
998 3369 1059 3417 sua
1069 3351 1242 3418 deuotione

110 3465 281 3545 promptos
298 3458 456 3528 inuenerit
472 3465 505 3526 et
520 3460 693 3544 feruentes,
707 3458 903 3543 quibusdem
920 3457 1053 3548 (titulis)
1073 3459 1240 3526 decentius

110 3565 285 3636 decorare.
310 3569 353 3634 Vt
369 3568 469 3652 igitur
492 3587 533 3634 ex
558 3568 696 3653 speciali
723 3565 905 3652 deuotione,
933 3587 1030 3653 quam
1056 3567 1098 3634 sd
1123 3587 1184 3637 nos
1209 3575 1241 3635 et

112 3675 300 3743 Romanam
315 3674 498 3743 Ecclesium
525 3673 645 3741 hebere
662 3675 844 3762 noscimini,
872 3675 1019 3742 sentietis
1035 3676 1129 3744 uobis
1152 3677 1241 3743 funo-

112 3779 216 3872 (rem)
231 3781 455 3870 Apostolieum
481 3801 545 3849 non
561 3781 724 3850 modicum
740 3783 943 3869 secreuisee;
970 3786 1165 3851 sonoritate
1188 3805 1239 3852 uo-

111 3891 168 3958 bis
183 3891 404 3978 praesentium
427 3890 647 3976 indulgemus,
674 3896 709 3956 ut
723 3890 833 3957 nuilus
849 3891 1043 3978 Delegetus,
1064 3890 1147 3980 (uel)
1162 3893 1240 3959 Sub-

111 3997 295 4086 delegetus,
306 4001 481 4084 Excudent,
497 4007 555 4066 sut
570 3999 669 4066 etiam
682 3998 910 4084 Conseruntur,
932 4000 1126 4067 auctoritate
1141 4000 1237 4068 Sedis

110 4108 315 4194 Apostoliee,
343 4107 394 4173 uel
409 4107 608 4193 Legatornm
634 4107 738 4195 ipsius
753 4107 786 4172 in
813 4127 882 4192 uos,
909 4107 962 4175 nel
979 4107 1160 4175 Ecclesium
1186 4128 1240 4175 ue·
1269 4101 1271 4107 ⁴

111 4221 217 4286 strom
233 4215 587 4304 excommunicationis,
600 4216 837 4304 suspensionis,
864 4217 917 4284 nel
933 4214 1097 4282 interdicti
1112 4221 1239 4284 senten·

110 4325 176 4393 itus
203 4327 411 4415 promulgare
422 4376 431 4410 ,
462 4331 520 4392 aut
542 4324 736 4392 interdicere
762 4324 855 4394 uobis
881 4325 1066 4410 ingressum
1092 4324 1240 4392 Ecclesie

111 4431 269 4522 (nc)lect‚
296 4432 421 4519 ubsque
446 4430 583 4518 speciali
607 4430 762 4501 mandato
786 4432 879 4500 Sedis
905 4432 1071 4518 eiusdem,
1096 4432 1238 4500 iaciente

110 4540 244 4628 plenem
269 4548 302 4609 et
318 4560 509 4630 expressam
533 4540 574 4607 de
597 4540 659 4609 hec
684 4539 890 4628 indulgentie
913 4540 1119 4611 mentionem.
1146 4540 1238 4610 Nulli

110 4668 190 4740 ergo
206 4647 336 4719 omnino
352 4646 517 4718 hominum
532 4645 632 4717 liceat
647 4646 732 4717 huuc
748 4648 905 4735 peginam
921 4655 1032 4716 nostre
1055 4647 1238 4724 concessio·
