3252 5198
930 343 974 409 30

384 540 525 606 continet
541 540 683 621 quinque
698 537 833 603 cubulos
848 535 1067 622 Syrmienses,
1090 536 1264 603 dummodo
1280 536 1385 604 fames
1400 537 1519 603 valida

384 666 449 713 non
465 646 647 729 contingat3
665 645 797 730 insuper
814 649 846 709 et
860 662 959 709 vnum
974 643 1143 727 gallinam,
1168 651 1201 710 et
1215 663 1313 709 unam
1330 645 1516 727 scutellam,

383 761 416 819 et
431 753 513 818 duos
530 751 701 835 denarios;
719 758 752 816 et
767 751 828 817 hec
843 752 954 819 omnia
976 756 1129 817 tenentur
1144 759 1275 836 portare
1291 753 1324 818 in
1339 751 1463 818 Warod
1478 753 1518 818 in

384 859 524 943 elyoinm
540 859 698 943 Ecclesia,
726 857 866 925 sednon
881 865 1031 924 tenentur
1055 861 1194 924 transire
1210 859 1405 926 Danubium.
1431 863 1519 926 Item

385 966 581 1033 contulimus
608 964 713 1032 eidem
728 964 877 1030 Ecclesia
902 964 1027 1046 uillam,
1055 983 1118 1049 qne
1133 972 1270 1032 vocatur
1294 965 1422 1049 Borica‚
1451 987 1518 1050 quo

384 1073 445 1140 fuit
461 1073 613 1159 Dyonisij
631 1073 765 1140 Comitis
780 1073 936 1150 Palatini,
963 1073 1018 1156 qui
1034 1071 1075 1137 de
1090 1073 1196 1155 Regni
1211 1072 1465 1159 dilapidacione,
1482 1080 1518 1141 et

383 1181 577 1249 infidelitate
602 1179 769 1246 euidenter
784 1187 835 1246 est
849 1180 1026 1262 conuictus,
1054 1199 1127 1245 cum
1142 1180 1248 1264 terris,
1266 1183 1372 1266 aquis,
1399 1183 1518 1267 pratis,

384 1289 522 1375 piscinis.
537 1296 570 1354 et
579 1287 694 1354 insulis
711 1287 756 1352 ad
771 1285 909 1353 eandem
920 1287 1033 1353 villam
1044 1287 1292 1372 pertinentibus.
1311 1287 1517 1358 Contulimus

383 1397 519 1481 insuper
535 1395 642 1461 eidem
656 1395 804 1460 Ecclesie
821 1394 862 1461 de
878 1413 1039 1460 consensu
1049 1393 1248 1461 venerabilis
1265 1396 1369 1480 patris
1378 1398 1517 1464 Rnberti

384 1501 618 1586 Strigoniensis
635 1499 885 1585 Archiepisoopi
910 1500 1085 1585 plebanias
1109 1501 1279 1585 utriusque
1303 1504 1415 1589 l‘estb,
1440 1524 1519 1570 cum

383 1608 621 1696 patronatibus,
638 1614 671 1672 et
686 1605 837 1672 omnibus
852 1606 1067 1691 prodentibus
1079 1607 1113 1673 in
1131 1606 1266 1674 decimis
1276 1610 1465 1696 maioribus,
1484 1618 1519 1677 et

384 1715 530 1798 minutis,
548 1721 581 1780 et
596 1714 743 1800 capellis.
759 1715 842 1778 Item
858 1712 1053 1780 contulimus
1077 1713 1183 1780 eidem
1200 1714 1346 1782 Ecclesia
1371 1719 1519 1804 quinque

383 1830 538 1909 tymynos
569 1821 688 1887 salium
714 1819 890 1886 soluendus
916 1821 951 1885 in
976 1819 1126 1902 Scegued
1149 1821 1318 1888 annuatim
1343 1821 1387 1888 ad
1418 1843 1517 1892 usum

382 1935 530 2015 fratrum,
547 1931 604 2013 qui
620 1932 653 1997 in
669 1931 781 1998 eodem
798 1931 997 1996 monasterio
1016 1939 1266 1998 commorantur.
1284 1934 1384 2000 Porro
1400 1953 1515 2001 omnes

385 2039 610 2124 possessiones
636 2044 826 2124 prenotatas
842 2037 1035 2104 contulimus
1059 2037 1164 2104 eidem
1180 2039 1326 2106 Ecclesia
1342 2042 1402 2107 tali
1416 2043 1517 2110 liber-

384 2155 470 2213 tate:
487 2152 523 2214 ut
538 2148 652 2233 populi
668 2165 725 2213 eas
741 2145 973 2229 inhabitantes,
1000 2147 1053 2212 uel
1070 2147 1125 2232 qni
1143 2147 1177 2213 in
1194 2156 1361 2234 posterum
1386 2151 1516 2218 inhabi-

383 2261 455 2321 tare
479 2256 652 2340 noluerint,
680 2254 774 2319 liberi
801 2254 867 2320 sint
890 2255 933 2319 ab
949 2255 1037 2321 omni
1061 2254 1194 2341 tributo,
1221 2263 1254 2322 et
1277 2260 1456 2328 exaccione
1482 2261 1518 2327 in

383 2368 453 2429 toto
468 2365 582 2446 Regno
599 2360 776 2446 Hungarie,
793 2379 855 2427 nec
871 2361 1013 2428 audeant
1028 2362 1075 2428 ibi
1091 2364 1272 2449 monetarii,
1296 2367 1349 2432 uel
1366 2368 1519 2436 collecto·

384 2489 436 2536 res
455 2469 661 2548 descendere,
689 2467 748 2534 sed
764 2467 807 2533 ad
823 2467 929 2535 forum
944 2468 1098 2554 ipsorum,
1125 2469 1207 2536 sieut
1222 2471 1267 2537 ad
1288 2472 1357 2539 alia
1370 2472 1443 2540 fora
1459 2495 1517 2542 ue-

383 2577 454 2644 nire
471 2577 612 2662 valeant,
639 2583 672 2641 et
688 2594 780 2642 snum
798 2573 940 2640 cilicium
964 2576 1060 2643 modo
1077 2576 1187 2644 debito
1203 2597 1365 2646 exercere.
1391 2583 1517 2650 Verum

383 2684 413 2750 si
439 2685 610 2751 collectam
625 2685 696 2748 Rex
721 2683 756 2747 in
778 2683 891 2765 Regno
916 2683 1079 2768 indixerit,
1104 2683 1174 2750 sive
1198 2707 1257 2771 pro
1282 2689 1517 2775 redempcione

380 2797 523 2874 monete,
542 2809 605 2875 que
621 2796 753 2874 recepta
767 2810 832 2857 non
848 2788 956 2872 fuerit,
983 2790 1053 2858 siue
1068 2790 1191 2858 lucrum
1207 2813 1345 2878 camere,
1369 2798 1421 2862 vel
1437 2819 1518 2882 quo·

385 2918 510 2982 cunque
527 2898 592 2964 alio
609 2895 740 2964 nomine
756 2905 937 2979 censeatur,
949 2898 1146 2982 jcbagiones
1162 2901 1311 2987 predicte
1325 2903 1477 2973 Ecclesia
1494 2927 1519 2971 a

384 3007 502 3092 Regali
518 3006 656 3072 collecta
681 3005 809 3090 penitus
826 3005 891 3072 sint
915 3006 1009 3072 liberi
1025 3012 1058 3072 et
1072 3007 1243 3092 immunes,
1269 3012 1328 3078 sed
1351 3014 1516 3081 medietas

383 3117 474 3184 illius
501 3113 703 3199 quantitatis,
732 3131 795 3196 qne
810 3113 854 3178 ab
870 3113 944 3179 aliis
961 3119 1093 3200 recepta
1115 3114 1220 3200 luerit,
1246 3138 1266 3183 a
1276 3120 1516 3204 Jobagionibus

383 3223 531 3290 Ecclesia
547 3221 669 3289 Abbati
685 3222 900 3308 persolvatur,
918 3222 1079 3288 medietas
1095 3243 1172 3292 uero
1191 3224 1316 3292 eisdem
1327 3228 1516 3314 jobagioni-

383 3331 444 3397 bus
460 3330 652 3396 remittatur.
670 3327 791 3395 Omnes
808 3333 916 3394 autem
933 3331 1354 3418 causasinterJobagiones
1364 3338 1515 3405 Ecclesia

383 3443 586 3521 emergentes
612 3433 755 3501 Gurialis
781 3433 898 3500 (lomes
922 3435 1029 3521 ipsius
1054 3436 1184 3524 iudicet,
1209 3446 1242 3506 et
1266 3440 1418 3528 decidat,
1448 3445 1515 3512 nisi

381 3542 467 3610 torte
482 3563 570 3628 pena
585 3543 766 3627 sanguinis,
791 3542 845 3607 vel
861 3545 1088 3630 suspensionis
1112 3546 1235 3613 debeat
1252 3551 1409 3637 exerceri,
1434 3554 1515 3637 quia

381 3655 457 3715 tunc
473 3648 650 3730 exequutio
675 3649 839 3714 sentencie
854 3647 898 3714 ad
914 3648 1071 3716 (inmitem
1089 3651 1356 3740 Parroehyannm
1371 3659 1516 3742 pertine·

382 3755 440 3822 bit.
457 3756 493 3822 Si
509 3775 586 3823 uero
603 3754 705 3840 aliqui
721 3753 763 3821 de
777 3755 893 3822 eodem
913 3756 1086 3846 (lumitate,
1111 3759 1147 3826 in
1161 3780 1226 3844 quo
1242 3765 1384 3847 populns
1400 3769 1515 3834 Eecle

382 3862 431 3930 sie
455 3870 634 3948 permanet,
661 3881 734 3928 cum
757 3862 881 3929 eisdem
906 3883 1016 3930 eoram
1032 3864 1159 3932 comite
1173 3867 1207 3933 in
1232 3871 1352 3946 causis,
1379 3892 1444 3955 que
1469 3876 1516 3942 ad

383 3969 519 4038 Comitis
544 3968 767 4054 cognitionem
791 3969 963 4055 pertinent,
990 3990 1090 4057 agere
1104 3973 1277 4058 noluerint,
1303 3976 1432 4066 (lomes,
1457 3983 1516 4050 uel

381 4081 437 4165 qui
452 4080 522 4146 cius
538 4079 628 4145 vices
642 4078 791 4162 gesserit,
815 4097 970 4144 unacum
987 4079 1111 4146 Gemite
1128 4080 1252 4148 (luriali
1265 4083 1416 4154 Ecclesia
1430 4088 1516 4156 indi·

380 4207 456 4256 care
471 4195 630 4254 teneatur.
646 4188 683 4252 In
699 4186 846 4271 negocijs
862 4205 940 4253 uero
956 4186 1146 4253 Monasterii
1165 4191 1362 4276 Palatinum,
1389 4196 1444 4262 vel
1458 4199 1516 4266 Ju-

381 4296 487 4364 dicem
503 4293 638 4379 Regalis
654 4293 762 4378 Curie,
789 4313 885 4377 quem
900 4291 1015 4360 Abbas
1036 4295 1197 4380 maluerit,
1223 4295 1268 4363 ad
1284 4299 1355 4366 eius
1379 4305 1518 4387 peticio·

380 4425 455 4473 nem
469 4406 540 4470 Rex
564 4402 719 4488 assignet,
747 4408 780 4468 et
801 4402 911 4468 nullus
937 4402 1023 4468 alins
1049 4401 1171 4470 audeat
1195 4405 1354 4475 iudicare.
1380 4411 1516 4496 Siquis

379 4517 488 4578 autem
504 4529 576 4574 cum
591 4509 732 4593 Abbate,
749 4510 801 4576 vel
817 4529 916 4596 snper
931 4509 1042 4594 aliqua
1058 4529 1169 4595 musa,
1193 4531 1257 4596 que
1273 4513 1381 4600 ipsum
1402 4540 1516 4588 mona

379 4616 515 4684 sterium
541 4615 710 4699 contingit,
736 4635 837 4699 agere
861 4615 1007 4700 voluerit,
1038 4634 1147 4682 eoram
1173 4617 1278 4686 altero
1304 4623 1515 4695 solummodo
1615 4629 1616 4696 ἐ
