3210 5194
530 306 686 408 „grn-

23 473 25 568 ᾗ
62 500 160 570 mmeis
174 501 305 586 argenti
321 499 469 569 uendidit
483 497 695 588 perhenniter
709 497 941 587 possidendus,
961 508 994 568 et
1008 519 1169 570 summum

62 607 177 695 pecunie
201 605 403 704 unteclictem
427 607 490 676 sibi
515 607 660 676 totaliter
687 605 792 674 inisse
815 606 1026 693 persolutum,
1053 615 1086 676 et
1111 628 1170 678 sex

60 735 198 802 personas
221 715 452 784 libertinorum
471 733 612 801 sucrum,
637 733 774 800 quorum
790 715 955 784 ueesbuls
973 722 1068 783 sunt:
1087 715 1170 783 'l'ho-

61 841 116 890 mrs
137 843 205 891 cum
220 821 300 906 filio,
326 818 443 890 Albert
458 841 532 890 cum
557 821 637 906 tilio,
657 821 815 890 Kelemsn
841 828 874 890 et
892 821 1037 908 Huswet,
1062 822 1170 891 eidem

62 929 158 999 Gemiti
172 928 388 1015 uendidisset,
414 950 489 998 eum
504 935 593 999 terre
608 936 642 996 et
657 929 765 996 insule
781 928 989 1017 supradictis.
1013 930 1056 998 Vt
1069 930 1170 1016 igitur

60 1037 264 1124 possessiones
281 1036 528 1123 prenominatae
545 1035 663 1104 Comes
678 1035 821 1105 llichusl
837 1038 947 1123 quiete
962 1044 995 1105 et
1009 1038 1169 1106 imenoce

60 1144 149 1214 liliter
161 1146 276 1212 ualeat
292 1145 472 1233 possidere,
500 1151 533 1212 et
549 1150 584 1211 ut
599 1143 704 1212 eciem
721 1145 846 1214 solucio
872 1147 1009 1233 pecunie
1025 1165 1084 1233 pro
1108 1146 1169 1212 eis-

59 1251 117 1317 iem
129 1251 394 1336 possessionibus
410 1250 621 1338 solempniter
635 1249 733 1334 iectu,
753 1249 844 1338 epud
858 1249 1029 1320 uniuersos
1047 1251 1167 1320 hebes

59 1363 98 1426 tn
110 1358 302 1443 manifesta3
327 1365 496 1444 presentes
512 1357 556 1426 ud
571 1358 766 1445 peticionem
781 1359 928 1444 parcium
946 1358 1167 1427 concessimus

57 1466 161 1532 ltlnus
183 1466 290 1560 sigilli
319 1467 425 1536 nostri
443 1466 622 1534 munimine
638 1467 819 1535 roboratos.
845 1465 1096 1552 corocensem,
1120 1469 1167 1536 Si·

58 1592 142 1656 mone,
156 1572 322 1660 Philippo,
350 1575 433 1641 Hine
457 1574 603 1658 Deceno,
629 1573 794 1640 Dumiuno
817 1572 966 1657 Noturio,
997 1580 1031 1640 et
1050 1576 1166 1643 ceteris

58 1677 206 1748 &noricis
232 1681 464 1749 existentibus.
487 1682 605 1749 Actum
622 1699 707 1750 enno
723 1681 767 1748 ub
782 1678 1016 1748 incarnacione
1036 1680 1167 1747 Domini

58 1785 202 1856 millesimo
219 1787 290 1855 00⁰
300 1787 555 1873 quadragesimo
570 1788 680 1856 tercio.

56 1981 169 2048 (meletio
185 1981 367 2052 blirhtrtyin,
385 1983 495 2050 molyrlil
513 1980 629 2050 htrtytn
642 1998 659 2035 u
672 1980 802 2049 neptuim
820 1979 939 2048 pecsetp'e
952 1982 1028 2050 iflgg,
1052 1985 1164 2037 sbudei

406 2075 456 2125 kir.
470 2075 594 2153 kemsrui
607 2068 793 2135 lerelctrben.)

572 2801 628 2870 et.

52 2972 360 3064 Anckoeselercctri
384 2978 606 3062 ketptclancak
632 2979 906 3067 bizocysdqlevelc,
933 2980 1012 3066 copy
1036 2983 1166 3067 Hipolit

52 3077 171 3148 miscus
178 3085 231 3170 flu
247 3085 361 3150 melec
386 3084 525 3150 birtclcdt
542 3087 733 3152 Konstantia
748 3097 860 3154 mester
871 3086 1043 3172 secessuri
1067 3087 1163 3153 kaec-

413 3190 541 3256 minat
554 3191 673 3258 cladta.
690 3193 789 3257 1243.

136 3384 334 3452 Vniuersum
349 3381 504 3452 Albensis
529 3386 677 3453 Ecclesie
693 3384 881 3471 Ospitnlum
910 3386 1069 3473 omnibus,
1096 3390 1163 3472 qui·

49 3487 99 3555 lus
112 3498 283 3574 presentes
308 3491 416 3558 littere
440 3497 627 3577 presentste
651 3491 781 3577 inerint,
808 3493 950 3561 sulutem
974 3493 1008 3560 in
1023 3495 1163 3567 Domino

48 3599 274 3682 sempiternum.
301 3597 451 3667 Noscant
464 3600 617 3686 uniuersi,
644 3599 730 3684 quod
748 3598 908 3667 secedens
927 3601 972 3669 ed
986 3621 1047 3670 nos
1066 3605 1163 3689 Ipoli-

48 3708 89 3768 tus
109 3704 191 3772 iilius
207 3705 296 3773 Owls
319 3707 489 3793 proposuit
514 3726 625 3774 corum
642 3706 738 3776 nobis
761 3707 840 3775 uiue
864 3727 955 3794 voce,
982 3709 1164 3795 quodcum

47 3826 187 3880 consensu
201 3812 320 3881 fratris
335 3811 386 3880 sui
402 3813 507 3897 Pauli,
534 3813 589 3898 qni
605 3813 710 3881 eciem
725 3833 818 3880 suem
834 3815 929 3882 nobis
952 3817 1157 3901 presencium

47 3921 185 4007 exhibuit,
204 3931 238 3992 et
253 3925 319 3992 hoc
334 3922 423 3989 idem
440 3921 627 4008 affirmauit,
643 3928 746 3989 totum
762 3930 885 3992 terrem
900 3943 1003 4008 suum,
1024 3944 1083 3991 nec
1099 3945 1164 3992 non

47 4025 171 4096 roncum
185 4035 219 4097 et
233 4031 346 4098 locum
362 4027 551 4115 molendini,
576 4047 616 4096 ac
631 4046 759 4097 omnem
773 4027 963 4115 porcionem
985 4029 1163 4114 possessio-

48 4135 162 4223 ttrism,
180 4155 285 4220 qnam
301 4136 447 4206 habebut
463 4128 667 4207 communem
684 4137 874 4204 cumfratre
891 4156 960 4222 suo,
978 4155 1036 4204 seu
1052 4156 1110 4223 per
1128 4156 1164 4205 se

50 4235 170 4312 liuicsm
195 4245 376 4312 abeodem
403 4251 436 4311 et
455 4248 655 4332 separatum,
680 4241 883 4311 vendidisset
906 4263 965 4329 pro
990 4243 1163 4311 duodecim

50 4351 149 4417 nereis
163 4353 327 4436 Magistro
339 4351 557 4421 Constantino
573 4351 802 4421 concanonico
819 4358 940 4436 nostro,
960 4352 1055 4421 metis
1072 4353 1164 4421 vncli-

50 4471 99 4536 que
111 4459 252 4544 antiquis
263 4459 509 4546 consignatum,
520 4459 751 4530 commetsnsis
761 4478 827 4525 non
844 4457 1161 4548 contradicentibus5

50 4568 199 4646 presertim
214 4588 290 4636 cnm
314 4570 391 4656 ipse
405 4569 572 4657 possessio
588 4569 694 4657 magis
719 4567 826 4637 atinio
848 4575 946 4655 esset,
972 4575 1005 4637 et
1023 4570 1159 4639 vicinior
