3186 5188
357 542 406 561 ...
422 481 713 577 Arehiopiseopum
722 486 853 555 Prussie
869 493 902 553 et
917 485 1251 574 Estoniehpostolioe
1267 485 1360 555 Sedis
1377 473 1496 570 Lega-

355 608 433 686 tum,
450 600 557 667 virum
581 597 693 681 utiquo
708 594 887 662 seeundum
913 616 970 664 eor
985 604 1142 681 nostrum,
1170 616 1294 664 morum
1310 596 1499 662 honestate

356 709 518 790 decorum,
544 705 726 772 litterarum
741 703 881 770 seientia
903 705 1078 791 preditum,
1095 713 1129 773 et
1144 705 1275 772 consilii
1295 703 1497 771 maturitate

356 817 489 900 clarum,
516 814 572 899 qui
588 813 682 881 vobis
698 814 802 879 verba
826 813 894 880 vite
910 811 1044 900 deferet,
1070 821 1103 881 et
1118 823 1264 882 nostram
1289 820 1323 881 et
1344 812 1497 880 fratrum

355 930 539 990 nostrorum
564 919 693 1006 plenius
709 919 910 987 voluntatem
935 926 1087 1006 exponet,
1113 919 1157 986 ad
1179 927 1292 1006 partes
1310 920 1419 1004 Regni
1438 919 1495 986 tui

356 1031 531 1098 commisso
547 1029 610 1097 sibi
626 1028 660 1094 in
676 1027 801 1094 eisdem
809 1027 959 1112 partibus
975 1028 1070 1113 plene
1086 1027 1277 1112 Legationis
1300 1027 1408 1096 officio
1427 1027 1497 1092 du·

354 1137 461 1204 ximus
477 1135 718 1219 destinandum,
735 1154 892 1202 concessa
908 1135 938 1200 ei
948 1135 1053 1201 libera
1067 1141 1240 1221 potestate,
1261 1141 1296 1201 ut
1312 1134 1438 1202 evellat
1456 1140 1496 1201 et

354 1241 511 1328 destruat,
537 1241 676 1327 dissipet
701 1247 734 1306 et
750 1240 930 1328 disperdat,
956 1240 1085 1309 edificet
1101 1247 1133 1307 et
1148 1242 1285 1329 plantet,
1311 1249 1409 1327 prout
1436 1261 1493 1308 se·

354 1349 494 1417 eundum
504 1351 610 1417 Deum
619 1347 739 1416 uiderit
752 1347 919 1435 expedire.
941 1347 1103 1428 Quociroa
1113 1348 1330 1418 serenitatem
1340 1349 1491 1431 Regiam

354 1475 519 1543 rogamus,
537 1475 706 1524 monemus
722 1463 755 1523 et
770 1455 936 1524 hortamur
960 1463 1084 1525 attente
1099 1457 1303 1542 mandantes,
1323 1457 1489 1539 quatinus

352 1563 460 1632 eidem
486 1565 611 1650 Legato
637 1563 822 1651 superbiis
847 1571 880 1630 et
905 1573 1018 1632 eontra
1035 1565 1191 1648 Tartesos
1215 1563 1390 1650 impendas
1417 1564 1488 1632 sibi

352 1670 534 1758 eonsilium,
551 1671 709 1739 auxilium
727 1677 760 1736 et
774 1670 930 1757 favorem,
947 1670 1034 1754 quod
1050 1671 1169 1738 exinde
1188 1671 1275 1756 apud
1291 1673 1396 1738 Deum
1416 1691 1486 1738 me·

352 1779 459 1865 ritum,
485 1787 519 1846 et
535 1777 624 1865 apud
640 1778 790 1846 homines
805 1777 866 1845 tihi
882 1797 1052 1864 compares
1069 1797 1186 1848 nomen
1202 1778 1332 1866 bouum,
1351 1797 1486 1862 nosque

248 1887 251 1894 '
350 1884 568 1952 Serenitatem
592 1885 730 1970 Regiam
761 1885 871 1969 dignis
896 1885 1067 1952 valeamus
1090 1885 1124 1951 in
1150 1885 1291 1952 Domino
1322 1885 1482 1954 laudibus

350 1990 588 2060 commendare.
630 1993 752 2060 Datum
777 1991 928 2076 Lugduni
953 1993 992 2059 V.
1018 2012 1121 2060 nonas
1146 1990 1225 2059 llaii
1251 1991 1482 2079 (Pontificatus

348 2099 465 2184 nostri)
482 2119 568 2167 anno
584 2100 695 2170 tereio.

457 2207 484 2273 1.
502 2224 530 2274 e.
547 2227 590 2274 m.
614 2205 775 2277 universis
800 2206 922 2276 Christi
947 2208 1096 2278 fidelibus
1122 2207 1155 2275 in
1180 2209 1297 2280 Russie
1324 2209 1479 2296 partibus

349 2311 544 2381 constitutis.
1256 2397 1263 2412 Ι

681 2423 844 2492 (Turgeuev,
858 2423 894 2477 id.
908 2439 942 2476 m.
957 2426 978 2479 1.
994 2425 1050 2476 hltt.
1064 2424 1108 2477 58.
1121 2424 1150 2493 l.)

774 2687 1038 2704 *dh——n--n-—d-h

875 3133 951 3205 140.

344 3311 395 3380 Aa
420 3316 487 3401 ephi
510 3316 722 3404 kdptulunnuk
747 3319 1014 3403 bironysdplerele,
1044 3317 1127 3405 kopp
1151 3317 1266 3404 Kyaiau'
1293 3319 1420 3384 Choana·
1444 3323 1490 3384 ea'

345 3422 453 3488 Intacta
465 3423 575 3508 pred
591 3429 669 3489 meod
694 3425 864 3490 hirtolrulrut
879 3425 980 3491 Jakat
990 3431 1035 3490 ·e¹a
1050 3425 1181 3508 Iodnlsa,
1207 3425 1336 3512 Mdtpda
1345 3425 1476 3508 fiua'aulc

783 3531 916 3613 eladtdh,
935 3531 1032 3598 1246.

454 3706 615 3774 Omnibus
641 3706 763 3776 Christi
788 3708 956 3795 fidelihus,
982 3709 1025 3776 ad
1050 3729 1132 3792 quos
1156 3729 1290 3797 presens
1314 3709 1473 3795 seriptum

342 3813 536 3897 peruenerit,
553 3814 723 3899 agriensis
739 3816 886 3884 Eeelesie
903 3817 1056 3886 deuotum
1072 3817 1258 3904 Capitulum
1278 3799 1420 3885 salntem
1437 3816 1471 3883 in

343 3918 483 3987 Domino
499 3921 579 3988 Jesu
595 3919 735 3990 Christo.
753 3923 805 3988 Ad
823 3922 1045 3992 uniuersitatis
1062 3931 1168 3992 vestre
1188 3923 1343 3992 noticiam
1359 3934 1499 3992 tenore*

342 4027 547 4112 presencium
559 4028 710 4096 volumus
726 4031 908 4115 peruenire,
925 4032 1013 4116 quod
1028 4029 1189 4099 accedens
1205 4031 1249 4098 ad
1265 4031 1471 4116 presenciam

341 4141 487 4204 nostram
504 4135 631 4204 Chanar
656 4137 743 4205 filius
757 4138 926 4225 Stephani,
953 4145 986 4206 et
1001 4139 1187 4226 Stephanus
1212 4139 1298 4206 filius
1326 4140 1472 4205 eiusdem

342 4240 385 4308 de
400 4243 506 4328 Kynis
522 4264 564 4310 ex
580 4265 646 4313 vna
662 4255 774 4331 parte,
800 4247 878 4314 item
894 4249 1038 4316 lacobus
1055 4254 1088 4314 et
1103 4247 1242 4316 Iwanha
1259 4246 1317 4331 lilij
1336 4246 1471 4330 blathye

340 4347 399 4432 filij
415 4350 551 4436 Rugaoh
577 4353 618 4419 de
632 4355 758 4441 Seepus
774 4376 816 4421 ex
832 4355 956 4442 alteru3
983 4356 1070 4424 idem
1087 4355 1214 4422 Chanar
1241 4363 1272 4421 et
1287 4352 1374 4420 filins
1391 4372 1469 4420 suus

340 4466 576 4541 proposuerunt
591 4480 702 4527 eoram
718 4461 820 4545 nobis,
848 4462 936 4544 quod
952 4459 1115 4546 quandam
1135 4468 1257 4528 terram
1273 4479 1376 4545 suam,
1405 4478 1469 4544 que
1576 4497 1577 4502 κ

340 4560 454 4646 Fyged
471 4571 617 4652 vocatur,
644 4568 832 4654 orruptioiarn
849 4569 952 4654 patris
969 4571 1115 4652 eiusdem
1133 4569 1268 4652 Chanar,
1296 4568 1335 4634 de
1353 4568 1465 4633 volun·
