3210 5194
915 906 993 975 loa.

385 1093 446 1158 IV.
463 1089 544 1158 Be'lu
561 1088 736 1174 diretiynulc
753 1087 933 1172 odomdnya
948 1085 1054 1150 Deuca
1068 1083 1129 1150 bdu
1147 1087 1179 1149 fs
1193 1085 1374 1150 caloeonici
1391 1086 1527 1172 derczep

811 1199 967 1259 aerima'ru.
984 1195 1081 1258 1244.

493 1393 534 1458 In
550 1390 679 1459 nominc
697 1387 817 1455 Sancte
838 1387 1010 1454 Trinitatis
1027 1394 1060 1454 ct
1075 1385 1246 1453 Indiuidua
1263 1386 1413 1453 Vnitatis.
1432 1386 1525 1454 Bela

384 1501 448 1567 Dei
465 1501 579 1586 gracia
595 1498 774 1582 Hungarie‚
792 1495 972 1579 Dalmacie‚
990 1493 1135 1578 Oroacie,
1153 1495 1265 1578 Rame,
1293 1494 1418 1578 Seruie,
1437 1495 1523 1574 Gal·

383 1608 468 1692 licie,
481 1606 672 1676 Lodomerie
689 1604 911 1688 (inmaniaque
924 1606 994 1671 Rex
1013 1603 1046 1670 in
1062 1609 1262 1689 perpetuum.
1280 1601 1422 1670 Grandis
1434 1603 1517 1670 enni·

384 1716 535 1782 nennium
559 1715 701 1782 uirorum
718 1712 860 1779 fidelitas
886 1708 1043 1795 grandem
1060 1709 1151 1797 apud
1174 1710 1318 1777 illustres
1338 1719 1370 1778 et
1387 1710 1518 1796 magni-

382 1823 460 1892 ficos
486 1821 761 1890 remuneracionis
787 1820 933 1906 graciam
958 1825 1177 1905 promeretur,
1211 1824 1243 1882 et
1268 1819 1408 1884 maxime
1437 1838 1516 1884 cum

385 1929 567 1996 eminencia
584 1949 693 1996 eorum
709 1926 877 1994 fidelitatis
903 1945 1004 2013 opera
1021 1945 1077 2012 per
1094 1925 1258 2008 quandam
1278 1925 1373 2009 quasi
1389 1925 1520 1991 violen-

386 2037 470 2102 ciam
492 2036 708 2121 requiruntur.
735 2032 875 2100 Proinde
902 2032 945 2098 ad
965 2032 1187 2099 uniuersorum
1212 2039 1280 2098 tam
1305 2032 1516 2116 presencium

386 2163 483 2228 quam
509 2150 712 2230 posterorum
737 2139 891 2208 noticiam
918 2141 1033 2206 harum
1049 2139 1132 2205 serie
1158 2141 1309 2206 volumus
1324 2141 1512 2226 peruenire,

386 2249 474 2333 quod
499 2249 698 2336 predilectus
723 2255 754 2312 et
770 2245 878 2313 fidelis
902 2253 1013 2312 noster
1038 2245 1217 2330 Dyonisins
1243 2245 1353 2312 Bonus
1378 2257 1410 2312 ct
1435 2247 1515 2312 Dux

385 2356 489 2424 tocius
504 2355 681 2423 Sclauonie
706 2361 854 2420 atenera
874 2353 981 2419 adhuc
1006 2358 1094 2418 etate
1116 2359 1228 2417 nostra
1255 2351 1376 2437 pariter
1403 2359 1437 2418 et
1454 2371 1518 2416 sua

384 2460 578 2544 inseruiens,
595 2459 734 2526 fideliter
754 2478 871 2543 regens
887 2467 919 2524 et
935 2457 1080 2542 dirigens
1097 2475 1229 2541 gressus
1246 2477 1322 2524 suos
1339 2456 1516 2525 derirtnte

384 2566 577 2637 multimoda
593 2566 761 2634 fidelitatis
770 2566 997 2652 multiplicium
1009 2585 1142 2652 opernm
1162 2565 1315 2650 produxit
1331 2566 1361 2630 in
1374 2566 1514 2634 virtutes

383 2695 443 2762 pro
470 2675 610 2742 utilitate
636 2681 747 2742 nostra
763 2680 797 2740 et
812 2674 918 2758 Regni
935 2673 1049 2757 nostri,
1066 2691 1241 2759 personam
1265 2691 1358 2738 suam
1384 2673 1515 2740 carissi-

384 2801 470 2848 mam
487 2782 628 2847 simulet
646 2801 697 2848 res
715 2781 905 2868 exponendo
931 2779 1070 2847 fideliter
1087 2788 1120 2846 et
1135 2778 1271 2845 viriliter
1288 2779 1396 2863 dubiis
1417 2799 1515 2845 euen-

384 2888 472 2955 tibus
489 2897 521 2954 et
546 2887 701 2974 fortunis;
721 2897 853 2974 propter
877 2907 939 2972 que
965 2889 1001 2954 in
1017 2886 1210 2972 Magistrum
1226 2887 1419 2970 Agaronum
1447 2906 1514 2952 me·

385 3003 499 3061 ruerat
513 2994 624 3081 prefici
642 3015 662 3060 a
678 2995 783 3078 nobis,
801 2995 941 3081 amplius
958 2994 1062 3060 eciam
1080 2991 1301 3080 preferendus.
1326 2993 1369 3058 st
1386 2999 1420 3058 vt
1438 3011 1513 3075 que·

385 3104 461 3171 darn
478 3104 518 3171 de
535 3105 656 3187 multis,
685 3111 841 3187 tanquam
858 3105 893 3169 in
908 3123 965 3171 sue
981 3103 1150 3170 fidelitatis
1167 3101 1295 3186 deliciJs
1316 3100 1513 3169 delectando

383 3211 611 3280 nominetenus
637 3211 800 3297 exprimat
825 3233 916 3278 mens
941 3213 1094 3296 Regalis3
1122 3211 1153 3276 in
1178 3211 1330 3276 conflictu
1354 3210 1512 3296 generali,

385 3317 472 3400 quod
496 3316 669 3383 habuimus
695 3317 729 3383 in
744 3319 864 3402 Soyow
890 3337 962 3383 cum
988 3325 1084 3400 gente
1115 3315 1271 3402 pestifera
1286 3316 1511 3400 Tartarorum,

385 3423 563 3490 intuieionc
579 3443 717 3509 persone
743 3431 853 3490 nostre
871 3443 976 3510 sagax
993 3430 1025 3488 et
1041 3431 1193 3490 strenuus
1210 3421 1317 3489 extitit
1340 3423 1513 3492 laudabili·

383 3535 434 3596 ter
460 3529 646 3614 pugnando.
679 3531 887 3599 Postmodum
914 3552 1001 3616 vero,
1028 3551 1098 3596 cum
1126 3531 1170 3596 ad
1194 3537 1305 3617 partes
1330 3533 1511 3599 maritimas

385 3655 603 3719 vergeremus,
631 3657 795 3723 nunquam
812 3660 848 3706 se
865 3658 886 3703 a
904 3645 1017 3704 nostra
1034 3645 1282 3720 nostrorumque
1301 3637 1512 3706 familiarium

384 3743 533 3810 custodia
549 3743 727 3830 elongauit,
746 3746 886 3833 peruigil
908 3753 940 3812 et
955 3746 1097 3812 intentus
1114 3748 1202 3812 circa
1224 3749 1510 3833 recuperationem

384 3853 635 3938 prosperitatum
655 3859 859 3936 nostrarum,
886 3872 969 3937 quas
994 3873 1032 3920 eo
1059 3859 1202 3937 tempore
1229 3853 1359 3922 anobis
1385 3853 1511 3920 subtra-

383 3967 477 4025 xerat
493 3978 609 4024 manus
625 3959 698 4025 Dei.
719 3961 761 4026 Et
778 3960 855 4043 quia
871 3958 1061 4026 dulcissima
1078 3957 1245 4025 fidelitatis
1266 3960 1335 4026 eius
1352 3960 1511 4045 obsequia

384 4083 457 4129 eum
482 4064 524 4131 ad
540 4065 677 4131 alciores
704 4064 827 4148 gradus
843 4072 951 4130 nostre
977 4065 1089 4146 gracie
1114 4066 1229 4133 merito
1256 4066 1449 4150 extulerant,
1477 4066 1511 4132 iu

382 4169 508 4235 Banum
534 4179 567 4237 ct
590 4171 717 4237 Ducem
743 4171 848 4238 tocius
874 4170 1047 4238 Sclauonie
1073 4171 1267 4257 prefecimus
1293 4173 1441 4258 eundem,
1470 4193 1509 4240 ex

382 4276 474 4342 cuius
498 4275 596 4360 cfficij
624 4276 744 4360 debito,
775 4277 859 4344 sicut
874 4277 1077 4344 diuersarum
1093 4279 1238 4345 Ducatus
1264 4279 1409 4346 eiusdem
1436 4300 1509 4365 par·

382 4384 468 4449 cium
483 4380 727 4451 defensionibus
745 4402 818 4450 enm
836 4382 905 4450 fore
922 4384 1175 4451 intentissimum
1187 4384 1369 4469 oportebat,
1387 4384 1435 4452 sic
1450 4406 1511 4472 per

381 4487 601 4556 diuersimoda
624 4491 732 4577 prelia
747 4489 881 4558 diuersa
905 4492 938 4556 in
956 4492 1087 4577 proprio
1104 4511 1241 4577 corpore
1264 4492 1422 4578 stigmata
1438 4513 1507 4561 sus-

380 4595 475 4680 cepit,
501 4594 552 4660 vir
576 4602 735 4680 strennus,
760 4597 910 4684 adprime
935 4595 1140 4682 dimicando,
1169 4618 1306 4684 quorum
1330 4598 1499 4667 cicatrices
