3226 5194
633 341 790 448 —Q

141 519 215 582 tant
229 527 420 610 peccatum;
447 531 479 592 ct
495 529 524 595 si
539 529 741 606 dimitterent
756 541 881 611 frenum
896 547 932 613 in
948 568 1004 618 ore
1020 554 1095 637 equi
1111 557 1172 644 sui,
1193 557 1270 629 dum

141 620 279 692 deberet
293 631 397 716 pasci,
415 629 583 707 crederent
594 643 699 712 Deum
716 647 894 721 offendisse
910 662 942 723 ct
958 661 1140 730 mortaliter
1156 687 1271 752 peccau

142 731 242 798 visse.
271 735 537 811 Fomicaciouem
562 755 595 814 et
620 750 783 822 luxuriam
808 780 873 828 non
899 773 1052 851 reputant
1081 781 1268 864 peccatum5

141 855 262 908 uxores
286 839 408 914 ducunt
432 851 560 939 plures;
592 863 625 922 et
649 871 777 946 oportet
803 871 979 938 secundnm
1004 881 1269 951 consuetudinem

141 963 266 1032 eorum,
283 952 369 1032 quod
380 957 544 1043 accipiant
554 983 726 1036 novercam
736 983 811 1056 post
822 976 943 1044 obitum
956 983 1070 1071 patris,
1088 994 1121 1052 et
1137 1007 1270 1071 uxorem

141 1053 247 1120 eciam
264 1057 386 1145 fratria,
413 1072 445 1132 et
460 1069 580 1138 coitum
596 1072 721 1143 iaciunt
736 1099 808 1148 cum
826 1083 959 1158 eisdem.
986 1091 1116 1160 Tartari
1131 1096 1167 1162 in
1182 1095 1269 1168 lacto

140 1179 306 1234 armorum
331 1176 407 1236 sunt
432 1178 557 1245 strenui
583 1179 776 1273 bellatores3
802 1191 876 1276 plns
902 1215 1000 1280 quam
1025 1199 1090 1267 alie
1114 1205 1270 1275 naciones

140 1279 216 1337 sunt
232 1291 291 1341 sno
307 1275 438 1348 domino
464 1283 662 1356 obedientes.
689 1292 731 1359 Et
746 1295 895 1368 dominus
911 1311 1021 1389 potest
1045 1309 1088 1374 ab
1107 1311 1155 1378 eis
1181 1314 1268 1379 acci·

139 1394 219 1460 pere
235 1385 267 1444 et
291 1383 420 1452 auferre
445 1389 604 1477 quidquid
629 1397 698 1463 vult
712 1402 838 1488 absque
864 1411 1124 1483 contradicoione
1148 1437 1267 1486 eorum.

140 1483 179 1547 In
205 1488 351 1555 exercitu
376 1499 608 1567 commorando
634 1501 784 1576 dominus
809 1512 891 1598 ipsis
908 1515 989 1584 nibil
1015 1518 1095 1588 dare
1117 1527 1264 1612 tenetur,

138 1589 206 1658 imo
220 1593 335 1662 vivunt
359 1598 401 1666 de
416 1605 650 1677 venationibus
674 1619 708 1680 et
723 1618 844 1704 predis,
871 1641 953 1705 quas
979 1634 1092 1696 contra
1116 1630 1265 1702 inimicos

138 1698 308 1782 amouere
332 1718 477 1789 possunt.
505 1710 642 1790 Quando
667 1719 800 1790 Tartari
822 1727 1048 1811 ingrediuntur
1074 1743 1205 1826 terram,
1230 1742 1264 1808 in

139 1825 206 1888 qua
231 1808 366 1878 credunt
389 1813 579 1886 victualium
611 1828 782 1908 penuriam
807 1832 973 1922 invenire,
1006 1839 1127 1909 ducunt
1155 1864 1263 1914 secum

138 1932 251 1999 equas,
278 1937 397 1988 vaccas
413 1932 446 1988 et
462 1924 530 1992 alia
545 1929 713 2018 animalia,
739 1943 772 2002 ct
788 1937 955 2009 decorum
980 1945 1065 2014 lacte
1085 1951 1205 2039 vivunt,
1231 1961 1265 2020 et

137 2039 252 2089 carnes
283 2043 438 2110 equorum
464 2033 637 2104 comedunt
662 2041 793 2123 quando
818 2045 948 2117 habeut.
979 2053 1108 2124 Tartari
1136 2061 1263 2144 equites

136 2134 212 2195 sunt
235 2132 351 2220 agiles,
375 2143 409 2203 et
424 2139 458 2204 in
475 2141 587 2227 armis,
613 2151 768 2235 precipue
793 2156 942 2242 arcubus,
968 2159 1051 2228 bene
1070 2163 1176 2253 docti,
1202 2169 1262 2236 sed

134 2234 264 2319 pedites
281 2261 344 2306 uon
360 2256 498 2330 possunt
522 2250 673 2320 incedere
689 2259 754 2325 nisi
770 2261 874 2346 pigre.
902 2263 1040 2343 Quando
1060 2273 1261 2358 capitaneus

135 2343 347 2416 Tartarornm
363 2350 396 2416 in
413 2355 515 2438 prelio
526 2360 578 2424 vel
594 2361 675 2428 alibi
693 2369 831 2454 precipit
846 2371 981 2460 aliquid,
1003 2378 1154 2446 continuo
1167 2402 1261 2452 unns·

133 2451 271 2536 quisque
295 2459 396 2543 novit,
424 2461 502 2544 quid
527 2464 637 2534 facere
663 2470 782 2541 debeat
807 2485 840 2542 et
864 2478 944 2562 quid
969 2485 1140 2572 expediat5
1173 2490 1259 2558 unde

132 2561 258 2645 absque
274 2564 387 2632 labore
401 2569 444 2635 ab
460 2591 570 2638 eorum
588 2576 766 2662 capitaneo
783 2585 1015 2665 gubemantnr
1034 2593 1164 2661 Tartari
1184 2608 1260 2666 sunt

132 2669 231 2736 valde
257 2673 396 2740 subtiles
421 2683 454 2742 et
480 2677 641 2764 ingeniosi
666 2692 698 2750 et
713 2707 852 2771 sagaces
877 2692 921 2756 ad
947 2701 1200 2780 expugnandum
1226 2712 1258 2772 ct

132 2779 329 2874 capiendum
345 2784 495 2852 civitates
511 2793 544 2853 et
560 2796 677 2858 castra.
704 2794 835 2860 Tartari
851 2817 979 2883 semper
996 2813 1134 2884 querunt
1149 2830 1257 2894 prero-

132 2889 277 2970 gativam
295 2897 409 2958 contra
424 2892 572 2964 inimicos
587 2919 675 2984 suos,
702 2909 733 2967 et
749 2906 982 2993 avautagium;
1010 2917 1043 2976 et
1058 2932 1121 2981 non
1138 2926 1188 2984 est
1204 2940 1255 2986 vc·
1372 2997 1373 3000 ,

128 2999 286 3066 recundia
310 3002 423 3087 lugere
447 3004 531 3072 inter
555 3027 622 3093 cos,
652 3008 680 3074 si
706 3009 786 3096 luga
801 3014 833 3080 in
855 3018 1059 3086 commodum
1086 3024 1173 3092 cedit
1197 3030 1254 3097 eis.

128 3105 260 3172 Tartari
276 3109 361 3174 hanc
376 3110 498 3179 habent
523 3116 765 3199 prerogativam
782 3120 866 3190 inter
882 3124 966 3191 alias
986 3129 1150 3218 naciones,
1168 3137 1254 3219 quod

128 3213 157 3278 si
175 3215 295 3280 luerint
311 3216 345 3281 in
361 3236 477 3306 campo
494 3220 571 3288 belli
597 3231 712 3291 contra
726 3226 875 3296 inimicos
892 3253 968 3299 suos
985 3256 1043 3320 per
1063 3240 1152 3308 acies
1167 3244 1253 3310 crdi-

128 3321 209 3407 nati,
234 3321 263 3389 si
288 3324 448 3408 placuerit
473 3327 531 3413 eis,
562 3331 701 3415 prelium
726 3333 934 3426 inchoabunt,
958 3342 987 3408 si
1011 3363 1088 3410 vero
1115 3351 1252 3434 pralium

126 3430 289 3495 voluerint
314 3431 456 3517 evitare,
482 3435 605 3502 inimici
631 3459 703 3506 cum
729 3443 778 3508 eis
803 3463 868 3510 non
892 3452 1044 3532 poterunt
1067 3452 1150 3522 inire
1175 3476 1252 3526 oon·

127 3536 262 3604 dictum.
287 3537 424 3607 Preliari
440 3561 513 3610 oum
529 3545 679 3615 Tartaris
696 3557 746 3618 est
762 3552 859 3621 valde
877 3557 1108 3644 periculosum,
1125 3565 1204 3649 quia
1217 3569 1252 3635 in

127 3665 192 3712 uno
218 3667 321 3732 parno
345 3649 430 3718 bello
455 3651 666 3724 Tartarorum
691 3658 802 3744 plures
828 3665 1006 3733 moriuntur
1031 3676 1088 3736 aut
1111 3671 1252 3743 letaliter

128 3756 348 3842 vulnerantur,
366 3778 464 3842 quam
481 3759 512 3825 in
530 3782 594 3831 uno
610 3765 678 3832 alto
695 3786 814 3853 magno
830 3775 932 3856 prelio
948 3775 1249 3852 alteriusnacionis.

125 3863 168 3927 nt
182 3863 245 3929 boc
260 3869 310 3930 eat
334 3872 466 3952 propter
481 3870 622 3952 sagittus
638 3878 671 3939 et
685 3893 793 3961 arcus,
819 3898 900 3963 quos
927 3883 1100 3965 proiiciunt
1123 3885 1250 3958 fortiter

124 3975 157 4034 et
176 3969 316 4057 directc;
343 3979 376 4039 et
391 3981 468 4042 sunt
482 3975 530 4043 ita
555 3979 643 4046 docti
659 3981 694 4045 in
719 3989 789 4050 arte
813 3984 999 4073 sagittandi,
1024 3990 1113 4073 qnod
1137 4011 1248 4065 eorum

122 4077 243 4160 sagitte
259 4078 327 4146 iere
342 4088 515 4166 penetrant
531 4105 625 4152 omne
641 4107 744 4170 genus
760 4109 935 4158 armorum.
962 4092 1101 4171 Quando
1116 4099 1247 4172 Tartari

121 4183 337 4270 debellantur,
355 4206 468 4254 omues
485 4190 581 4257 simul
602 4193 730 4276 lugiunt
746 4216 805 4281 per
820 4202 945 4264 turmas
962 4205 995 4266 et
1011 4202 1100 4269 acies
1117 4207 1246 4278 ordina·

121 4298 192 4376 tas,
219 4295 370 4378 persequi
386 4314 465 4363 vero
491 4297 565 4364 illos
591 4305 641 4366 cst
657 4301 753 4367 valdc
777 4304 1005 4391 periculosum,
1032 4328 1130 4390 quum
1145 4323 1243 4385 retro-

121 4399 225 4484 grade
241 4401 382 4485 sagittas
393 4403 517 4470 iaciunt
532 4404 696 4491 fugiendo,
718 4413 750 4474 ot
760 4428 859 4492 equos
871 4419 903 4475 et
918 4413 1063 4482 homines
1073 4419 1248 4490 vulnerant

119 4513 152 4571 ct
167 4507 328 4574 occidunt.
347 4509 507 4598 Preterea,
519 4513 648 4595 qnando
659 4515 770 4581 vident
779 4516 926 4584 homines
937 4516 1094 4590 dissolute
1112 4545 1245 4612 sequen·

118 4616 176 4700 les,
204 4635 241 4681 se
256 4621 387 4685 vertunt
410 4617 561 4687 continuo
579 4639 677 4705 super
703 4621 789 4707 illos,
816 4632 848 4689 et
865 4645 943 4710 sepe
960 4627 1090 4714 accidit,
1116 4635 1171 4716 qni
1189 4639 1244 4705 tri·

1024 4744 1083 4803 ab*
