3186 5188
862 313 1020 424 ygl-

372 477 623 586 subiaoencium,
649 507 744 586 prout
767 501 862 568 nobis
887 522 946 589 per
969 503 1076 590 ipsum
1101 503 1271 572 Albertum
1293 503 1519 593 Propositum

370 608 524 692 constitit,
541 609 603 677 hoc
618 608 731 676 ordine
748 609 987 695 distinguntur:
1013 612 1133 699 Incipit
1149 613 1235 679 enim
1250 615 1359 699 prima
1376 618 1472 680 meta¹
1489 631 1516 678 a

370 723 464 805 purte
480 715 640 801 orientali,
657 723 689 781 et
700 723 923 784 commetanea
939 723 989 784 est
997 724 1084 785 terre
1093 715 1232 786 donatis
1248 718 1289 786 de
1298 719 1490 804 Zerempch
1504 742 1514 803 ;

370 824 488 891 deinde
504 824 608 892 tendit
623 823 667 889 ad
683 824 801 890 flumen
813 826 1001 912 Zercmpch‚
1021 833 1053 893 et
1068 826 1275 895 ascendendo
1284 827 1378 894 iuxta
1393 827 1514 914 ipsum

369 931 489 1000 flumen
504 937 593 998 tenet
608 938 728 998 metam
744 951 818 998 cum
833 937 922 999 terra
937 933 1049 1018 Moza;
1068 933 1144 1000 hinc
1159 934 1357 1002 transeundo
1380 953 1514 1019 aquarn

369 1039 459 1106 venit
475 1039 518 1105 ad
534 1050 655 1105 terrem
670 1039 810 1106 Abbatis
829 1042 1010 1127 memorati,
1038 1048 1070 1107 et
1085 1040 1131 1107 ibi
1146 1039 1342 1109 circueundo
1359 1049 1514 1108 montem

368 1167 467 1214 vnum
491 1147 596 1213 tendit
621 1167 734 1213 versus
762 1147 968 1233 aquilonem,
1000 1154 1032 1216 et
1056 1155 1145 1214 tenet
1168 1154 1287 1214 metam
1316 1168 1390 1214 cum
1413 1153 1515 1214 terra

368 1256 477 1338 Rege;
494 1253 612 1320 deinde
628 1253 720 1320 vadit
745 1255 788 1321 ad
809 1255 986 1341 predictum
1003 1239 1121 1323 flumen
1136 1255 1318 1342 Zeremch5
1338 1256 1416 1323 hinc
1432 1276 1513 1342 pro-

369 1361 514 1429 cedendo
531 1381 589 1448 per
598 1359 774 1449 planiciem
791 1363 835 1430 ad
850 1373 968 1430 terram
978 1365 1119 1448 Peturd;
1140 1362 1260 1430 deinde
1277 1371 1513 1431 autemreuer·

369 1469 446 1536 titur
462 1469 506 1534 ed
521 1468 662 1555 priorem
679 1475 819 1555 metem3
846 1479 879 1538 et
895 1472 944 1539 sic
959 1480 1044 1539 mete
1062 1471 1322 1558 supradictarum
1337 1477 1510 1538 terrerum

369 1577 465 1645 Ound
480 1579 704 1645 terminantur.
733 1581 775 1647 Vt
790 1587 900 1647 autem
916 1581 976 1647 hec
991 1601 1013 1646 a
1028 1581 1123 1648 nobis
1139 1581 1228 1648 facta
1248 1579 1385 1648 donacio
1401 1581 1512 1646 robur

369 1686 515 1754 obtineat
540 1692 696 1773 perpetue
720 1685 894 1773 firmitatis,
924 1707 984 1754 nec
1009 1688 1114 1773 possit
1138 1687 1182 1754 ab
1208 1686 1318 1773 aliquo
1344 1705 1508 1772 processu

369 1802 549 1879 temporum
566 1793 600 1859 in
616 1793 741 1861 irritum
757 1795 916 1878 reuocari,
942 1804 1111 1883 presentes
1128 1793 1347 1862 concessimus
1370 1793 1508 1862 litteras

368 1899 508 1985 duplicis
526 1901 628 1985 sigilli
643 1901 750 1968 nostri
760 1903 937 1969 munimine
947 1903 1129 1971 roboratas.
1146 1903 1267 1968 Datum
1283 1921 1370 1967 anno
1387 1901 1507 1984 gracie

369 2010 414 2074 Μο
424 2007 491 2075 (10ο
500 2009 575 2074 XL⁰
590 2010 739 2095 septimo,
757 2011 899 2078 seeundo
925 2029 1029 2080 nonas
1043 2009 1176 2096 Aprilis,
1197 2009 1302 2094 Regni
1318 2017 1429 2076 eutem
1445 2029 1506 2076 no-

367 2115 425 2182 stri
443 2135 529 2182 anno
545 2114 746 2186 duodecimo.

368 2309 400 2380 (l.
413 2311 496 2377 Lajos
509 2309 653 2378 kirtlynalr
672 2312 781 2364 reue-lei
803 2310 964 2378 megerdsltd
982 2310 1231 2380 privilegiumtbdl,
1251 2311 1362 2365 abudai
1382 2311 1436 2366 kir.
1449 2313 1503 2364 ka·

789 2398 1074 2468 manulevelrtrbnn.)

812 2700 821 2714 ,
947 2699 956 2704 .,
1026 2699 1048 2714 ¹.

891 3215 968 3290 150.

366 3417 427 3484 IV.
452 3417 531 3484 Belo
555 3418 658 3505 kireily
683 3417 815 3500 Furios,
841 3419 999 3504 Zepere'uc'
1026 3419 1143 3484 Tenuis
1155 3419 1271 3503 ficinek
1296 3419 1493 3506 osopenpedc',

539 3529 618 3615 kopp
634 3529 813 3594 birtekdbeu
830 3536 896 3593 erdo
911 3530 1001 3594 vdent
1016 3530 1189 3614 epithema.
1213 3523 1313 3592 12217.

470 3741 552 3805 Belo
576 3740 639 3806 Dei
665 3739 778 3825 gracia
802 3737 980 3824 Hungarie,
1000 3737 1182 3824 Delmaeie,
1210 3737 1354 3823 Crescie,
1381 3739 1496 3823 Reme,

365 3846 486 3933 Seruie,
505 3845 867 3933 Gallieie,Lodomerie‚
888 3845 1107 3930 Cumanieque
1117 3847 1187 3911 Rex
1205 3845 1353 3912 omnibus
1369 3845 1493 3912 Christi

364 3955 514 4022 fidelibus
532 3960 699 4041 presentes
709 3955 836 4020 litteras
850 3953 1047 4039 inspecturis
1062 3953 1201 4019 salutem
1217 3953 1251 4017 in
1268 3951 1411 4019 omnium
1428 3955 1495 4019 sel-

364 4071 487 4131 uatore.
506 4063 764 4150 Circumspeccm
783 4063 907 4146 Regum
924 4060 1064 4146 prouida
1087 4059 1258 4146 condignis
1275 4061 1409 4145 premijs
1427 4060 1492 4125 sibi

364 4171 619 4254 obsequentibus
644 4189 810 4236 occurrere
828 4167 1006 4251 consueuit,
1028 4173 1063 4234 vt
1078 4166 1134 4253 alij
1152 4186 1264 4234 eorum
1280 4166 1431 4253 exemplo
1448 4166 1492 4232 ad

362 4277 529 4343 fidelitatis
547 4294 648 4361 opera
672 4273 793 4342 sorcius
819 4272 1049 4339 accendentur.
1075 4271 1127 4337 Ad
1142 4273 1366 4338 uniuersorum
1391 4270 1491 4354 igitur

362 4383 515 4452 noticiam
532 4390 599 4448 tam
615 4381 820 4468 presencium
838 4401 934 4465 quam
954 4388 1158 4465 posterorum
1169 4379 1284 4446 herum
1300 4378 1386 4444 serie
1400 4376 1492 4444 volu·

363 4513 433 4557 mus
447 4491 627 4577 peruenire,
655 4489 742 4573 quod
758 4510 831 4556 curn
847 4489 1023 4554 Farcasius
1043 4489 1128 4555 lilius
1144 4485 1269 4555 Thome
1289 4486 1330 4552 de
1346 4487 1490 4579 Zagatis

362 4599 556 4684 multiplicia
572 4596 710 4664 seruicia
732 4597 825 4663 nobis
843 4595 1065 4682 impendisset,
1091 4593 1232 4662 maxime
1248 4600 1392 4680 tempore
1408 4593 1489 4658 Tur-
