3210 5194
368 1009 425 1075 IX.
450 1005 584 1093 Gcrpcly
605 1005 694 1091 pdpa
711 1021 749 1063 aa
774 994 958 1080 esampcmi
982 991 1108 1074 becket,
1134 1015 1149 1055 a
1176 987 1502 1075 Mapyurorczdpaalc

624 1105 692 1172 uolt
702 1101 868 1193 pdepdkcr't
883 1099 1025 1166 Remum
1041 1097 1139 1184 biarja.
1156 1098 1253 1160 1241.

479 1286 657 1376 Gregorius
685 1282 867 1367 Episcopus
892 1296 1006 1345 seruus
1037 1295 1203 1342 seruorum
1229 1273 1292 1340 Dei
1316 1271 1506 1338 venerabili

372 1398 465 1466 fratri
548 1389 802 1476 archiepiscopo
819 1383 1037 1468 strigoniensi
1063 1384 1203 1450 salntem
1225 1389 1257 1448 ct
1273 1382 1505 1467 Apostolicam

373 1501 641 1572 benedictionem.
668 1499 790 1564 Etenna
806 1493 1012 1580 providentia
1035 1491 1209 1558 conditoris
1225 1492 1379 1558 Sanctam
1394 1497 1427 1556 et
1443 1491 1506 1555 im-

373 1611 571 1676 maculatam
585 1604 768 1672 Ecclesiam
791 1621 812 1667 a
828 1619 886 1666 rue
901 1598 1102 1665 fundationis
1126 1596 1260 1665 exordio
1277 1615 1315 1662 eo
1330 1596 1435 1664 voluit
1451 1615 1507 1661 or·

372 1718 448 1784 dine
465 1713 650 1801 gnbemari,
678 1717 713 1778 ut
727 1708 784 1776 uni
799 1707 936 1794 pastori,
962 1706 1135 1792 potestatis
1159 1704 1394 1793 plenitudinem
1418 1704 1507 1771 obti-

370 1826 473 1909 nenti,
491 1821 590 1890 ceteri
606 1827 732 1907 partem
747 1814 976 1885 sollicitudinis
993 1821 1206 1898 assumentes,
1228 1821 1383 1895 tanquam
1400 1831 1505 1880 mem-

373 1935 434 2001 bra
462 1933 574 2020 capiti,
600 1926 843 1995 communicatis
871 1925 1062 1991 alterutrum
1087 1923 1326 2008 emergentibus
1355 1920 1505 2004 casibus,

373 2042 492 2108 unione
501 2035 719 2104 indissolubili
734 2032 933 2116 cohererent,
950 2052 1008 2116 per
1024 2051 1122 2115 quam
1138 2031 1186 2097 eis
1202 2031 1413 2097 consensibus
1430 2049 1502 2094 mu·

374 2145 611 2228 tuirsolidatis,
633 2146 731 2229 caput
741 2139 975 2206 famulantibus
986 2137 1139 2206 membris
1150 2138 1297 2222 vigorem
1306 2143 1502 2221 assumeret,

376 2263 408 2322 et
433 2252 650 2321 membrorum
675 2247 818 2316 conditio
844 2246 885 2312 de
911 2247 961 2312 sui
986 2245 1139 2332 principii
1163 2245 1278 2313 robore
1304 2245 1504 2310 firmaretur.

375 2361 462 2441 Quia
470 2359 570 2444 igitur
586 2354 728 2441 grandes
739 2354 928 2440 Apostolice
943 2352 1037 2420 Sedis
1054 2358 1189 2421 eventus
1200 2360 1232 2419 et
1248 2371 1342 2418 casus
1361 2357 1395 2417 te
1411 2350 1507 2435 iguo-

375 2487 450 2536 rare
466 2487 531 2534 non
547 2465 708 2548 convenit,
733 2470 891 2547 tanquam
906 2461 1125 2527 necessarium
1141 2459 1255 2527 matris
1275 2460 1420 2526 Ecclesia
1436 2477 1506 2524 mu·

380 2576 567 2659 nimentnm‚
593 2578 727 2658 propter
750 2588 813 2654 que
827 2569 1025 2635 necessitate
1051 2575 1187 2652 urgente
1202 2573 1292 2633 tuam
1317 2572 1349 2632 et
1364 2565 1506 2632 aliorum

378 2683 527 2748 ridemus
554 2679 758 2765 presenciam
783 2676 957 2762 plurimum
973 2681 1176 2761 oportunam,
1201 2673 1438 2740 fraternitatem
1454 2693 1507 2739 ro-

377 2807 492 2872 gamus
509 2794 543 2853 et
558 2786 726 2852 hortamur
740 2789 872 2869 attente,
899 2801 957 2868 per
972 2780 1162 2867 Apostolica
1177 2781 1236 2846 tibi
1262 2781 1384 2865 scripta
1402 2780 1507 2865 preci-

377 2892 498 2981 piendo
514 2891 719 2977 mandantes,
745 2895 906 2974 quatenus
929 2907 1031 2972 usqne
1048 2890 1090 2954 ad
1105 2888 1289 2989 proximum
1309 2887 1427 2954 festum
1443 2891 1508 2954 Re·

377 3000 588 3069 surrectionis
599 2997 770 3066 Dominice
787 2995 830 3062 ad
842 3003 988 3063 nostram
1004 2997 1208 3082 presenciam
1221 2995 1436 3082 personaliter
1450 3015 1508 3061 ve-

378 3109 449 3174 nire
474 3126 637 3193 procures,
666 3105 753 3173 omni
779 3103 951 3170 occasione
966 3107 1124 3187 cessante,
1149 3109 1186 3168 nt
1209 3102 1331 3168 habeat
1354 3102 1507 3168 Ecclesia

379 3223 484 3283 mater
499 3215 533 3280 in
557 3213 624 3280 filio
640 3220 805 3300 speratum
821 3211 853 3276 in
870 3217 927 3277 tua
946 3210 1132 3278 visitatione
1155 3208 1307 3278 solatium
1324 3219 1357 3277 et
1376 3216 1506 3294 gratum

380 3320 511 3408 providi
536 3320 665 3388 consilii
690 3319 931 3404 fulcimentum3
962 3318 1094 3405 proviso
1118 3319 1210 3385 utin
1235 3337 1448 3404 personarum
1474 3324 1508 3384 et

381 3427 583 3495 evectionum
599 3424 765 3494 moderato
790 3445 924 3493 numero
940 3427 1063 3514 venias,
1089 3446 1131 3492 ne
1157 3424 1253 3492 nimis
1279 3425 1425 3492 Ecclesia
1450 3431 1508 3491 tue

382 3553 535 3600 onerosus
552 3530 686 3600 existas.
701 3533 853 3598 Preterea
869 3533 1018 3600 volumus
1033 3538 1064 3601 et
1077 3531 1277 3617 mandamus,
1295 3539 1331 3600 ut
1346 3531 1508 3618 suffraga-

381 3661 514 3708 neorum
531 3647 657 3708 tuorum
674 3640 842 3726 Capitulis,
860 3640 1043 3708 Abbatibus
1059 3650 1091 3709 et
1106 3642 1246 3709 Prelatis
1272 3641 1346 3708 aliis
1362 3647 1417 3708 tue
1431 3662 1508 3728 pro·

383 3749 500 3834 vincis,
522 3750 577 3832 qui
594 3749 782 3834 specialiter
803 3769 868 3816 non
884 3756 1050 3833 vocantur,
1069 3749 1260 3817 auctoritate
1276 3754 1388 3817 nostra
1403 3749 1509 3816 iniun-

382 3876 454 3941 gas,
471 3855 687 3941 utsuperhiis
704 3855 818 3923 eodem
829 3856 965 3922 termino
982 3855 1150 3923 adSedem
1161 3855 1383 3942 Apostolicam
1394 3855 1508 3922 fideles

380 3969 412 4029 et
422 3962 576 4048 providos
593 3962 722 4029 nuntios
734 3963 860 4028 mittere
876 3983 940 4029 non
957 3969 1165 4051 postponant.
1185 3965 1307 4029 Datum
1317 3963 1406 4049 apud
1416 3961 1508 4048 Grip-

379 4070 600 4136 tamlerratam
617 4071 655 4136 V.
673 4070 746 4136 idun
762 4067 913 4154 Augusti,
926 4069 1152 4154 (Pontificatus
1168 4069 1285 4156 nostri)
1297 4090 1381 4136 anno
1398 4069 1506 4137 Xllll.

486 4177 524 4241 In
541 4196 569 4241 e.
586 4197 628 4240 m.
649 4174 901 4260 Archiepisccpo
927 4176 1108 4262 Oolocensi,
1133 4175 1296 4263 Episcopo
1325 4173 1508 4262 Gaudensi,

379 4282 543 4368 Episcopo
554 4281 781 4365 Zagrabiensi,
798 4281 961 4368 Episcopo
975 4282 1327 4370 Quinqueeccleeiensi,
1343 4282 1507 4372 Episcopo

380 4389 610 4475 Ultrasilrano,
629 4387 750 4455 Abbati
767 4388 881 4457 Sancti
896 4390 1029 4457 Martini
1045 4391 1086 4457 de
1100 4390 1279 4459 Pannonia.

382 4531 512 4597 (Theiner
524 4533 559 4584 id.
574 4550 609 4584 m.
622 4536 643 4585 1.
655 4535 713 4587 ket.
729 4537 789 4586 179.
802 4535 820 4585 1.
839 4535 872 4586 V.
886 4541 910 4586 ὅ.
924 4535 1005 4600 Fejdr
1023 4535 1088 4587 cod.
1102 4535 1174 4603 Dipl.
1188 4536 1234 4588 1v.
1248 4537 1306 4590 ket.
1326 4539 1350 4588 l.
1366 4553 1386 4588 r.
1402 4539 1463 4589 184.
1477 4537 1507 4606 l.)
