3162 5188
619 247 778 351 jen„

93 439 144 510 de
165 443 271 515 villa
285 449 409 534 Monar,
436 447 671 533 castrensibus,
696 447 751 532 qui
768 445 960 514 descensum
975 447 1092 514 dautes
1107 445 1259 540 dicuntur

91 551 129 617 N
131 552 269 625 icelae
285 557 352 626 filio
368 559 505 643 Terpnz,
522 561 555 623 et
566 557 679 623 Bacha
697 554 762 623 filio
779 555 888 621 Baehe
906 553 1050 640 Comitis,
1071 555 1256 641 jobagioni-

92 659 169 726 bns
183 663 310 734 Castri
326 686 367 732 ex
382 667 489 733 altera
505 685 615 734 coram
625 664 721 730 nobis
738 663 932 749 constitutis,
950 661 1050 749 ijdcm
1062 672 1257 750 castrenses,

91 767 195 836 de
230 773 365 841 scilicet
390 780 422 840 et
437 773 545 841 Bnbta
570 772 814 856 confessisunt,
839 771 926 856 quod
952 791 1022 838 cum
1046 772 1109 859 ipsi
1134 771 1256 839 dictum

89 876 345 966 Berweynum
369 901 481 948 eoram
495 882 601 948 Puero
621 880 746 949 Ceriali
773 877 898 948 Gemite
923 878 1113 948 Poseniensi
1137 879 1254 948 traxis-

90 993 181 1052 sent
200 986 247 1052 in
275 1007 410 1055 cansam
435 987 656 1076 preponendo,
683 987 791 1075 ipsum
808 984 974 1072 quandam
1000 991 1121 1053 terram
1146 985 1254 1055 Gastri

89 1093 235 1160 Menan
265 1095 394 1162 nominc
419 1095 504 1163 inter
529 1103 633 1164 terras
649 1095 765 1163 Moueb
792 1095 955 1181 quondam
973 1095 1098 1162 Decani
1124 1115 1164 1162 ex
1188 1116 1254 1162 vna

92 1209 226 1291 parte,
251 1209 285 1272 et
299 1205 398 1272 Musk
423 1206 601 1273 castrensis
618 1225 659 1271 ex
684 1206 790 1272 altera
814 1204 975 1272 iacentem
1000 1204 1145 1272 indebite
1161 1226 1252 1273 occu-

88 1311 229 1396 pando
251 1313 419 1398 detinerc;
436 1312 523 1381 idem
540 1314 739 1400 Berweynus
754 1313 881 1380 litteras
899 1313 1021 1380 demini
1037 1313 1176 1381 Rolaudi
1192 1315 1252 1380 Pa·

90 1418 208 1486 latini
241 1427 276 1488 et
301 1419 437 1489 Comitis
461 1421 673 1490 Posoniensis
699 1441 810 1489 ceram
836 1419 950 1488 cedem
976 1419 1101 1487 Guriali
1125 1423 1250 1489 Gemite

89 1526 334 1608 exhibuisset,
343 1529 386 1610 *in
401 1521 538 1614 quarum
548 1537 661 1596 tenore
676 1530 759 1596 satis
775 1547 931 1616 expresse
948 1529 1166 1598 intellexisset
1177 1549 1248 1596 con-

90 1633 208 1702 tineri
228 1635 375 1705 Cerialis
392 1637 508 1704 Comes
526 1642 733 1723 memoratus,
754 1642 790 1704 nt
805 1637 910 1725 ipsam
925 1640 1046 1705 terram
1061 1637 1132 1704 iure
1148 1637 1248 1705 dona·

88 1741 168 1810 tine
189 1745 306 1830 Reffl'e
332 1745 535 1833 possedisset
550 1746 739 1834 Bcrveynus
765 1750 981 1834 memoratus3
1005 1752 1038 1814 et
1053 1748 1156 1813 eciam
1173 1765 1245 1812 cum

92 1849 172 1916 alie
192 1859 289 1921 terre
304 1872 326 1920 a
341 1853 458 1922 Castro
473 1853 665 1924 Posoniensi
691 1855 835 1922 alienato
850 1873 910 1941 per
925 1853 1098 1940 registrum
1124 1852 1246 1923 domini

90 1961 134 2026 B.
155 1959 314 2027 illustris
330 1961 432 2046 Regis
457 1961 560 2029 nostri
577 1959 694 2029 Castro
710 1962 903 2030 Pesonieusi
926 1961 1065 2032 luissent
1088 1960 1244 2045 restitute,

88 2067 178 2154 ipsa
199 2071 296 2135 terra
310 2069 426 2138 Menan
443 2070 533 2156 apud
557 2069 695 2138 eundem
711 2071 918 2156 Berseyuum
943 2069 1056 2138 ordine
1068 2069 1244 2155 judiciarie

93 2175 144 2242 ab
164 2174 292 2244 eodem
310 2176 462 2246 Palatino
479 2185 511 2245 et
527 2177 652 2246 Gemite
666 2176 858 2245 Posonicnsi
884 2177 1014 2264 prelata
1029 2177 1143 2245 relicta
1168 2178 1243 2246 luis·

92 2289 174 2370 sct5
205 2291 308 2370 prout
323 2285 357 2354 in
374 2285 490 2354 litteris
515 2285 660 2359 eiusdem
675 2283 820 2352 Palatini
844 2286 1035 2352 continetur.
1060 2285 1154 2354 Vnde
1172 2307 1244 2373 pre·

10 2417 12 2422 ·
95 2389 218 2460 dictus
230 2395 318 2460 Puer
328 2393 471 2463 curialis
482 2393 598 2463 Gentes
607 2394 818 2463 Posoniensis
830 2392 962 2462 cosdem
978 2401 1242 2464 castrensestau-

93 2517 203 2584 quam
235 2501 513 2588 calumpniatores
537 2503 710 2571 habuisset
733 2523 794 2590 pre
818 2503 975 2572 conuiciis
999 2523 1058 2592 pre
1085 2523 1132 2590 co,
1160 2505 1240 2590 quia

71 2607 223 2678 ordine
249 2608 424 2679 iudiciario
449 2612 541 2678 litem
556 2611 758 2700 propositam
786 2612 965 2680 intrassent
989 2610 1147 2680 mouendo
1173 2611 1239 2680 litis

96 2715 325 2800 questionem.
351 2721 393 2786 Iit
408 2718 485 2788 lieet
501 2722 670 2788 memorati
699 2725 883 2788 castrenses
908 2727 944 2788 ut
963 2720 1238 2809 calumpniatores

96 2824 130 2889 in
149 2826 310 2910 personis
325 2827 466 2915 propriis
482 2827 623 2896 luissent
633 2827 913 2917 condempnandi;
931 2835 1041 2896 tamm
1058 2846 1160 2896 cansa
1171 2849 1237 2895 mu·

99 2940 156 3002 tue
174 2933 371 3004 dileccionis
381 2956 511 3024 penam,
522 2938 701 3026 qnampati
717 2938 924 3006 debebantin
935 2938 1092 3025 personis,
1109 2936 1234 3004 eisdem

95 3039 300 3111 indulsisset
315 3044 493 3113 Berveinus
518 3046 743 3135 supradictus,
769 3047 863 3114 saluo
879 3048 951 3114 iure
975 3045 1124 3134 predicta·
1148 3050 1238 3111 terra

97 3150 224 3218 lionae·
238 3149 344 3220 eidem
360 3152 531 3239 Berecyne
547 3159 744 3220 remanente.
767 3153 837 3220 Nes
853 3151 953 3238 igitur
966 3154 1001 3219 in
1016 3151 1111 3219 huius
1128 3153 1175 3218 rei
1191 3159 1236 3218 te-

97 3259 294 3329 stimenium
318 3261 362 3329 ad
377 3263 574 3350 peticionem
600 3263 767 3348 utriusque
791 3263 895 3350 partis
911 3262 1039 3329 litteras
1064 3270 1236 3349 presentes

100 3369 331 3438 concessimus
347 3370 518 3459 sepedicto
529 3373 691 3441 Bervcino
707 3373 811 3458 sigilli
827 3372 930 3439 nostri
950 3371 1134 3460 patrocinio
1148 3389 1233 3437 eom-

100 3481 261 3548 munitas.
279 3483 401 3549 Datum
417 3485 451 3550 iu
468 3485 596 3551 oetaeis
611 3482 687 3552 festi
699 3483 795 3550 Beati
805 3483 969 3550 Jobanuis
981 3480 1132 3568 Baptistc
1148 3499 1233 3546 anuo

103 3585 241 3655 Domini
257 3590 432 3657 millesimo
448 3591 672 3660 ducentesimo
697 3593 969 3677 quiuquagesimo
986 3590 1105 3672 tereio;
1132 3588 1234 3672 Magi·

101 3698 167 3762 stro
193 3696 377 3782 Smarugdo
402 3699 551 3766 Ecelesie
576 3704 684 3768 nostre
709 3700 883 3786 Prepesito
894 3750 903 3786 ,
928 3696 1054 3767 Jacobo
1080 3693 1229 3778 (lantone,

98 3803 193 3872 Sixto
212 3808 345 3876 Decano
366 3810 593 3878 existentibus.

335 3987 1001 4055 Asculo

100 4179 237 4247 OEredetie
248 4177 423 4256 bd'rhtrtytn,
436 4205 454 4240 a
466 4187 691 4255 btrtyausiuegsn
702 4186 792 4253 fltg'dtt
801 4185 894 4252 pecsdt
905 4185 1042 4246 elucescet,
1055 4200 1072 4236 a
1083 4185 1167 4242 badai
1178 4195 1230 4252 hir.

498 4279 621 4334 luamarai
631 4276 818 4354 levtltdrbw.)
