<?xml version="1.0" encoding="UTF-8"?>
<!DOCTYPE html PUBLIC "-//W3C//DTD XHTML 1.0 Transitional//EN"
    "http://www.w3.org/TR/xhtml1/DTD/xhtml1-transitional.dtd">
<html xmlns="http://www.w3.org/1999/xhtml" xml:lang="en" lang="en">
 <head>
  <title>
</title>
<meta http-equiv="Content-Type" content="text/html;charset=utf-8" />
  <meta name='ocr-system' content='tesseract 3.04.00' />
  <meta name='ocr-capabilities' content='ocr_page ocr_carea ocr_par ocr_line ocrx_word'/>
</head>
<body>
  <div class='ocr_page' id='page_1' title='image "./codexdiplomatic18wenzgoog_0456.png"; bbox 0 0 3168 5186; ppageno 0'>
   <div class='ocr_carea' id='block_1_1' title="bbox 870 351 936 416">
    <p class='ocr_par' dir='ltr' id='par_1_1' title="bbox 870 351 936 416">
     <span class='ocr_line' id='line_1_1' title="bbox 870 351 936 416; baseline -0.045 0"><span class='ocrx_word' id='word_1_1' title='bbox 870 351 936 416; x_wconf 75' lang='lat'>422</span> 
     </span>
    </p>
   </div>
   <div class='ocr_carea' id='block_1_2' title="bbox 340 543 1467 1173">
    <p class='ocr_par' dir='ltr' id='par_1_2' title="bbox 340 543 1467 1173">
     <span class='ocr_line' id='line_1_2' title="bbox 340 543 1462 634; baseline -0.008 -18"><span class='ocrx_word' id='word_1_2' title='bbox 340 549 426 616; x_wconf 85' lang='lat' dir='ltr'>dioio</span> <span class='ocrx_word' id='word_1_3' title='bbox 442 547 552 615; x_wconf 86' lang='lat' dir='ltr'>alieni.</span> <span class='ocrx_word' id='word_1_4' title='bbox 568 547 604 611; x_wconf 91' lang='lat' dir='ltr'>lu</span> <span class='ocrx_word' id='word_1_5' title='bbox 621 547 714 614; x_wconf 90' lang='lat' dir='ltr'>ouius</span> <span class='ocrx_word' id='word_1_6' title='bbox 729 546 777 612; x_wconf 91' lang='lat' dir='ltr'>rei</span> <span class='ocrx_word' id='word_1_7' title='bbox 793 551 983 634; x_wconf 88' lang='lat' dir='ltr'>perpetuam</span> <span class='ocrx_word' id='word_1_8' title='bbox 994 545 1179 612; x_wconf 87' lang='lat' dir='ltr'>firmitatem</span> <span class='ocrx_word' id='word_1_9' title='bbox 1194 548 1361 631; x_wconf 74' lang='lat' dir='ltr'><strong>presentes</strong></span> <span class='ocrx_word' id='word_1_10' title='bbox 1377 543 1462 609; x_wconf 88' lang='lat' dir='ltr'>litie-</span> 
     </span>
     <span class='ocr_line' id='line_1_3' title="bbox 340 651 1461 740; baseline -0.006 -19"><span class='ocrx_word' id='word_1_11' title='bbox 340 675 396 722; x_wconf 84' lang='lat' dir='ltr'>rss</span> <span class='ocrx_word' id='word_1_12' title='bbox 412 654 484 721; x_wconf 82' lang='lat' dir='ltr'>dari</span> <span class='ocrx_word' id='word_1_13' title='bbox 508 654 645 722; x_wconf 76' lang='lat' dir='ltr'><strong>fecimus</strong></span> <span class='ocrx_word' id='word_1_14' title='bbox 670 652 770 738; x_wconf 81' lang='lat' dir='ltr'>sigilli</span> <span class='ocrx_word' id='word_1_15' title='bbox 786 655 889 721; x_wconf 82' lang='lat' dir='ltr'>nostri</span> <span class='ocrx_word' id='word_1_16' title='bbox 913 652 1054 740; x_wconf 90' lang='lat' dir='ltr'>dupliois</span> <span class='ocrx_word' id='word_1_17' title='bbox 1079 652 1256 719; x_wconf 79' lang='lat' dir='ltr'>munimine</span> <span class='ocrx_word' id='word_1_18' title='bbox 1279 651 1461 719; x_wconf 80' lang='lat' dir='ltr'>roboratas.</span> 
     </span>
     <span class='ocr_line' id='line_1_4' title="bbox 340 757 1463 849; baseline -0.005 -19"><span class='ocrx_word' id='word_1_19' title='bbox 340 766 460 830; x_wconf 85' lang='lat' dir='ltr'>Datum</span> <span class='ocrx_word' id='word_1_20' title='bbox 476 783 535 849; x_wconf 89' lang='lat' dir='ltr'>per</span> <span class='ocrx_word' id='word_1_21' title='bbox 552 782 668 829; x_wconf 85' lang='lat' dir='ltr'>manns</span> <span class='ocrx_word' id='word_1_22' title='bbox 678 760 827 846; x_wconf 76' lang='lat' dir='ltr'>Magistri</span> <span class='ocrx_word' id='word_1_23' title='bbox 843 758 1017 845; x_wconf 80' lang='lat' dir='ltr'>Smaragdi</span> <span class='ocrx_word' id='word_1_24' title='bbox 1028 760 1182 826; x_wconf 85' lang='lat' dir='ltr'>Albensis</span> <span class='ocrx_word' id='word_1_25' title='bbox 1197 758 1346 826; x_wconf 80' lang='lat' dir='ltr'>Eoolesie</span> <span class='ocrx_word' id='word_1_26' title='bbox 1360 757 1463 824; x_wconf 79' lang='lat' dir='ltr'>Eleeti</span> 
     </span>
     <span class='ocr_line' id='line_1_5' title="bbox 341 865 1464 952; baseline -0.009 -14"><span class='ocrx_word' id='word_1_27' title='bbox 341 872 416 938; x_wconf 83' lang='lat' dir='ltr'>aule</span> <span class='ocrx_word' id='word_1_28' title='bbox 431 875 541 937; x_wconf 90' lang='lat' dir='ltr'>nostre</span> <span class='ocrx_word' id='word_1_29' title='bbox 551 866 821 952; x_wconf 84' lang='lat' dir='ltr'>Uioeoanoellarij</span> <span class='ocrx_word' id='word_1_30' title='bbox 837 866 948 934; x_wconf 88' lang='lat' dir='ltr'>dileoti</span> <span class='ocrx_word' id='word_1_31' title='bbox 959 871 992 934; x_wconf 88' lang='lat' dir='ltr'>et</span> <span class='ocrx_word' id='word_1_32' title='bbox 1007 866 1111 933; x_wconf 85' lang='lat' dir='ltr'>fidelis</span> <span class='ocrx_word' id='word_1_33' title='bbox 1121 865 1224 933; x_wconf 80' lang='lat' dir='ltr'>nostri</span> <span class='ocrx_word' id='word_1_34' title='bbox 1234 884 1321 933; x_wconf 83' lang='lat' dir='ltr'>auno</span> <span class='ocrx_word' id='word_1_35' title='bbox 1331 865 1464 932; x_wconf 78' lang='lat' dir='ltr'>Domini</span> 
     </span>
     <span class='ocr_line' id='line_1_6' title="bbox 342 973 1467 1059; baseline -0.003 -15"><span class='ocrx_word' id='word_1_36' title='bbox 342 977 513 1045; x_wconf 90' lang='lat' dir='ltr'>millesimo</span> <span class='ocrx_word' id='word_1_37' title='bbox 538 974 760 1042; x_wconf 84' lang='lat' dir='ltr'>dueentesimo</span> <span class='ocrx_word' id='word_1_38' title='bbox 784 974 1055 1059; x_wconf 83' lang='lat' dir='ltr'>quinquagesimo</span> <span class='ocrx_word' id='word_1_39' title='bbox 1070 981 1175 1058; x_wconf 85' lang='lat' dir='ltr'>sexto,</span> <span class='ocrx_word' id='word_1_40' title='bbox 1192 993 1281 1041; x_wconf 85' lang='lat' dir='ltr'>nono</span> <span class='ocrx_word' id='word_1_41' title='bbox 1307 973 1467 1041; x_wconf 80' lang='lat' dir='ltr'>kalendas</span> 
     </span>
     <span class='ocr_line' id='line_1_7' title="bbox 342 1080 1252 1173; baseline -0.004 -23"><span class='ocrx_word' id='word_1_42' title='bbox 342 1083 476 1173; x_wconf 83' lang='lat' dir='ltr'>Aprilis,</span> <span class='ocrx_word' id='word_1_43' title='bbox 493 1083 597 1167; x_wconf 75' lang='lat' dir='ltr'>Regni</span> <span class='ocrx_word' id='word_1_44' title='bbox 617 1089 727 1150; x_wconf 87' lang='lat' dir='ltr'>autem</span> <span class='ocrx_word' id='word_1_45' title='bbox 742 1081 845 1148; x_wconf 87' lang='lat' dir='ltr'>nostri</span> <span class='ocrx_word' id='word_1_46' title='bbox 861 1101 947 1150; x_wconf 81' lang='lat' dir='ltr'>anno</span> <span class='ocrx_word' id='word_1_47' title='bbox 964 1080 1119 1148; x_wconf 84' lang='lat' dir='ltr'>rioesimo</span> <span class='ocrx_word' id='word_1_48' title='bbox 1136 1083 1252 1167; x_wconf 90' lang='lat' dir='ltr'>primo.</span> 
     </span>
    </p>
   </div>
   <div class='ocr_carea' id='block_1_3' title="bbox 344 1275 1467 1438">
    <p class='ocr_par' dir='ltr' id='par_1_3' title="bbox 344 1275 1467 1438">
     <span class='ocr_line' id='line_1_8' title="bbox 344 1275 1467 1346; baseline -0.004 -12"><span class='ocrx_word' id='word_1_49' title='bbox 344 1283 481 1335; x_wconf 75' lang='lat' dir='ltr'>rErodesie</span> <span class='ocrx_word' id='word_1_50' title='bbox 493 1277 666 1346; x_wconf 73' lang='lat' dir='ltr'>bdrlrisrtyin,</span> <span class='ocrx_word' id='word_1_51' title='bbox 689 1279 801 1344; x_wconf 77' lang='lat' dir='ltr'>melyrd&#39;l</span> <span class='ocrx_word' id='word_1_52' title='bbox 813 1294 830 1330; x_wconf 86' lang='lat' dir='ltr'>a</span> <span class='ocrx_word' id='word_1_53' title='bbox 843 1275 1014 1330; x_wconf 74' lang='lat' dir='ltr'>hdromszinii</span> <span class='ocrx_word' id='word_1_54' title='bbox 1026 1277 1261 1343; x_wconf 75' lang='lat' dir='ltr'>veros-tejsr-zolu</span> <span class='ocrx_word' id='word_1_55' title='bbox 1279 1279 1467 1344; x_wconf 79' lang='lat' dir='ltr'>solyemasind·</span> 
     </span>
     <span class='ocr_line' id='line_1_9' title="bbox 424 1365 1383 1438; baseline -0.006 -14"><span class='ocrx_word' id='word_1_56' title='bbox 424 1388 472 1424; x_wconf 87' lang='lat' dir='ltr'>ron</span> <span class='ocrx_word' id='word_1_57' title='bbox 485 1371 595 1438; x_wconf 79' lang='lat' dir='ltr'>filggdtt</span> <span class='ocrx_word' id='word_1_58' title='bbox 607 1368 699 1436; x_wconf 78' lang='lat' dir='ltr'>peesdt</span> <span class='ocrx_word' id='word_1_59' title='bbox 712 1368 850 1428; x_wconf 83' lang='lat' dir='ltr'>elvssaett,</span> <span class='ocrx_word' id='word_1_60' title='bbox 869 1382 887 1418; x_wconf 79' lang='lat' dir='ltr'>a</span> <span class='ocrx_word' id='word_1_61' title='bbox 898 1367 981 1418; x_wconf 86' lang='lat' dir='ltr'>budai</span> <span class='ocrx_word' id='word_1_62' title='bbox 995 1369 1046 1420; x_wconf 84' lang='lat' dir='ltr'>kir.</span> <span class='ocrx_word' id='word_1_63' title='bbox 1059 1369 1181 1418; x_wconf 77' lang='lat' dir='ltr'>lemorel</span> <span class='ocrx_word' id='word_1_64' title='bbox 1194 1365 1383 1434; x_wconf 72' lang='lat' dir='ltr'>levslulrban.)</span> 
     </span>
    </p>
   </div>
   <div class='ocr_carea' id='block_1_4' title="bbox 771 1651 1042 1663">
    <p class='ocr_par' dir='ltr' id='par_1_4' title="bbox 771 1651 1042 1663">
     <span class='ocr_line' id='line_1_10' title="bbox 771 1651 1042 1663; baseline -0.007 -1"><span class='ocrx_word' id='word_1_65' title='bbox 771 1651 1042 1663; x_wconf 57' lang='lat' dir='ltr'>..nnn—n*</span> 
     </span>
    </p>
   </div>
   <div class='ocr_carea' id='block_1_5' title="bbox 868 2097 948 2163">
    <p class='ocr_par' dir='ltr' id='par_1_5' title="bbox 868 2097 948 2163">
     <span class='ocr_line' id='line_1_11' title="bbox 868 2097 948 2163; baseline 0.013 -1"><span class='ocrx_word' id='word_1_66' title='bbox 868 2097 948 2163; x_wconf 84' lang='lat'><strong>300.</strong></span> 
     </span>
    </p>
   </div>
   <div class='ocr_carea' id='block_1_6' title="bbox 344 2275 1469 2469">
    <p class='ocr_par' dir='ltr' id='par_1_6' title="bbox 344 2275 1469 2469">
     <span class='ocr_line' id='line_1_12' title="bbox 344 2275 1469 2362; baseline 0.002 -22"><span class='ocrx_word' id='word_1_67' title='bbox 344 2276 365 2341; x_wconf 90' lang='grc' dir='ltr'><em>Ι</em></span> <span class='ocrx_word' id='word_1_68' title='bbox 372 2275 406 2340; x_wconf 83' lang='lat' dir='ltr'>V.</span> <span class='ocrx_word' id='word_1_69' title='bbox 423 2277 502 2341; x_wconf 85' lang='lat' dir='ltr'>Be&#39;la</span> <span class='ocrx_word' id='word_1_70' title='bbox 517 2277 684 2362; x_wconf 78' lang='lat' dir='ltr'>kirdlpnolr</span> <span class='ocrx_word' id='word_1_71' title='bbox 708 2275 778 2362; x_wconf 74' lang='lat' dir='ltr'>sup</span> <span class='ocrx_word' id='word_1_72' title='bbox 794 2275 1030 2362; x_wconf 77' lang='lat' dir='ltr'>Nps&#39;tromepyea&#39;</span> <span class='ocrx_word' id='word_1_73' title='bbox 1051 2278 1187 2342; x_wconf 67' lang='lat' dir='ltr'>dimise</span> <span class='ocrx_word' id='word_1_74' title='bbox 1212 2279 1377 2344; x_wconf 58' lang='lat' dir='ltr'>uouostozd</span> <span class='ocrx_word' id='word_1_75' title='bbox 1391 2278 1469 2342; x_wconf 77' lang='lat' dir='ltr'>udo-</span> 
     </span>
     <span class='ocr_line' id='line_1_13' title="bbox 577 2383 1241 2469; baseline 0 -22"><span class='ocrx_word' id='word_1_76' title='bbox 577 2383 693 2468; x_wconf 77' lang='lat' dir='ltr'>mdopa</span> <span class='ocrx_word' id='word_1_77' title='bbox 709 2384 815 2469; x_wconf 76' lang='lat' dir='ltr'>Aperi</span> <span class='ocrx_word' id='word_1_78' title='bbox 830 2384 958 2450; x_wconf 68' lang='lat' dir='ltr'>Saudo</span> <span class='ocrx_word' id='word_1_79' title='bbox 972 2387 1128 2452; x_wconf 75' lang='lat' dir='ltr'>szdoidru.</span> <span class='ocrx_word' id='word_1_80' title='bbox 1144 2383 1241 2450; x_wconf 83' lang='lat'><em>1256.</em></span> 
     </span>
    </p>
   </div>
   <div class='ocr_carea' id='block_1_7' title="bbox 342 2576 1475 4713">
    <p class='ocr_par' dir='ltr' id='par_1_7' title="bbox 342 2576 1475 4713">
     <span class='ocr_line' id='line_1_14' title="bbox 451 2576 1471 2666; baseline 0.005 -22"><span class='ocrx_word' id='word_1_81' title='bbox 451 2579 533 2644; x_wconf 87' lang='lat' dir='ltr'>Bela</span> <span class='ocrx_word' id='word_1_82' title='bbox 557 2576 620 2644; x_wconf 90' lang='lat' dir='ltr'>Dei</span> <span class='ocrx_word' id='word_1_83' title='bbox 645 2577 760 2661; x_wconf 81' lang='lat' dir='ltr'>graeia</span> <span class='ocrx_word' id='word_1_84' title='bbox 785 2577 963 2664; x_wconf 81' lang='lat' dir='ltr'>Hungarie,</span> <span class='ocrx_word' id='word_1_85' title='bbox 989 2579 1171 2664; x_wconf 84' lang='lat' dir='ltr'>Dalmseie,</span> <span class='ocrx_word' id='word_1_86' title='bbox 1191 2578 1340 2664; x_wconf 82' lang='lat' dir='ltr'>Groeeie,</span> <span class='ocrx_word' id='word_1_87' title='bbox 1357 2584 1471 2666; x_wconf 78' lang='lat' dir='ltr'>Reme,</span> 
     </span>
     <span class='ocr_line' id='line_1_15' title="bbox 342 2685 1472 2773; baseline 0.002 -19"><span class='ocrx_word' id='word_1_88' title='bbox 342 2686 466 2770; x_wconf 83' lang='lat' dir='ltr'>Seruis,</span> <span class='ocrx_word' id='word_1_89' title='bbox 477 2685 627 2772; x_wconf 80' lang='lat' dir='ltr'>Gellioie,</span> <span class='ocrx_word' id='word_1_90' title='bbox 644 2686 844 2771; x_wconf 82' lang='lat' dir='ltr'>Lodomerie,</span> <span class='ocrx_word' id='word_1_91' title='bbox 855 2685 1077 2773; x_wconf 78' lang='lat' dir='ltr'>(inmaniaque</span> <span class='ocrx_word' id='word_1_92' title='bbox 1084 2689 1155 2754; x_wconf 87' lang='lat' dir='ltr'>Rex</span> <span class='ocrx_word' id='word_1_93' title='bbox 1173 2687 1334 2756; x_wconf 78' lang='lat' dir='ltr'>uniuersis</span> <span class='ocrx_word' id='word_1_94' title='bbox 1350 2688 1472 2770; x_wconf 82' lang='lat' dir='ltr'>Christi</span> 
     </span>
     <span class='ocr_line' id='line_1_16' title="bbox 344 2791 1473 2883; baseline 0.004 -23"><span class='ocrx_word' id='word_1_95' title='bbox 344 2791 496 2860; x_wconf 80' lang='lat' dir='ltr'>fidelibus</span> <span class='ocrx_word' id='word_1_96' title='bbox 520 2793 728 2878; x_wconf 75' lang='lat' dir='ltr'>presentibus</span> <span class='ocrx_word' id='word_1_97' title='bbox 744 2799 777 2860; x_wconf 94' lang='lat' dir='ltr'>et</span> <span class='ocrx_word' id='word_1_98' title='bbox 795 2794 912 2862; x_wconf 83' lang='lat' dir='ltr'>futuris</span> <span class='ocrx_word' id='word_1_99' title='bbox 937 2813 1073 2880; x_wconf 86' lang='lat' dir='ltr'>presens</span> <span class='ocrx_word' id='word_1_100' title='bbox 1096 2796 1251 2882; x_wconf 84' lang='lat' dir='ltr'>seriptum</span> <span class='ocrx_word' id='word_1_101' title='bbox 1277 2797 1473 2883; x_wconf 87' lang='lat' dir='ltr'>inspeoturis</span> 
     </span>
     <span class='ocr_line' id='line_1_17' title="bbox 345 2899 1474 2974; baseline 0.002 -6"><span class='ocrx_word' id='word_1_102' title='bbox 345 2901 487 2968; x_wconf 83' lang='lat' dir='ltr'>salutem</span> <span class='ocrx_word' id='word_1_103' title='bbox 503 2899 537 2966; x_wconf 90' lang='lat' dir='ltr'>in</span> <span class='ocrx_word' id='word_1_104' title='bbox 547 2899 690 2967; x_wconf 92' lang='lat' dir='ltr'>omnium</span> <span class='ocrx_word' id='word_1_105' title='bbox 701 2900 875 2968; x_wconf 85' lang='lat' dir='ltr'>saluutore.</span> <span class='ocrx_word' id='word_1_106' title='bbox 891 2901 943 2968; x_wconf 86' lang='lat' dir='ltr'>Ad</span> <span class='ocrx_word' id='word_1_107' title='bbox 956 2902 1179 2971; x_wconf 85' lang='lat' dir='ltr'>uniuersitatis</span> <span class='ocrx_word' id='word_1_108' title='bbox 1197 2912 1305 2972; x_wconf 71' lang='lat' dir='ltr'>nesse</span> <span class='ocrx_word' id='word_1_109' title='bbox 1316 2905 1474 2974; x_wconf 84' lang='lat' dir='ltr'>notioism</span> 
     </span>
     <span class='ocr_line' id='line_1_18' title="bbox 345 3007 1473 3098; baseline 0.004 -23"><span class='ocrx_word' id='word_1_110' title='bbox 345 3015 458 3076; x_wconf 92' lang='lat' dir='ltr'>tenore</span> <span class='ocrx_word' id='word_1_111' title='bbox 475 3007 680 3094; x_wconf 77' lang='lat' dir='ltr'>presencium</span> <span class='ocrx_word' id='word_1_112' title='bbox 693 3007 843 3076; x_wconf 86' lang='lat' dir='ltr'>nolumus</span> <span class='ocrx_word' id='word_1_113' title='bbox 858 3011 1041 3098; x_wconf 88' lang='lat' dir='ltr'>peruenire,</span> <span class='ocrx_word' id='word_1_114' title='bbox 1057 3010 1144 3096; x_wconf 87' lang='lat' dir='ltr'>quod</span> <span class='ocrx_word' id='word_1_115' title='bbox 1154 3013 1291 3079; x_wconf 88' lang='lat' dir='ltr'>ueniens</span> <span class='ocrx_word' id='word_1_116' title='bbox 1306 3013 1350 3080; x_wconf 89' lang='lat' dir='ltr'>sd</span> <span class='ocrx_word' id='word_1_117' title='bbox 1360 3019 1473 3084; x_wconf 87' lang='lat' dir='ltr'>nostre</span> 
     </span>
     <span class='ocr_line' id='line_1_19' title="bbox 345 3115 1474 3205; baseline 0.006 -23"><span class='ocrx_word' id='word_1_118' title='bbox 345 3115 538 3200; x_wconf 78' lang='lat' dir='ltr'>Magestatis</span> <span class='ocrx_word' id='word_1_119' title='bbox 554 3115 759 3202; x_wconf 82' lang='lat' dir='ltr'>presenciam</span> <span class='ocrx_word' id='word_1_120' title='bbox 769 3115 956 3184; x_wconf 79' lang='lat' dir='ltr'>Alexander</span> <span class='ocrx_word' id='word_1_121' title='bbox 970 3119 1056 3187; x_wconf 89' lang='lat' dir='ltr'>lilius</span> <span class='ocrx_word' id='word_1_122' title='bbox 1072 3120 1162 3187; x_wconf 84' lang='lat' dir='ltr'>Zooh</span> <span class='ocrx_word' id='word_1_123' title='bbox 1174 3120 1215 3186; x_wconf 94' lang='lat' dir='ltr'>de</span> <span class='ocrx_word' id='word_1_124' title='bbox 1225 3120 1317 3205; x_wconf 76' lang='lat' dir='ltr'>Agar</span> <span class='ocrx_word' id='word_1_125' title='bbox 1332 3120 1474 3189; x_wconf 87' lang='lat' dir='ltr'>dileotns</span> 
     </span>
     <span class='ocr_line' id='line_1_20' title="bbox 347 3222 1475 3309; baseline 0.002 -19"><span class='ocrx_word' id='word_1_126' title='bbox 347 3231 379 3290; x_wconf 92' lang='lat' dir='ltr'>et</span> <span class='ocrx_word' id='word_1_127' title='bbox 394 3223 500 3291; x_wconf 88' lang='lat' dir='ltr'>fidelis</span> <span class='ocrx_word' id='word_1_128' title='bbox 517 3228 635 3307; x_wconf 85' lang='lat' dir='ltr'>noster,</span> <span class='ocrx_word' id='word_1_129' title='bbox 662 3222 868 3307; x_wconf 78' lang='lat' dir='ltr'>sordidaque</span> <span class='ocrx_word' id='word_1_130' title='bbox 884 3244 955 3308; x_wconf 88' lang='lat' dir='ltr'>sua,</span> <span class='ocrx_word' id='word_1_131' title='bbox 980 3243 1043 3309; x_wconf 90' lang='lat' dir='ltr'>que</span> <span class='ocrx_word' id='word_1_132' title='bbox 1058 3226 1154 3293; x_wconf 90' lang='lat' dir='ltr'>uobis</span> <span class='ocrx_word' id='word_1_133' title='bbox 1177 3225 1318 3296; x_wconf 89' lang='lat' dir='ltr'>diuersis</span> <span class='ocrx_word' id='word_1_134' title='bbox 1341 3227 1425 3294; x_wconf 88' lang='lat' dir='ltr'>loeis</span> <span class='ocrx_word' id='word_1_135' title='bbox 1441 3233 1475 3294; x_wconf 89' lang='lat' dir='ltr'>et</span> 
     </span>
     <span class='ocr_line' id='line_1_21' title="bbox 346 3329 1472 3417; baseline 0.002 -20"><span class='ocrx_word' id='word_1_136' title='bbox 346 3330 557 3417; x_wconf 87' lang='lat' dir='ltr'>temporibus,</span> <span class='ocrx_word' id='word_1_137' title='bbox 583 3334 617 3396; x_wconf 88' lang='lat' dir='ltr'>et</span> <span class='ocrx_word' id='word_1_138' title='bbox 630 3329 818 3416; x_wconf 77' lang='lat' dir='ltr'>specialiter</span> <span class='ocrx_word' id='word_1_139' title='bbox 833 3331 867 3397; x_wconf 94' lang='lat' dir='ltr'>in</span> <span class='ocrx_word' id='word_1_140' title='bbox 891 3331 1039 3416; x_wconf 86' lang='lat' dir='ltr'>partibus</span> <span class='ocrx_word' id='word_1_141' title='bbox 1055 3332 1150 3400; x_wconf 88' lang='lat' dir='ltr'>Ultra</span> <span class='ocrx_word' id='word_1_142' title='bbox 1165 3333 1329 3401; x_wconf 85' lang='lat' dir='ltr'>Drauanis</span> <span class='ocrx_word' id='word_1_143' title='bbox 1345 3341 1379 3400; x_wconf 87' lang='lat' dir='ltr'>et</span> <span class='ocrx_word' id='word_1_144' title='bbox 1393 3332 1472 3402; x_wconf 82' lang='lat' dir='ltr'>Gor-</span> 
     </span>
     <span class='ocr_line' id='line_1_22' title="bbox 344 3436 1474 3526; baseline 0.004 -22"><span class='ocrx_word' id='word_1_145' title='bbox 344 3436 438 3504; x_wconf 87' lang='lat' dir='ltr'>uaeie</span> <span class='ocrx_word' id='word_1_146' title='bbox 452 3442 530 3522; x_wconf 88' lang='lat' dir='ltr'>post</span> <span class='ocrx_word' id='word_1_147' title='bbox 553 3438 675 3505; x_wconf 81' lang='lat' dir='ltr'>exitum</span> <span class='ocrx_word' id='word_1_148' title='bbox 691 3438 899 3506; x_wconf 84' lang='lat' dir='ltr'>Tartarorum</span> <span class='ocrx_word' id='word_1_149' title='bbox 914 3439 958 3506; x_wconf 91' lang='lat' dir='ltr'>de</span> <span class='ocrx_word' id='word_1_150' title='bbox 972 3441 1086 3524; x_wconf 76' lang='lat' dir='ltr'>Regno</span> <span class='ocrx_word' id='word_1_151' title='bbox 1101 3445 1222 3526; x_wconf 88' lang='lat' dir='ltr'>nostro,</span> <span class='ocrx_word' id='word_1_152' title='bbox 1249 3440 1305 3507; x_wconf 88' lang='lat' dir='ltr'>ubi</span> <span class='ocrx_word' id='word_1_153' title='bbox 1328 3441 1474 3526; x_wconf 87' lang='lat' dir='ltr'>plurima</span> 
     </span>
     <span class='ocr_line' id='line_1_23' title="bbox 346 3544 1473 3634; baseline 0.006 -27"><span class='ocrx_word' id='word_1_154' title='bbox 346 3544 498 3610; x_wconf 85' lang='lat' dir='ltr'>mortalia</span> <span class='ocrx_word' id='word_1_155' title='bbox 516 3546 639 3612; x_wconf 85' lang='lat' dir='ltr'>wlnera</span> <span class='ocrx_word' id='word_1_156' title='bbox 658 3565 716 3630; x_wconf 93' lang='lat' dir='ltr'>pro</span> <span class='ocrx_word' id='word_1_157' title='bbox 728 3545 822 3614; x_wconf 91' lang='lat' dir='ltr'>nobis</span> <span class='ocrx_word' id='word_1_158' title='bbox 834 3547 975 3632; x_wconf 90' lang='lat' dir='ltr'>pertulit,</span> <span class='ocrx_word' id='word_1_159' title='bbox 995 3567 1215 3614; x_wconf 75' lang='lat' dir='ltr'>rememorans</span> <span class='ocrx_word' id='word_1_160' title='bbox 1232 3555 1473 3634; x_wconf 84' lang='lat' dir='ltr'>etpropouens,</span> 
     </span>
     <span class='ocr_line' id='line_1_24' title="bbox 346 3650 1474 3738; baseline 0.004 -21"><span class='ocrx_word' id='word_1_161' title='bbox 346 3650 511 3736; x_wconf 87' lang='lat' dir='ltr'>quandam</span> <span class='ocrx_word' id='word_1_162' title='bbox 526 3657 647 3718; x_wconf 86' lang='lat' dir='ltr'>terram</span> <span class='ocrx_word' id='word_1_163' title='bbox 663 3659 696 3720; x_wconf 86' lang='lat' dir='ltr'>et</span> <span class='ocrx_word' id='word_1_164' title='bbox 721 3653 961 3738; x_wconf 88' lang='lat' dir='ltr'>possessionem</span> <span class='ocrx_word' id='word_1_165' title='bbox 987 3654 1182 3722; x_wconf 85' lang='lat' dir='ltr'>reoletorum</span> <span class='ocrx_word' id='word_1_166' title='bbox 1205 3664 1387 3724; x_wconf 87' lang='lat' dir='ltr'>nostrornm</span> <span class='ocrx_word' id='word_1_167' title='bbox 1402 3653 1474 3738; x_wconf 80' lang='lat' dir='ltr'>Sag</span> 
     </span>
     <span class='ocr_line' id='line_1_25' title="bbox 345 3758 1473 3848; baseline 0.003 -23"><span class='ocrx_word' id='word_1_168' title='bbox 345 3766 495 3828; x_wconf 84' lang='lat' dir='ltr'>uooatsm</span> <span class='ocrx_word' id='word_1_169' title='bbox 512 3759 546 3826; x_wconf 91' lang='lat' dir='ltr'>in</span> <span class='ocrx_word' id='word_1_170' title='bbox 562 3758 724 3828; x_wconf 73' lang='lat' dir='ltr'>comitatu</span> <span class='ocrx_word' id='word_1_171' title='bbox 739 3760 897 3829; x_wconf 84' lang='lat' dir='ltr'>Nitriensi</span> <span class='ocrx_word' id='word_1_172' title='bbox 922 3761 1114 3832; x_wconf 85' lang='lat' dir='ltr'>existentem</span> <span class='ocrx_word' id='word_1_173' title='bbox 1131 3762 1332 3848; x_wconf 89' lang='lat' dir='ltr'>possessioni</span> <span class='ocrx_word' id='word_1_174' title='bbox 1352 3781 1412 3828; x_wconf 90' lang='lat' dir='ltr'>sue</span> <span class='ocrx_word' id='word_1_175' title='bbox 1428 3763 1473 3829; x_wconf 88' lang='lat' dir='ltr'>si-</span> 
     </span>
     <span class='ocr_line' id='line_1_26' title="bbox 345 3867 1473 3964; baseline 0 -30"><span class='ocrx_word' id='word_1_176' title='bbox 345 3869 465 3934; x_wconf 89' lang='lat' dir='ltr'>militor</span> <span class='ocrx_word' id='word_1_177' title='bbox 478 3867 547 3951; x_wconf 81' lang='lat' dir='ltr'>Sag</span> <span class='ocrx_word' id='word_1_178' title='bbox 563 3871 687 3952; x_wconf 85' lang='lat' dir='ltr'>veeste,</span> <span class='ocrx_word' id='word_1_179' title='bbox 699 3888 756 3954; x_wconf 87' lang='lat' dir='ltr'>per</span> <span class='ocrx_word' id='word_1_180' title='bbox 771 3888 831 3936; x_wconf 90' lang='lat' dir='ltr'>nos</span> <span class='ocrx_word' id='word_1_181' title='bbox 846 3868 910 3936; x_wconf 90' lang='lat' dir='ltr'>sibi</span> <span class='ocrx_word' id='word_1_182' title='bbox 926 3869 1056 3964; x_wconf 85' lang='lat' dir='ltr'>oollate,</span> <span class='ocrx_word' id='word_1_183' title='bbox 1074 3869 1216 3937; x_wconf 79' lang='lat' dir='ltr'>uicinum</span> <span class='ocrx_word' id='word_1_184' title='bbox 1233 3876 1266 3936; x_wconf 87' lang='lat' dir='ltr'>et</span> <span class='ocrx_word' id='word_1_185' title='bbox 1281 3868 1473 3954; x_wconf 76' lang='lat' dir='ltr'>contiguam</span> 
     </span>
     <span class='ocr_line' id='line_1_27' title="bbox 345 3973 1473 4062; baseline -0.001 -19"><span class='ocrx_word' id='word_1_186' title='bbox 345 3975 592 4044; x_wconf 80' lang='lat' dir='ltr'>instantissimis</span> <span class='ocrx_word' id='word_1_187' title='bbox 614 3975 889 4062; x_wconf 82' lang='lat' dir='ltr'>suplioeoionibus</span> <span class='ocrx_word' id='word_1_188' title='bbox 904 3974 968 4042; x_wconf 91' lang='lat' dir='ltr'>sibi</span> <span class='ocrx_word' id='word_1_189' title='bbox 983 3975 1054 4042; x_wconf 86' lang='lat' dir='ltr'>dari</span> <span class='ocrx_word' id='word_1_190' title='bbox 1075 3977 1192 4062; x_wconf 90' lang='lat' dir='ltr'>petiuit</span> <span class='ocrx_word' id='word_1_191' title='bbox 1205 3983 1236 4044; x_wconf 86' lang='lat' dir='ltr'>st</span> <span class='ocrx_word' id='word_1_192' title='bbox 1252 3973 1376 4043; x_wconf 88' lang='lat' dir='ltr'>donari.</span> <span class='ocrx_word' id='word_1_193' title='bbox 1401 3975 1473 4044; x_wconf 84' lang='lat' dir='ltr'>Nos</span> 
     </span>
     <span class='ocr_line' id='line_1_28' title="bbox 344 4082 1473 4172; baseline 0.004 -24"><span class='ocrx_word' id='word_1_194' title='bbox 344 4082 443 4168; x_wconf 77' lang='lat' dir='ltr'>igitur</span> <span class='ocrx_word' id='word_1_195' title='bbox 460 4085 758 4172; x_wconf 85' lang='lat' dir='ltr'>supplioeoionibus</span> <span class='ocrx_word' id='word_1_196' title='bbox 775 4084 1070 4170; x_wconf 79' lang='lat' dir='ltr'>ipsiusAlexandri</span> <span class='ocrx_word' id='word_1_197' title='bbox 1085 4084 1311 4152; x_wconf 81' lang='lat' dir='ltr'>fauorabiliter</span> <span class='ocrx_word' id='word_1_198' title='bbox 1329 4103 1473 4152; x_wconf 87' lang='lat' dir='ltr'>aunuen-</span> 
     </span>
     <span class='ocr_line' id='line_1_29' title="bbox 344 4191 1473 4280; baseline 0 -22"><span class='ocrx_word' id='word_1_199' title='bbox 344 4199 394 4258; x_wconf 87' lang='lat' dir='ltr'>tes</span> <span class='ocrx_word' id='word_1_200' title='bbox 410 4192 591 4278; x_wconf 87' lang='lat' dir='ltr'>prediotam</span> <span class='ocrx_word' id='word_1_201' title='bbox 615 4193 856 4280; x_wconf 89' lang='lat' dir='ltr'>possessionem</span> <span class='ocrx_word' id='word_1_202' title='bbox 875 4191 954 4279; x_wconf 79' lang='lat' dir='ltr'>Sag,</span> <span class='ocrx_word' id='word_1_203' title='bbox 980 4211 1053 4260; x_wconf 86' lang='lat' dir='ltr'>oum</span> <span class='ocrx_word' id='word_1_204' title='bbox 1069 4194 1219 4262; x_wconf 89' lang='lat' dir='ltr'>omnibus</span> <span class='ocrx_word' id='word_1_205' title='bbox 1237 4193 1306 4262; x_wconf 88' lang='lat' dir='ltr'>suis</span> <span class='ocrx_word' id='word_1_206' title='bbox 1322 4192 1473 4260; x_wconf 78' lang='lat' dir='ltr'>utilitati·</span> 
     </span>
     <span class='ocr_line' id='line_1_30' title="bbox 342 4297 1472 4387; baseline -0.004 -19"><span class='ocrx_word' id='word_1_207' title='bbox 342 4303 405 4370; x_wconf 90' lang='lat' dir='ltr'>bus</span> <span class='ocrx_word' id='word_1_208' title='bbox 421 4306 454 4367; x_wconf 88' lang='lat' dir='ltr'>et</span> <span class='ocrx_word' id='word_1_209' title='bbox 469 4301 679 4387; x_wconf 86' lang='lat' dir='ltr'>pertiuenoijs</span> <span class='ocrx_word' id='word_1_210' title='bbox 689 4302 732 4368; x_wconf 90' lang='lat' dir='ltr'>ab</span> <span class='ocrx_word' id='word_1_211' title='bbox 748 4299 873 4368; x_wconf 88' lang='lat' dir='ltr'>eisdem</span> <span class='ocrx_word' id='word_1_212' title='bbox 885 4301 1101 4370; x_wconf 84' lang='lat' dir='ltr'>reoistoribus</span> <span class='ocrx_word' id='word_1_213' title='bbox 1117 4301 1313 4384; x_wconf 81' lang='lat' dir='ltr'>auferentes,</span> <span class='ocrx_word' id='word_1_214' title='bbox 1332 4297 1472 4368; x_wconf 89' lang='lat' dir='ltr'>eisdem·</span> 
     </span>
     <span class='ocr_line' id='line_1_31' title="bbox 343 4407 1472 4496; baseline 0.001 -20"><span class='ocrx_word' id='word_1_215' title='bbox 343 4429 407 4493; x_wconf 89' lang='lat' dir='ltr'>que</span> <span class='ocrx_word' id='word_1_216' title='bbox 421 4430 480 4496; x_wconf 91' lang='lat' dir='ltr'>pro</span> <span class='ocrx_word' id='word_1_217' title='bbox 497 4408 571 4496; x_wconf 85' lang='lat' dir='ltr'>ipsa</span> <span class='ocrx_word' id='word_1_218' title='bbox 596 4411 652 4478; x_wconf 91' lang='lat' dir='ltr'>ubi</span> <span class='ocrx_word' id='word_1_219' title='bbox 668 4409 831 4478; x_wconf 86' lang='lat' dir='ltr'>uoluerint</span> <span class='ocrx_word' id='word_1_220' title='bbox 846 4408 986 4476; x_wconf 91' lang='lat' dir='ltr'>similem</span> <span class='ocrx_word' id='word_1_221' title='bbox 1001 4409 1034 4474; x_wconf 89' lang='lat' dir='ltr'>iu</span> <span class='ocrx_word' id='word_1_222' title='bbox 1049 4411 1163 4493; x_wconf 84' lang='lat' dir='ltr'>Regno</span> <span class='ocrx_word' id='word_1_223' title='bbox 1189 4413 1300 4475; x_wconf 88' lang='lat' dir='ltr'>nostro</span> <span class='ocrx_word' id='word_1_224' title='bbox 1321 4407 1403 4474; x_wconf 86' lang='lat' dir='ltr'>dare</span> <span class='ocrx_word' id='word_1_225' title='bbox 1418 4425 1472 4477; x_wconf 88' lang='lat' dir='ltr'>as-</span> 
     </span>
     <span class='ocr_line' id='line_1_32' title="bbox 343 4515 1474 4605; baseline -0.004 -19"><span class='ocrx_word' id='word_1_226' title='bbox 343 4525 572 4605; x_wconf 89' lang='lat' dir='ltr'>sumpmentes,</span> <span class='ocrx_word' id='word_1_227' title='bbox 589 4518 694 4587; x_wconf 90' lang='lat' dir='ltr'>eidem</span> <span class='ocrx_word' id='word_1_228' title='bbox 711 4517 900 4586; x_wconf 81' lang='lat' dir='ltr'>Alexandro</span> <span class='ocrx_word' id='word_1_229' title='bbox 915 4516 1065 4588; x_wconf 88' lang='lat' dir='ltr'>dedimus</span> <span class='ocrx_word' id='word_1_230' title='bbox 1081 4524 1113 4584; x_wconf 90' lang='lat' dir='ltr'>et</span> <span class='ocrx_word' id='word_1_231' title='bbox 1129 4515 1334 4598; x_wconf 85' lang='lat' dir='ltr'>donanimus,</span> <span class='ocrx_word' id='word_1_232' title='bbox 1358 4533 1398 4582; x_wconf 80' lang='lat' dir='ltr'>ae</span> <span class='ocrx_word' id='word_1_233' title='bbox 1413 4535 1474 4600; x_wconf 84' lang='lat' dir='ltr'>per</span> 
     </span>
     <span class='ocr_line' id='line_1_33' title="bbox 342 4622 1471 4713; baseline -0.002 -23"><span class='ocrx_word' id='word_1_234' title='bbox 342 4625 519 4712; x_wconf 85' lang='lat' dir='ltr'>Symonem</span> <span class='ocrx_word' id='word_1_235' title='bbox 544 4625 646 4693; x_wconf 90' lang='lat' dir='ltr'>tilium</span> <span class='ocrx_word' id='word_1_236' title='bbox 663 4627 759 4713; x_wconf 82' lang='lat' dir='ltr'>Vyda</span> <span class='ocrx_word' id='word_1_237' title='bbox 782 4627 825 4695; x_wconf 89' lang='lat' dir='ltr'>de</span> <span class='ocrx_word' id='word_1_238' title='bbox 839 4628 961 4694; x_wconf 86' lang='lat' dir='ltr'>Sauoto</span> <span class='ocrx_word' id='word_1_239' title='bbox 977 4627 1129 4694; x_wconf 82' lang='lat' dir='ltr'>Johaune</span> <span class='ocrx_word' id='word_1_240' title='bbox 1156 4622 1256 4694; x_wconf 90' lang='lat' dir='ltr'>statui</span> <span class='ocrx_word' id='word_1_241' title='bbox 1274 4622 1410 4690; x_wconf 82' lang='lat' dir='ltr'>feoimus</span> <span class='ocrx_word' id='word_1_242' title='bbox 1436 4624 1471 4688; x_wconf 91' lang='lat' dir='ltr'>in</span> 
     </span>
    </p>
   </div>
   <div class='ocr_carea' id='block_1_8' title="bbox 0 0 1590 5186">
    <p class='ocr_par' dir='ltr' id='par_1_8' title="bbox 0 0 1590 5186">
     <span class='ocr_line' id='line_1_34' title="bbox 0 0 1590 5186; baseline 0 0"><span class='ocrx_word' id='word_1_243' title='bbox 0 0 1590 5186; x_wconf 95' lang='lat' dir='ltr'> </span> 
     </span>
    </p>
   </div>
  </div>
 </body>
</html>
