3186 5188
385 1071 417 1135 A
433 1070 552 1155 uyitrui
574 1067 787 1154 reputasses
811 1067 1082 1153 bizonysa'plevcle,
1108 1069 1190 1153 kopp
1209 1063 1326 1152 θγνοια
1343 1065 1438 1130 Deba
1455 1065 1515 1149 fio,

385 1175 616 1262 epyszcrsma'nd
634 1173 811 1238 testoe'ru'ock
827 1173 1028 1258 Mikedcynolr
1052 1174 1340 1260 beleeqyezese'velis
1355 1171 1516 1235 Hemod-

386 1285 441 1348 bea
466 1283 531 1347 ised
554 1280 755 1345 r·e'szl›ir·lokdt
773 1279 962 1359 Terruisset,
996 1278 1119 1344 Venerei
1133 1281 1249 1364 fiducie
1273 1279 1385 1364 eladja.
1413 1273 1513 1341 1246.

493 1474 662 1542 Vniuersis
679 1473 801 1542 christi
827 1475 987 1558 fidelibus,
1003 1472 1047 1540 ad
1066 1494 1148 1558 quos
1173 1481 1343 1559 presentes
1357 1490 1517 1558 peruene-

385 1586 461 1668 rint,
478 1581 652 1652 Nitriensis
667 1580 815 1648 Ecclesie
831 1580 1018 1668 Capitulum
1044 1582 1215 1650 oraciones
1239 1583 1273 1649 in
1290 1580 1444 1649 Domino.
1469 1579 1516 1646 Si·

386 1693 577 1776 gnificamus
602 1698 670 1757 tam
697 1688 860 1756 modernis
886 1709 984 1772 quam
1002 1688 1128 1774 futuris,
1153 1689 1241 1774 quod
1256 1692 1401 1758 Thomas
1427 1687 1516 1754 filius

386 1798 581 1881 wenceslai,
607 1817 680 1863 curn
697 1797 822 1880 Gyreta
837 1795 904 1863 filio
922 1797 1018 1865 Deba
1033 1796 1275 1880 consanguineo
1299 1815 1358 1866 suo
1373 1795 1415 1864 de
1433 1795 1516 1862 uilla

386 1907 542 1974 ltlolonan
569 1903 751 1970 Comitatus
767 1903 951 1970 Borsicnsis
974 1903 1139 1970 innostra
1162 1903 1334 1990 presencia
1359 1903 1516 1971 constitu·

388 2019 448 2098 tus,
477 2019 578 2079 totam
592 2015 719 2096 partem
743 2029 836 2078 suam
852 2010 894 2077 dc
918 2015 1004 2078 terra
1020 2011 1175 2078 Hencuclr
1200 2018 1420 2099 nuncupatam
1442 2031 1515 2078 cnm

387 2139 545 2187 consensu
572 2117 682 2184 fratris
707 2119 757 2184 sui
773 2116 938 2204 Mihedey,
962 2119 1018 2201 qui
1038 2139 1174 2206 presens
1197 2139 1263 2186 non
1286 2126 1365 2204 erat,
1390 2120 1455 2186 sed
1480 2127 1515 2187 ut

387 2228 472 2293 idem
488 2227 633 2294 Thomas
658 2224 853 2312 affirmabat,
880 2225 943 2311 ipsi
960 2227 1085 2310 Gyrcta
1101 2248 1160 2313 pro
1184 2225 1289 2293 tribus
1313 2227 1438 2294 marcis
1462 2247 1512 2294 ar·

387 2333 476 2419 genti
492 2341 525 2401 et
540 2332 686 2416 dimidia,
713 2353 795 2418 quas
812 2333 917 2400 dictum
933 2335 1076 2402 Thomas
1092 2333 1176 2400 dixit
1194 2335 1238 2400 ab
1255 2333 1370 2402 eodem
1386 2336 1515 2420 Gyreta

387 2440 534 2526 plenarie
554 2459 590 2508 se
614 2440 789 2527 recepisse,
817 2440 966 2508 uendidit
991 2441 1060 2508 iure
1083 2447 1241 2528 perpetuo
1268 2441 1513 2527 possidendam.

387 2549 455 2614 Nos
471 2546 570 2630 igitur
585 2546 627 2612 de
643 2567 801 2615 consensu
825 2547 928 2633 ipsius
944 2546 1106 2634 Mihcdey,
1127 2549 1216 2616 etde
1235 2548 1301 2616 situ
1327 2557 1411 2616 terre
1437 2569 1511 2617 uen-

387 2655 453 2722 dite
470 2654 645 2722 ccrcioruri
669 2655 828 2738 uolentes,
854 2655 898 2720 ad
914 2655 1035 2721 dictam
1051 2663 1172 2723 terram
1188 2655 1349 2725 hominem
1365 2665 1513 2727 nostrum

387 2762 636 2846 transmisimus,
653 2761 707 2845 qui
717 2760 847 2829 rediens
857 2783 916 2830 nos
933 2763 1134 2846 certificauit,
1151 2762 1419 2847 quodllihedeus
1440 2786 1513 2834 uen-

387 2870 507 2938 dicioni
532 2869 733 2937 consenserit
748 2875 935 2953 memorato,
962 2889 1000 2937 eo
1016 2868 1103 2954 quod
1122 2869 1195 2955 ipsc
1209 2870 1371 2958 prefatam
1392 2881 1513 2940 terram

386 2978 515 3046 emendi
531 2999 595 3046 non
612 2978 762 3044 habuerit
776 2977 984 3062 facultatem,
1001 2976 1042 3044 de
1058 2976 1122 3044 situ
1139 2978 1243 3044 eciam
1261 2978 1408 3046 ciusdem
1426 2987 1512 3046 terre

387 3087 473 3154 idem
489 3088 586 3153 homo
602 3093 714 3153 noster
729 3084 823 3170 dixit,
839 3085 927 3168 quod
942 3085 1029 3152 iacet
1044 3105 1065 3154 a
1080 3086 1183 3171 plaga
1198 3087 1350 3154 orientali
1365 3107 1408 3154 cx
1424 3094 1511 3154 utra·

388 3213 451 3277 quc
477 3199 569 3278 perte
595 3191 687 3276 flunij
713 3193 818 3276 Sylva
842 3190 1011 3260 nominati.
1036 3192 1076 3259 In
1100 3193 1193 3260 cuius
1218 3193 1265 3260 roi
1291 3195 1511 3262 testimoninm

387 3303 512 3368 litteras
537 3307 707 3385 presentes
723 3299 823 3384 sigilli
847 3299 950 3366 nostri
967 3299 1143 3368 munimine
1162 3301 1361 3370 confecimus
1377 3304 1508 3371 robora-

386 3414 447 3473 tas.
464 3405 558 3471 Anno
575 3406 686 3490 gracie
701 3407 746 3472 ll⁰
757 3404 905 3473 GO⁰XL⁰
925 3412 1030 3476 sexto.
1390 3383 1408 3424 ⁹

691 3588 720 3650 Α
933 3583 960 3649 Β
1177 3583 1201 3650 O

384 3760 522 3827 (Eredetio
544 3761 708 3828 bdrlrdrtyrin
732 3781 748 3814 a
771 3761 956 3829 kaiptalunualr
978 3759 1151 3830 vitriis-siarga
1172 3764 1402 3830 solyrmssindrou
1425 3767 1509 3832 sllggd'

576 3853 693 3920 pecudi-je
707 3855 784 3918 alati,
798 3871 814 3904 a
827 3856 909 3906 budrii
922 3855 972 3906 lrir.
986 3855 1107 3908 lraruurai
1121 3851 1311 3920 lerslctrban.)
