3226 5194
681 963 759 1033 373.

156 1141 217 1208 IV.
233 1145 316 1211 Btta
331 1145 500 1231 kirdlyaok
524 1145 673 1212 condolete
690 1171 711 1212 e
727 1149 820 1233 pycta*
835 1149 867 1214 es
887 1147 1008 1216 abactae·
1031 1147 1163 1214 cdmrol.
1188 1149 1286 1214 1260.

264 1339 347 1407 Bela
371 1339 435 1408 Dei
460 1339 576 1426 gracia
601 1342 672 1409 Rex
696 1341 864 1428 HnngerIe
889 1343 1040 1414 fidelihus
1069 1345 1139 1412 suto
1167 1342 1286 1412 Comiti

154 1447 321 1516 Jenriensi
345 1452 379 1514 et
393 1448 577 1536 tributarijs
605 1447 810 1535 notamine,
836 1450 877 1517 de
893 1451 1010 1519 Abada
1035 1460 1068 1519 et
1090 1453 1286 1538 Fygzegenr

155 1555 296 1624 salntem
313 1560 347 1623 et
361 1556 518 1639 graciam.
543 1557 686 1624 Litteras
702 1558 902 1628 venerahilis
918 1561 1022 1645 patris
1038 1560 1194 1648 Episcopi
1209 1558 1285 1628 Jee-

155 1664 274 1732 niensis
284 1685 381 1753 super
390 1664 495 1734 forma
516 1667 748 1752 exigendorum
757 1667 950 1735 tributorum
963 1669 996 1735 in
1006 1670 1153 1755 Jaurino,
1166 1669 1286 1738 Abade

157 1774 220 1862 (et)
236 1775 417 1861 Iigzegenr
442 1796 532 1845 more
549 1776 727 1863 antiquitus
752 1778 925 1846 observato
942 1779 1124 1865 recepimus
1150 1778 1184 1845 in
1200 1780 1286 1848 hene

155 1881 307 1949 modum:
329 1889 364 1950 rt
380 1882 536 1952 videficet
551 1883 593 1952 de
609 1884 754 1968 quotibet
770 1904 920 1951 curruum
935 1887 1115 1955 Teutonico
1131 1887 1285 1956 veniente

156 1990 190 2056 in
206 1991 411 2076 Hungariam
426 1991 591 2078 tributorij
608 1991 751 2060 debeant
766 1991 888 2060 habere
907 1999 1047 2077 quatuor
1063 1993 1226 2082 denarios,
1253 2001 1287 2063 et

156 2097 276 2168 Comes
291 2097 312 2166 J
315 2099 475 2166 auriensis
492 2099 574 2167 dnos
592 2099 745 2168 denarios
759 2098 911 2185 Regaies.
928 2102 1012 2168 item
1029 2101 1069 2169 tle
1086 2121 1182 2170 curru
1197 2107 1286 2171 tran·

157 2216 273 2276 seunte
290 2209 331 2276 de
346 2207 519 2293 Hungaria
534 2208 696 2294 tributarij
715 2209 836 2276 debent
852 2208 973 2277 hahere
993 2216 1065 2279 octo
1082 2208 1236 2279 denarios
1252 2219 1285 2280 et

155 2316 275 2387 comes
292 2316 384 2386 duos.
409 2317 491 2384 Item
507 2317 536 2384 si
550 2317 700 2384 venerint
726 2317 759 2384 tn
775 2319 854 2402 nauj
872 2338 944 2385 cum
961 2319 1030 2387 suis
1054 2321 1284 2406 mercimonijs,

155 2426 276 2494 dehent
292 2431 481 2514 computare
497 2434 530 2494 et
545 2426 695 2514 redigere
711 2425 755 2494 ad
771 2428 987 2514 quantitatem
1007 2448 1167 2518 cunnum,
1193 2434 1227 2497 et
1244 2431 1286 2499 de

155 2535 303 2620 quolibet
327 2554 424 2602 curru
447 2534 611 2621 tributarij
639 2535 758 2603 dehent
774 2535 896 2604 habere
921 2545 1059 2624 quatuor
1082 2537 1235 2608 denarios
1251 2545 1285 2608 et

157 2643 274 2713 Comes
292 2644 384 2710 dnos.
400 2643 466 2711 Sed
481 2643 512 2710 si
527 2645 679 2731 superius
695 2651 774 2712 eent
787 2644 822 2711 in
837 2647 928 2732 nanj,
951 2645 994 2712 de
1009 2647 1094 2714 bove
1111 2646 1286 2715 cuiuslibet

156 2772 270 2820 currem
286 2760 358 2821 ecto
376 2751 529 2821 denarios
545 2752 737 2839 tributarijs,
763 2759 797 2820 et
812 2751 894 2820 dnos
910 2753 1039 2839 Comitj.
1057 2755 1141 2822 Item
1159 2757 1188 2823 si
1204 2757 1287 2824 Ten·

155 2861 257 2930 tonici
273 2861 375 2930 hones
401 2859 551 2948 seperius
568 2859 726 2947 deferant,
752 2858 794 2928 de
810 2861 957 2947 quolibet
972 2860 1057 2929 hone
1083 2858 1165 2930 duos
1187 2863 1286 2930 dena-

155 2971 234 3056 rios,
263 2978 296 3038 et
312 2969 430 3038 (tomes
445 2989 544 3037 vnum
569 2968 739 3036 denarium
766 2970 807 3037 de
822 2969 949 3038 dnobus
974 2969 1079 3037 bobus
1094 2971 1288 3038 TentonIoo·

154 3099 237 3147 rnm.
253 3081 337 3146 Item
354 3078 395 3145 de
411 3077 559 3146 curribus
574 3077 772 3163 Hungerieis
788 3077 949 3164 tributarij
968 3075 1053 3146 dues
1070 3078 1236 3162 denarios,
1253 3085 1287 3149 et

156 3187 275 3258 Ocmes
300 3187 342 3254 de
358 3187 483 3256 duobus
508 3186 656 3254 curribus
682 3205 780 3256 vnum
805 3185 986 3256 denarium.
1017 3189 1099 3256 Item
1124 3188 1166 3256 de
1181 3189 1286 3259 bohns

155 3299 363 3382 Vngarerem
387 3296 538 3384 superins
555 3293 774 3365 deterencirm
789 3315 889 3364 vnum
906 3295 1078 3365 dementum
1101 3297 1144 3365 de
1160 3296 1286 3367 duobus

148 3405 273 3493 hobus,
300 3411 334 3474 et
350 3405 391 3474 de
406 3411 546 3492 quatuor
572 3405 675 3474 hobas
692 3406 808 3473 Comes
824 3424 923 3473 vnum
943 3405 1122 3475 denarium.
1147 3407 1230 3475 Item
1246 3406 1288 3474 de

156 3535 253 3583 curru
280 3513 386 3581 mellis
411 3512 577 3599 tributarij
601 3512 722 3580 dehent
747 3509 870 3580 hahere
894 3513 958 3581 tria
981 3513 1139 3602 pondera,
1169 3514 1287 3584 Gemes

158 3642 260 3694 vnum
275 3622 414 3709 pondus.
439 3625 522 3690 Item
539 3620 580 3688 de
595 3621 741 3707 quolibet
765 3621 909 3690 tonnello
925 3620 993 3690 vini
1008 3622 1189 3712 tributarijs
1213 3630 1287 3694 octo

159 3732 323 3818 denarios,
350 3739 384 3800 et
400 3730 518 3799 comiti
534 3729 614 3799 dnos
631 3731 793 3800 denarios.
820 3732 903 3799 Item
919 3731 960 3798 de
976 3753 1072 3801 curru
1088 3731 1207 3801 salium
1222 3734 1284 3801 Vn·

157 3861 311 3928 gererem
328 3841 410 3911 dnos
426 3841 514 3909 sales
530 3845 563 3908 et
578 3840 748 3909 dimidium
773 3842 808 3908 in
824 3841 1009 3928 porcionem
1027 3841 1161 3910 Comitis
1180 3841 1286 3910 tami·

155 3953 255 4023 ensis.
279 3954 362 4021 Item
378 3950 420 4021 de
443 3957 571 4019 eentum
595 3948 717 4017 marcis
742 3949 868 4038 piperis
892 3948 1058 4035 tributarij
1084 3948 1206 4016 dehent
1229 3950 1286 4017 ha·

154 4063 234 4129 here
249 4061 345 4130 nnius
372 4079 556 4128 marearum
582 4059 719 4147 piperis,
746 4056 835 4126 etde
851 4065 980 4126 eentum
1003 4057 1177 4126 chirotecis
1202 4059 1286 4127 deas

156 4170 352 4254 chirotecas,
369 4175 402 4237 et
419 4169 467 4237 sIc
484 4168 525 4236 de
541 4168 617 4254 altjs
632 4167 767 4235 minutis
781 4167 1012 4253 meroimonijs.
1036 4167 1117 4233 Item
1135 4165 1177 4233 de
1192 4187 1287 4234 cnrrn

157 4279 323 4365 hospitum
339 4277 529 4345 Latinorum
545 4295 645 4344 vnum
659 4277 858 4343 franconem.
873 4276 956 4344 Item
972 4276 1005 4342 in
1021 4276 1230 4362 Fygetegeor
1245 4274 1287 4342 tle

154 4408 249 4456 curre
274 4387 527 4456 Teutonicorum
553 4402 816 4472 quorumeunque
842 4381 990 4453 homines
1019 4385 1163 4452 habente
1186 4403 1286 4450 vnum

155 4494 336 4582 denarium,
363 4493 406 4563 de
421 4494 557 4581 reliquis
582 4499 692 4560 autem
718 4492 947 4579 mercimoniJs‚
971 4492 1077 4559 bohos
1102 4489 1230 4560 seilicet
1254 4498 1287 4560 ct

155 4605 244 4691 alijs,
269 4603 352 4672 nihil
368 4603 449 4671 dere
464 4606 614 4670 tenentur
639 4601 672 4667 in
688 4597 898 4686 Figetegeur.
923 4599 1006 4668 item
1021 4599 1054 4667 ie
1080 4598 1220 4668 Obbada
1244 4601 1287 4670 de

155 4711 283 4784 duobus
310 4711 460 4781 curribus
475 4706 726 4780 Teutonieorum
751 4713 893 4797 quatuor
908 4703 1065 4778 denarios
1087 4707 1220 4781 solvant
1234 4709 1288 4781 tri·
