3186 5188
576 319 732 429 gon

94 521 246 590 roborari.
274 523 398 590 Detum
414 542 473 608 per
498 541 614 590 manus
639 520 770 590 discreti
794 521 856 589 viri
871 521 968 589 Pauli
983 521 1147 609 Prepesiti
1162 521 1218 590 tt-

94 630 199 696 bcnsis
216 630 296 696 aule
308 636 418 698 nostre
428 629 706 716 vicecancellartj
720 628 832 696 dilecti
847 636 880 695 et
894 629 1000 696 tidelis
1009 631 1113 698 nostri
1130 650 1215 698 anno

95 738 221 806 Domini
237 738 412 806 millesimo
428 739 649 808 ducentesimo
666 737 917 824 quadragesimo
936 738 1087 824 septimo.

93 935 147 1000 (tv.
160 933 258 988 Ltsrld
272 933 418 1004 kirtlynak
434 939 483 988 128
491 937 543 988 t-tri
557 933 718 1002 megeriisr'td
730 931 977 1002 privilegiumr'rbdl¹
991 931 1110 999 Britlrory
1121 930 1216 986 Istrs'ru

120 1023 220 1092 orddtyi
230 1025 318 1092 rajda
330 1027 440 1078 retu-ki
450 1023 549 1079 dtirata
560 1029 667 1086 crerint,
678 1041 694 1077 a
704 1025 786 1078 budai
796 1025 848 1075 trir.
859 1023 991 1076 kamarail
1003 1020 1183 1091 ordltdrban.)

527 1294 789 1305 ——n-——u-——m

620 1753 695 1820 tta

96 1933 118 2000 I
123 1936 154 2000 V.
178 1935 261 2000 Bito
287 1933 453 2022 ttrslpnak
480 1933 552 2000 Orod
576 1937 655 1998 aet-d
669 1933 775 2018 fdldet
799 1938 950 2020 tcirpyozd
979 1936 1225 2024 adomdaplercle

282 2039 403 2129 Epycd,
434 2037 539 2108 Utoezi
564 2041 682 2106 Tamais
694 2041 746 2122 fia
761 2047 917 2108 ezdnrdra.
940 2039 1035 2109 1247.

206 2236 290 2303 Bela
305 2236 368 2304 Dei
392 2237 507 2323 gracia
531 2235 708 2321 Hungorie,
734 2237 916 2322 Daimaeie,
942 2238 1088 2326 omacio,
1113 2242 1225 2329 Rame,

95 2344 223 2430 Seruio,
241 2344 391 2431 Gallicis,
411 2343 615 2429 Lodomerio,
625 2343 846 2429 cnmaniequc
856 2348 926 2413 Rex
935 2348 1095 2416 uniuersis
1108 2349 1228 2418 Christi

96 2452 255 2520 fidelibus
280 2471 416 2539 presens
441 2451 596 2537 scriptum
622 2451 817 2538 inspectoris
841 2452 979 2520 salutem
1006 2462 1039 2521 et
1062 2477 1156 2524 omne
1171 2459 1228 2526 bo·

97 2580 187 2628 num.
220 2559 481 2646 Circumspeecio
506 2562 632 2646 Regum
647 2559 789 2646 prouida
813 2560 984 2645 condignis
1008 2563 1140 2649 premijs
1165 2566 1228 2633 sibi

98 2666 358 2750 obsequentibus
374 2666 423 2732 sic
439 2666 537 2734 debet
546 2684 726 2750 occurrere,
743 2673 779 2733 vt
794 2665 851 2750 alij
869 2667 1019 2754 exemplo
1038 2690 1147 2739 eornm
1157 2693 1229 2759 pro·

97 2774 211 2842 uocati
226 2773 272 2840 ad
286 2773 455 2841 fidelitatis
470 2792 571 2859 opera
586 2771 706 2841 sorcius
716 2774 944 2842 accendantur.
960 2775 1100 2844 Proinde
1111 2778 1154 2844 ad
1163 2779 1230 2845 vni-

98 2901 269 2949 uersorum
280 2879 435 2947 noticiam
444 2887 557 2948 tenore
572 2879 777 2966 presencium
788 2880 937 2950 volumus
947 2885 1127 2972 peruenire,
1144 2887 1231 2970 quod

100 3009 175 3056 cum
190 2987 299 3055 tidelis
315 2994 426 3058 noster
441 2987 579 3074 Egtdius
603 2988 690 3056 tilius
705 2989 830 3056 Thome
856 2987 896 3056 dc
912 2990 1014 3075 Vloay
1030 2991 1125 3059 nobis
1144 2994 1232 3058 circa

102 3095 271 3164 maritima
296 3095 481 3181 agentibus,
507 3115 571 3180 quo
587 3115 647 3162 nos
663 3103 808 3182 tempore
833 3098 1073 3183 persecucionis
1092 3098 1232 3167 barbare

103 3203 254 3272 nacionis
270 3205 482 3272 Tartarorum
498 3204 642 3288 qualitas
658 3205 814 3291 temporis
826 3213 1037 3292 persuaserat
1055 3206 1232 3292 declinare,

104 3313 328 3380 indesinenter
354 3319 387 3378 et
411 3310 575 3380 indefesse
600 3312 808 3397 sorduisset,
833 3313 867 3379 in
894 3313 1233 3401 recompensacionem

106 3417 275 3487 fidelitatis
291 3417 407 3504 ipsius,
424 3438 465 3484 ac
480 3419 598 3487 iutuitu
614 3419 826 3487 seruieiornm
843 3439 984 3506 suorum,
1004 3428 1040 3488 vt
1055 3421 1175 3508 etipse
1190 3419 1234 3486 ud

105 3525 275 3594 fidelitatis
301 3546 404 3614 opera
428 3526 549 3594 sorcius
576 3527 792 3613 accendatur,
820 3537 854 3596 et
878 3527 936 3614 alij
961 3527 1110 3616 exemplo
1136 3527 1235 3596 simili

108 3634 225 3701 melius
235 3632 429 3722 enimeutur,
439 3653 479 3700 ac
495 3633 600 3702 eciam
611 3633 797 3721 inuitentur,
808 3633 890 3702 duas
905 3643 1010 3703 terras
1020 3633 1116 3702 Ound
1126 3633 1236 3722 appel·

107 3742 206 3828 latas,
224 3740 362 3807 alteram
377 3740 522 3829 ipsorum
539 3742 687 3810 acastre
698 3743 867 3830 Zemplym
885 3748 1080 3830 exemptam,
1097 3742 1235 3809 alteram

108 3872 183 3920 vero
211 3849 303 3937 prius
327 3849 545 3918 caniscrornro
569 3855 753 3919 nostrorum
778 3849 850 3918 sine
874 3850 1020 3938 legitimo
1049 3868 1236 3918 successore

109 3955 353 4042 decedendum,
379 3957 443 4026 sibi
468 3978 508 4025 ae
532 3979 592 4046 per
617 3979 690 4025 eum
716 3958 786 4026 suis
810 3957 993 4042 heredibus,
1019 3957 1237 4038 heredumque

110 4065 353 4134 successoribus
370 4066 522 4133 duximus
538 4072 696 4153 perpetuo
713 4065 946 4152 eonferendas3
963 4065 1023 4132 tali
1038 4071 1148 4132 tamen
1164 4082 1236 4130 oon-

112 4171 239 4240 dicione
255 4173 501 4259 interueniente,
527 4181 561 4240 vt
576 4179 644 4240 tarn
661 4175 742 4261 ipse,
760 4194 858 4259 quam
883 4174 988 4239 eciam
1004 4171 1054 4240 sui
1074 4189 1238 4238 successo·

113 4301 161 4348 res
178 4281 276 4349 nobis
294 4281 466 4348 sordicium
491 4280 600 4348 tacere
616 4287 798 4366 teneantur,
815 4283 898 4349 sicut
914 4280 972 4366 aiij
991 4277 1094 4346 nostri
1112 4275 1238 4363 predia·

112 4388 167 4454 los.
177 4389 214 4455 ln
226 4383 364 4474 quarum
374 4397 534 4456 terrarum
545 4388 786 4474 possessionem
797 4385 968 4474 pacificam
978 4386 1083 4472 ipsum
1094 4403 1152 4472 per
1162 4382 1238 4450 ride-

23 4497 26 4520 *
115 4495 172 4560 lom
190 4504 339 4564 nostrum
355 4495 526 4562 sibertum
541 4495 745 4582 Propositum
755 4490 796 4558 dc
812 4490 913 4558 Turul
924 4489 1011 4579 (tgy)
1025 4489 1179 4556 iussimus
1194 4487 1240 4556 in·

114 4603 244 4672 trodoei.
263 4605 351 4670 Mete
369 4609 478 4670 autem
495 4603 639 4690 ipsarum
662 4609 820 4668 terrarum
838 4597 949 4664 decem
965 4602 1148 4666 aratrorum
1167 4595 1240 4663 usui
