3162 5188
835 331 993 432 ΑΨ..

348 527 426 595 inde
444 527 563 593 transit
581 545 676 592 vnum
703 527 924 612 oscewpotok,
950 535 984 593 ct
1000 527 1091 593 uenit
1105 527 1149 593 ad
1175 526 1341 610 quoddam
1366 525 1485 610 berch,

348 636 381 702 in
398 634 489 702 cuius
506 634 612 700 medio
630 635 691 700 sub
707 633 835 702 duabus
847 635 990 721 plicibus
1005 640 1082 701 sunt
1097 634 1160 701 dne
1177 641 1279 721 mete;
1300 635 1377 702 inde
1388 635 1488 702 vadit

349 743 493 810 adduas
520 747 635 826 metas,
661 761 725 826 que
749 747 906 829 separant
929 742 1034 830 ipsam
1060 749 1181 809 terram
1197 764 1218 809 a
1233 750 1321 810 terra
1345 742 1490 811 Mowka

350 857 383 919 ot
393 847 596 935 Crystofory,
614 855 647 915 et
662 847 778 935 incipit
792 856 904 918 tenere
920 856 1027 918 metas
1043 869 1115 916 cum
1125 851 1249 918 Azania
1263 852 1489 934 etSamnele;

350 958 426 1024 inde
443 971 503 1043 per
517 955 601 1024 duas
618 963 722 1025 metas
738 957 956 1044 procedendo,
982 959 1074 1026 venit
1089 957 1227 1028 inferius
1243 958 1287 1024 ad
1303 959 1402 1026 illum
1418 957 1491 1025 ion-

351 1076 427 1150 tem,
445 1065 501 1130 vbi
516 1065 693 1150 inceperat,
711 1067 816 1132 etsnb
832 1067 974 1149 quadam
986 1066 1089 1134 salice
1104 1065 1307 1132 terminatur.
1326 1067 1371 1132 Vt
1380 1064 1492 1149 igitur

350 1173 537 1242 huiusmodi
552 1179 628 1240 acta
643 1180 701 1240 ant
716 1193 874 1242 concessa
890 1194 1045 1260 processu
1062 1174 1216 1262 temporis
1239 1175 1336 1242 salua
1352 1194 1494 1260 semper

351 1287 566 1371 permaneant
591 1286 624 1347 et
639 1281 745 1366 illesa,
771 1290 940 1369 presentes
966 1283 1189 1350 concessimus
1212 1283 1354 1366 litteras,
1379 1281 1491 1366 sigilli

352 1389 457 1461 nostri
473 1389 614 1474 duplicis
629 1388 807 1456 munimine
822 1389 1044 1474 consignatas.
1070 1391 1192 1457 Datum
1208 1409 1294 1457 auno
1310 1388 1490 1458 Dominice

353 1498 597 1566 incarnacionis
613 1499 658 1564 M⁰
668 1497 732 1564 00⁰
747 1497 1018 1584 quinquagesimo
1035 1500 1188 1584 secundo,
1207 1497 1348 1584 septimo
1369 1497 1488 1564 kalen-

354 1610 415 1676 das
430 1605 566 1695 Aprilis,
583 1606 689 1690 Regni
704 1614 815 1674 autam
829 1606 932 1674 nostri
949 1606 1076 1676 decimo
1097 1614 1224 1674 octauo.

446 1805 496 1872 (Aa
510 1806 610 1860 erodeti
624 1801 690 1858 utin
704 1805 799 1857 Knauu
812 1808 837 1860 N
839 1803 932 1866 ander,
945 1809 1060 1872 Magyar
1074 1805 1140 1856 Sion
1154 1807 1190 1857 11.
1205 1807 1262 1856 ket.
1276 1807 1339 1858 599.
1354 1805 1385 1870 i.)

795 2107 840 2115 -ο
860 2103 1050 2114 -ae--ao--u

885 2609 962 2679 288.

361 2813 381 2877 I
387 2813 420 2878 V.
435 2811 514 2877 Be'le
529 2811 632 2897 kiraty
649 2809 793 2875 Mttozcoc
807 2812 898 2894 estoit
913 2810 1036 2876 Bududt
1051 2817 1082 2874 e'a
1097 2810 1253 2876 Dumidnt
1268 2808 1487 2897 leirdlyifufu-

573 2918 735 2984 ocroaokat
749 2917 828 2982 tadi
843 2919 931 3002 nepai
945 2916 1161 3002 ko'zc'fedoeaze'.
1183 2915 1281 2981 1252.

468 3114 551 3180 Boia
565 3113 629 3184 Dei
646 3113 760 3198 gracia
775 3111 954 3198 Hungaric,
970 3113 1153 3199 Dalmacie,
1169 3111 1358 3198 Ohoroaeic,
1375 3113 1489 3195 Rama

361 3221 486 3304 Seruio,
504 3220 653 3304 Gallicis,
667 3219 859 3287 bodomaric
869 3217 1093 3304 Oumanieque
1108 3221 1178 3286 Rex
1194 3218 1356 3286 vuinersis
1367 3219 1486 3286 onusti

361 3327 511 3396 fidelibus
538 3329 742 3416 presencium
767 3327 923 3395 noticiam
947 3327 1106 3395 habituris
1131 3328 1271 3394 salutem
1296 3327 1330 3393 iu
1356 3348 1405 3411 co,
1431 3329 1486 3413 qni

362 3434 509 3520 Regibus
525 3435 582 3502 dat
598 3435 749 3502 salutem.
773 3431 826 3500 Ad
841 3433 1065 3501 uniuersorum
1081 3440 1148 3501 tam
1165 3432 1372 3518 presencium
1389 3455 1485 3518 quarn

361 3549 564 3630 posterorum
592 3543 745 3612 noticiam
770 3543 884 3609 harum
910 3543 995 3610 aerio
1018 3544 1167 3612 uolumus
1191 3543 1374 3629 peruenire,
1399 3544 1486 3627 quod

362 3650 559 3736 quibusdam
574 3651 739 3719 bucheriis
756 3649 886 3734 uostris,
913 3649 1066 3717 uidelicet
1082 3649 1193 3720 Milozt
1207 3657 1241 3718 et
1267 3649 1393 3718 cinobns
1412 3650 1485 3718 filiis

363 3759 443 3846 cius,
461 3757 587 3826 scilicet
604 3757 710 3827 Budnl
725 3764 758 3826 et
772 3759 936 3826 Damione
953 3757 994 3824 de
1010 3757 1092 3824 uilla
1105 3758 1238 3843 Dehter,
1262 3758 1295 3825 in
1314 3757 1416 3825 armis
1431 3761 1484 3824 mi-

364 3866 515 3934 litaribus
540 3867 633 3933 nobis
652 3871 684 3932 et
700 3869 813 3949 Regno
839 3873 950 3934 nostro
976 3866 1102 3932 seruire
1127 3866 1398 3948 desiderantibus,
1427 3867 1484 3934 sub

365 3997 405 4044 ea
420 3973 610 4042 condicione
627 3974 772 4059 graciam
786 3973 933 4059 fecimus,
949 3979 986 4040 ut
1002 3973 1031 4040 si
1047 3974 1111 4041 duo
1121 3973 1178 4040 filii
1195 3973 1333 4060 predicti
1343 3975 1386 4040 nd
1400 3993 1484 4041 encr-

363 4085 462 4150 citum
487 4089 643 4165 nostrum,
669 4100 764 4166 quem
780 4088 894 4148 contra
909 4081 945 4150 P.
963 4080 1182 4149 Marohionem
1207 4081 1363 4169 Monunio,
1388 4081 1483 4148 filium

363 4191 503 4259 Illustris
532 4191 634 4277 Regis
657 4190 791 4257 Boemie
820 4189 1000 4275 ediximus,
1027 4190 1128 4257 armis
1153 4190 1351 4259 militaribus
1375 4189 1484 4276 induti,

363 4299 488 4366 scilicet
503 4298 623 4384 loricis,
653 4297 790 4384 capeliis
806 4295 849 4364 de
864 4297 959 4383 ferro,
987 4297 1111 4384 clipeis,
1140 4297 1273 4381 lanceis,
1301 4297 1439 4364 arcubus
1455 4306 1486 4365 et

366 4405 506 4490 sagittis,
523 4426 622 4491 equos
639 4427 697 4494 pro
715 4409 859 4474 exercitu
877 4407 1046 4490 habentes,
1064 4405 1214 4474 uenirent
1228 4412 1262 4472 et
1277 4415 1483 4489 assumerent,

366 4514 408 4581 de
423 4520 530 4584 cetero
546 4535 675 4601 semper
691 4515 725 4581 in
741 4523 853 4584 nostro
870 4515 1016 4583 exercitu
1032 4517 1080 4583 sic
1096 4515 1228 4600 seruire,
1245 4520 1364 4581 extunc
1380 4535 1482 4582 acon·

364 4622 493 4692 dicione
520 4623 748 4692 bachariorum
780 4631 949 4713 exemptos
980 4623 1014 4691 in
1045 4643 1213 4691 numerum
1244 4622 1483 4692 exercitualium
