3168 5186
860 353 1004 456 .-.s¹.s„⁵„.

363 551 728 620 monimineroborotns.
747 554 867 618 Datum
884 573 968 620 anno
979 553 1403 623 DominiceInearnacionis
1421 555 1495 620 mil--

363 660 476 727 lesimo
493 657 713 728 ducentesimo
729 661 997 746 quinquagesimo
1016 664 1138 747 quinto.

362 843 412 906 (Aa
428 842 531 894 erodeti
550 840 616 894 utin
629 841 723 894 Knauz
736 839 847 894 Ndndor
858 845 973 912 Magyar
991 845 1056 904 Sion
1068 843 1105 894 11.
1119 844 1175 896 ket.
1189 843 1282 896 682.1ι
1302 846 1390 898 Revid
1409 803 1492 896 kiro-

507 931 584 986 notdt
596 929 655 984 ltsd
669 931 797 997 Fejtrnel
812 935 876 988 cod.
891 935 1008 1002 Diplom.
1022 935 1067 987 lv.
1083 936 1139 986 lot.
1160 937 1183 985 ἲ.
1199 952 1220 986 r.
1235 938 1296 988 362.
1311 935 1339 1000 l.)

790 1223 915 1232 -ιι-ι-ι-

884 1673 959 1740 297.

356 1856 499 1920 Boleszld
515 1853 624 1918 brukei
639 1857 668 1916 e'e
677 1853 868 1918 azondoms'ri
882 1855 1000 1941 lenppel
1014 1856 1149 1942 bercmp,
1165 1879 1179 1921 s
1194 1859 1258 1941 orp'e
1268 1857 1480 1944 Kampanda,

360 1963 380 2027 I
385 1963 417 2026 V.
434 1963 513 2028 Be'la
529 1983 662 2047 mappam
677 1960 843 2047 isirdlynok
858 1963 980 2048 lednpo,
1004 1989 1024 2028 α
1039 1963 1151 2031 krakdt'
1165 1965 1344 2052 eqpbdznok
1359 1965 1481 2031 bis-toda

705 2073 792 2136 ir’dnt
807 2071 1008 2136 intc'zkednek.
1029 2071 1125 2138 1255.

463 2271 501 2336 ln
527 2267 656 2336 nomine
672 2266 805 2334 Domini
821 2269 934 2334 Amen.
961 2265 1131 2354 Quoniam,
1158 2274 1193 2336 nt
1217 2269 1265 2337 ait
1289 2269 1477 2353 auotoritas¹

356 2398 468 2446 omnes
493 2377 679 2460 moriuntur,
710 2383 743 2442 et
767 2375 861 2459 qnasi
885 2393 971 2458 aque
995 2373 1202 2462 dilabuutur,
1228 2399 1269 2445 ne
1293 2377 1478 2444 mortalium

241 2565 244 2584 Ι
354 2493 449 2571 gesta
474 2485 594 2552 celebri
612 2490 645 2550 et
659 2489 818 2570 perpetua
844 2485 999 2551 memoria
1015 2503 1145 2572 semper
1169 2485 1271 2570 digna
1296 2492 1478 2572 temporum

353 2594 492 2663 decursu
508 2600 630 2678 queant
654 2595 687 2659 in
706 2592 839 2660 dubium
855 2591 984 2679 adduci,
1010 2602 1043 2660 et
1058 2593 1233 2661 eorundem
1259 2593 1478 2662 mutabilitate

354 2702 579 2788 ambiguitatis
595 2701 768 2769 discrimen
785 2701 1007 2788 imposterum
1019 2702 1225 2787 aliquatenus
1241 2703 1371 2788 possint
1386 2703 1474 2788 pati3

355 2831 452 2899 opero
477 2810 621 2898 precium
646 2817 697 2878 est
714 2830 764 2896 ea,
791 2830 853 2895 qne
878 2810 1061 2877 huiusmodi
1086 2817 1169 2896 snut,
1193 2811 1418 2878 instrumentis
1445 2819 1476 2877 et

352 2917 561 3006 expressione
577 2917 707 2984 testium
723 2916 929 3003 perhennari.
951 2915 1035 2984 Hinc
1051 2923 1110 3004 est,
1131 2914 1218 3002 quod
1233 2937 1293 2986 non
1303 2915 1473 2984 Bolealoos

351 3030 415 3095 Dei
441 3027 553 3114 gracia
568 3026 797 3095 Gracouionsis
818 3031 852 3092 et
866 3025 1142 3094 Sandomiriensis
1158 3027 1244 3113 Dux,
1268 3044 1328 3113 per
1347 3027 1472 3112 opposi-

352 3148 420 3205 tum
435 3155 626 3222 nosgerere
651 3134 798 3203 uolentes
813 3134 966 3201 Bolezlao
991 3133 1153 3218 qnondam
1169 3134 1364 3202 Polonornm
1380 3135 1473 3220 Regi,

352 3266 408 3316 reo
427 3246 538 3316 mortis
555 3251 589 3312 et
602 3243 772 3330 sanguinis
797 3244 936 3330 preclari
953 3243 1073 3312 Christi
1089 3244 1241 3330 martyris
1260 3251 1293 3310 et
1307 3241 1474 3312 Pontidois

350 3353 532 3441 Stanialsj3
553 3365 586 3421 et
601 3355 712 3421 anima
736 3354 902 3439 ducentes,
926 3351 1088 3437 quomodo
1107 3354 1141 3420 in
1157 3353 1226 3422 sois
1251 3353 1420 3422 miracolis
1443 3361 1475 3416 et

351 3463 446 3530 dictis
472 3463 595 3530 sanctis
610 3463 702 3529 miris
727 3462 882 3529 virtutum
898 3459 1058 3547 prodigijs
1082 3460 1237 3546 dignatus
1262 3467 1313 3528 ost
1334 3460 1473 3528 eundem

351 3570 525 3638 mirificare
548 3571 622 3656 plus
647 3589 744 3654 quam
771 3568 1010 3636 admirabiliter
1034 3574 1181 3637 sanctum
1206 3587 1318 3654 snum3
1344 3573 1379 3634 et
1402 3566 1474 3634 ideo

349 3679 517 3765 cupientes
537 3678 642 3762 ipsum
658 3678 817 3746 bonorare
833 3677 865 3743 in
883 3677 989 3761 terris,
1015 3695 1110 3761 quem
1125 3677 1216 3744 Deus
1230 3674 1429 3756 glorificauit
1442 3675 1473 3741 in

348 3787 439 3872 celis,
459 3808 519 3874 pro
534 3783 678 3854 remedio
703 3784 808 3853 felicis
833 3786 941 3852 anime
956 3784 1060 3870 patris
1084 3784 1187 3850 nostri
1207 3783 1295 3850 olore
1319 3785 1474 3852 memorie

349 3895 509 3965 Orocouie
535 3905 568 3963 et
583 3893 789 3963 Sondomirie
803 3893 906 3962 Ducis
922 3893 1103 3973 Lentconis
1129 3899 1161 3959 et
1176 3891 1399 3960 incolomitate
1418 3907 1471 3976 ge·

348 4021 464 4071 nerone
483 4008 592 4070 nostre
608 4001 776 4088 genitricis
792 4002 929 4069 Ducisse
944 3997 1151 4085 bracizlaus,
1168 4005 1200 4065 et
1214 4003 1336 4083 nostro,
1360 4006 1394 4066 et
1420 4000 1472 4064 in-

347 4131 497 4196 genue
536 4112 767 4180 consortis
804 4121 958 4178 nostre
997 4106 1261 4193 (iungendis
1299 4125 1471 4192 precor·

346 4219 491 4288 dialis
514 4220 624 4287 filie
648 4219 784 4304 Regis
812 4217 974 4286 Incliti
997 4217 1322 4300 Hungororum‚
1356 4213 1471 4282 intuitu

347 4329 576 4396 beneficiorum
593 4335 625 4396 et
640 4328 860 4410 seruiciornm,
886 4344 950 4410 que
964 4323 1058 4392 nobis
1073 4321 1270 4390 venerabilis
1292 4322 1326 4389 in
1343 4322 1471 4392 Christo

346 4443 441 4522 pater
472 4437 622 4504 dominus
648 4436 813 4504 Prsndota
838 4435 1019 4520 Episcopus
1050 4439 1084 4498 et
1108 4429 1294 4516 Capitulum
1324 4429 1471 4499 Ecclesie

346 4542 575 4636 Gracouiensis
591 4542 826 4630 impenderunt,
844 4551 877 4609 et
892 4549 967 4610 sunt
981 4541 1016 4606 in
1032 4540 1173 4606 futorum
1188 4536 1470 4607 anctoreDomino

293 4705 298 4716 ,
346 4653 522 4739 prestituri,
549 4672 661 4720 omnes
688 4652 785 4720 uillas
810 4650 952 4738 Capituli
982 4648 1210 4716 (linconiensis
1236 4645 1394 4732 Ecclesia,
1418 4647 1469 4714 cui
