3162 5188
889 848 967 918 22⁰.

362 1024 393 1092 A
410 1029 548 1095 csotbdla'
561 1031 746 1098 caveatas
755 1032 1023 1118 boonpsoplaete,
1038 1034 1120 1120 bopy
1133 1032 1260 1098 Farkas
1269 1035 1396 1119 Misy-i
1410 1032 1510 1098 caeos

501 1141 600 1204 omani
615 1140 747 1208 libabat
761 1139 941 1206 robcadook
957 1139 1103 1206 Botltaak
1120 1141 1232 1208 eladio.
1253 1139 1352 1206 1250.

470 1332 539 1402 Nos
557 1334 743 1405 conuentus
761 1334 907 1402 Ecclesia
923 1335 1037 1401 Sancti
1054 1335 1142 1402 Petri
1170 1336 1211 1403 de
1227 1334 1351 1422 Gytbar
1371 1333 1508 1420 signifi·

363 1459 475 1509 canius
493 1444 642 1512 omnibus
659 1442 862 1530 presencium
879 1442 1035 1512 noticiam
1051 1440 1224 1530 habituris,
1252 1442 1339 1530 quod
1356 1443 1509 1511 accessit

364 1547 405 1615 ad
422 1557 567 1618 nostram
592 1552 797 1638 presenciam
814 1549 897 1619 Both
923 1550 965 1616 dc
980 1551 1061 1618 villa
1078 1549 1188 1636 lissay,
1213 1559 1245 1618 et
1262 1570 1334 1618 cum
1362 1569 1401 1620 eo
1419 1550 1507 1617 Fas-

363 1654 469 1724 casius
482 1656 566 1724 dixit
583 1677 691 1724 coram
708 1655 811 1740 nobis,
829 1656 916 1740 qaod
926 1654 1130 1724 uendidisset
1140 1656 1271 1724 vineam
1286 1677 1381 1725 suam
1397 1677 1507 1751 supcn

362 1769 482 1832 terram
509 1763 655 1833 eiusdem
680 1763 759 1832 ville
785 1763 999 1852 adiacentem,
1026 1771 1058 1831 et
1082 1772 1213 1852 partem
1238 1783 1330 1832 suam
1350 1765 1391 1832 de
1409 1765 1505 1833 silua

365 1869 503 1958 Kaluov,
534 1892 631 1959 quam
656 1873 728 1959 ipsc
753 1873 823 1939 iure
849 1873 1001 1960 empticio
1030 1873 1233 1962 possidebat,
1261 1871 1411 1960 Botbony
1437 1893 1502 1961 pro

365 1979 451 2049 iusto
478 1981 586 2068 precio
602 1981 635 2048 in
660 1985 851 2069 perpetuum
878 1980 1103 2067 possidendas.
1131 1983 1173 2048 lit
1188 2001 1230 2049 ne
1255 1981 1376 2066 aliquis
1394 1999 1501 2068 super

364 2087 425 2154 boo
441 2086 620 2171 aliquando
636 2096 748 2175 posset
763 2089 908 2171 aliquam
926 2087 1217 2156 contradiooionem
1236 2087 1356 2174 facere,
1381 2088 1425 2155 ad
1441 2107 1500 2177 pc

364 2195 515 2262 ticionem
541 2195 699 2283 sepedicti
714 2195 868 2281 Farlsasij
888 2205 920 2262 et
946 2195 1092 2264 eiusdem
1108 2197 1191 2263 Both
1219 2196 1413 2264 contulimus
1434 2217 1497 2283 pro

363 2303 550 2374 testimonio
568 2304 628 2373 has
645 2313 777 2374 nostras
794 2304 920 2373 litteras
936 2303 1036 2390 sigilli
1061 2305 1165 2372 nostri
1181 2305 1400 2398 impressione
1418 2306 1497 2373 insi-

363 2411 483 2498 gnitas.
508 2413 603 2482 Anno
632 2415 741 2501 gracie
757 2413 936 2481 M⁰CC⁰L⁰.
964 2411 1093 2479 Abbate
1110 2412 1233 2498 Blasio,
1258 2415 1396 2480 Deceno
1412 2413 1495 2482 Leo-

363 2519 476 2605 nardo,
493 2521 603 2591 Primo
620 2521 766 2591 Sacrista
786 2520 1011 2590 existentibus.

417 2716 554 2782 (Eredetie
564 2717 735 2788 borhmtyln,
748 2717 973 2788 hartyaasinsgen
984 2723 1069 2789 saggo·
1079 2717 1171 2787 peccet
1182 2719 1251 2773 alati
1261 2735 1277 2771 a
1289 2719 1372 2771 budai
1387 2720 1438 2770 kir.

766 2809 1089 2876 kamaruilevbltirbsn.)

795 3095 1060 3108 ————-—-—

887 3576 964 3644 221.

518 3759 679 3824 Be'lceksile's
698 3759 786 3824 Trou
801 3765 830 3823 e'a
847 3759 991 3824 Sehcaico
1008 3758 1137 3824 cerosolo
1150 3758 1226 3824 loct.
1242 3757 1340 3823 1250.

476 3957 513 4023 In
530 3955 661 4025 nomine
677 3954 809 4020 Domini
826 3953 940 4022 Amen.
961 3951 1121 4032 Quoniam
1137 3947 1258 4020 iustum
1278 3960 1311 4020 et
1325 3961 1492 4021 conuenta

367 4086 464 4134 neum
480 4065 610 4149 rationi,
635 4063 722 4150 quod
738 4062 821 4129 inter
837 4060 1042 4130 Christianos
1061 4080 1173 4128 omnes
1189 4060 1281 4148 pacis
1296 4061 1415 4130 federa
1429 4083 1492 4131 ser·

366 4181 491 4259 nentur,
509 4180 542 4242 et
557 4173 700 4242 maxime
715 4171 799 4239 inter
814 4169 1003 4238 conuioinas
1014 4167 1175 4254 ciuitates,
1192 4187 1329 4255 quarum
1345 4169 1491 4239 homines

365 4281 593 4350 necessitatem
608 4281 753 4349 habeant
766 4279 908 4348 diuersis
923 4276 965 4346 de
980 4277 1092 4348 musis
1107 4275 1150 4345 de
1165 4297 1230 4346 vna
1246 4276 1289 4344 ed
1304 4278 1406 4346 aliam
1422 4300 1490 4366 pro·

365 4410 500 4478 perare;
518 4411 590 4458 cnm
607 4396 640 4456 et
655 4389 738 4459 illud
753 4390 929 4474 contingat,
947 4388 1035 4475 quod
1051 4387 1084 4455 in
1100 4386 1326 4472 questionibus
1342 4395 1378 4455 et
1391 4385 1491 4456 disor-

367 4500 431 4585 dijs
457 4498 623 4587 patiantur
649 4497 794 4566 homines
818 4497 940 4565 demna
964 4495 1107 4585 plurima
1129 4505 1162 4564 et
1187 4495 1337 4565 aduersa.
1367 4495 1490 4566 ldoirco

372 4625 434 4677 nos
450 4603 534 4676 Vido
544 4605 773 4694 Traguriensis
782 4606 933 4675 Potestas
949 4611 982 4675 ct
990 4604 1109 4677 Daniel
1124 4603 1354 4676 Sabenicensis
1365 4603 1489 4691 Comes,
