3162 5188
890 895 968 964 224.

368 1085 389 1148 I
394 1083 426 1150 V.
444 1083 522 1148 Belo
537 1081 641 1167 larolp
658 1103 695 1144 aa
710 1079 806 1144 obedi
819 1079 945 1143 raucam
960 1077 1142 1162 jb'aedelmei
1156 1077 1242 1143 indat
1261 1078 1491 1164 orepdllopltott

697 1187 837 1274 aiswdlyt
851 1189 1030 1273 maperdsr'ti.
1051 1183 1148 1250 1251.

474 1388 542 1457 Nos
566 1385 723 1454 Nicolaus
749 1382 790 1451 da
815 1385 907 1454 Gara
930 1384 1035 1469 Regni
1062 1381 1231 1467 Huugarie
1259 1381 1436 1450 Palatinus
1465 1387 1496 1448 et

367 1495 700 1565 ludexcnmanornm
711 1493 825 1562 damus
840 1513 900 1581 pro
911 1492 1076 1577 memoria,
1095 1489 1264 1575 quodcum
1274 1490 1493 1558 Sebastianus

367 1605 454 1672 filius
470 1600 613 1670 hornudi
629 1601 670 1668 de
686 1600 791 1686 Abad,
808 1597 1000 1668 Ladinlaum
1010 1597 1216 1684 Wayuodam
1227 1597 1495 1666 Transilnauien-

368 1733 447 1798 sem,
475 1709 680 1796 Dyonisinm,
705 1707 876 1779 Nicolaum
901 1713 934 1774 et
957 1705 1151 1776 Michaelem
1177 1706 1262 1774 tilios
1286 1707 1429 1792 Desenv,
1459 1725 1497 1772 ac

369 1817 547 1904 Georgium
563 1819 666 1887 filium
681 1817 849 1904 Stephani,
874 1816 1001 1885 nobiles
1017 1815 1059 1885 de
1074 1815 1222 1884 bosonch
1242 1821 1360 1883 contra
1375 1835 1413 1882 se
1428 1834 1497 1901 pre·

370 1934 459 1998 textu
476 1927 737 2015 possessionarie
752 1923 925 1994 diuisionis
950 1925 984 1992 in
999 1924 1205 2013 presenciam
1220 1923 1345 1993 domini
1367 1925 1497 1992 Nicolai

367 2033 410 2102 de
427 2035 516 2103 dicta
532 2035 622 2103 Gara
646 2035 753 2122 patris
769 2033 872 2104 nostri
894 2033 1075 2120 pradilecti,
1101 2034 1136 2100 in
1151 2033 1239 2101 bona
1261 2033 1420 2100 memoria
1446 2032 1498 2100 de-

369 2142 483 2228 functi,
500 2142 533 2210 in
543 2149 665 2210 cenum
681 2142 853 2212 terminum
868 2142 1026 2211 traxisset
1040 2141 1074 2209 in
1090 2161 1236 2226 causam,
1252 2148 1287 2210 et
1301 2139 1378 2228 ipsa
1393 2160 1498 2209 cam

368 2251 454 2318 iuter
469 2257 579 2337 partes
603 2250 730 2319 diucius
746 2250 917 2319 ventillata
933 2251 977 2318 ad
992 2258 1128 2320 octonas
1153 2249 1228 2318 testi
1244 2250 1340 2318 Beati
1360 2247 1496 2334 Georgij

369 2357 521 2444 martyris
536 2358 570 2428 in
586 2379 672 2429 anno
688 2359 818 2427 Domini
834 2359 1006 2427 millesimo
1021 2361 1249 2428 trecentesimo
1269 2359 1496 2445 octuagesimo

370 2467 540 2554 preteritas
565 2474 740 2554 prorogata
765 2468 928 2536 extitisset
953 2469 1015 2538 stb.
1041 2467 1091 2554 (es
1117 2467 1217 2554 hjabb
1247 2467 1494 2537 elhalaszttsoh

370 2574 586 2663 kbnbejovtn)
606 2613 643 2624 -
666 2614 702 2622 -
721 2576 849 2643 interim
864 2575 961 2644 dictis
977 2576 1124 2664 partibus
1141 2575 1376 2645 decedentibus
1396 2613 1435 2624 -
1457 2613 1493 2623 -

370 2683 414 2750 ad
429 2690 564 2752 octauas
580 2683 656 2753 festi
671 2684 764 2752 Beati
776 2684 944 2754 Michaelis
958 2685 1156 2771 Archangeli
1173 2705 1261 2755 anno
1277 2685 1411 2754 Domini
1428 2686 1497 2753 mil·

369 2789 484 2859 lesimo
494 2791 718 2860 trecentesimo
734 2791 946 2878 nonagesimo
957 2813 1043 2862 nono
1059 2795 1193 2879 elapsas
1208 2791 1348 2862 deducta
1358 2792 1497 2878 luisset,

370 2896 511 2983 denique
525 2899 608 2986 ipsis
623 2900 750 2969 octenis
774 2898 973 2969 instantibus
990 2900 1150 2985 Georgius
1167 2898 1267 2984 (tilius
1288 2901 1493 2987 Sebastiam)

371 3011 462 3075 actor
483 3009 698 3096 personaliter
722 3009 755 3075 in
779 3008 902 3076 Detrioi
928 3008 984 3097 (de
1008 3007 1137 3096 Bnbek)
1166 3008 1308 3077 Palatini
1333 3007 1494 3077 veniendo

370 3117 592 3202 presenciam,
618 3116 777 3202 qumdam
802 3127 874 3186 octo
900 3118 1026 3186 litteras
1051 3117 1157 3185 eidem
1183 3117 1316 3186 Detrlco
1341 3117 1494 3184 Palatino

370 3223 614 3291 demonstrauit.
638 3224 782 3305 Quarum
797 3224 903 3312 prima
918 3226 1056 3292 condam
1079 3223 1201 3294 domini
1220 3224 1296 3293 Bale
1312 3224 1416 3291 incliti
1434 3227 1493 3291 Re·

370 3331 421 3415 gis
436 3332 602 3419 Hungarie
618 3333 722 3400 felicis
739 3333 978 3403 recordacionis
998 3332 1051 3401 hic
1067 3333 1158 3403 Bude
1177 3355 1261 3402 anno
1278 3333 1410 3400 Domini
1428 3333 1492 3399 mil-

370 3442 485 3509 lesimo
502 3440 724 3510 ducentesimo
750 3441 1019 3527 quinquagesimo
1035 3441 1149 3529 primo,
1175 3442 1277 3509 tercio
1296 3461 1402 3510 nonas
1419 3441 1493 3527 Sep·

371 3551 505 3617 lambris
531 3557 679 3637 patenter
703 3551 838 3619 suborta
864 3549 1106 3638 specificasset3
1133 3549 1222 3634 quod
1237 3552 1271 3618 in
1296 3571 1408 3637 cansa,
1435 3572 1495 3636 qne

370 3659 455 3725 inter
470 3659 664 3742 iohannem,
681 3659 862 3727 Prinartnm
878 3667 911 3726 et
927 3659 1099 3726 Hectorem
1115 3657 1199 3727 filios
1215 3658 1357 3726 Prinarti
1373 3679 1415 3726 ex
1431 3680 1494 3726 vna

370 3774 474 3855 parte,
500 3773 533 3834 et
548 3767 741 3853 Dyonisinm
765 3787 804 3835 ac
819 3767 948 3854 'I'ybam
974 3767 1059 3836 lilios
1075 3765 1169 3834 Ohah
1189 3786 1228 3834 en
1255 3767 1370 3853 altera,
1397 3789 1493 3854 super

371 3883 464 3965 portu
475 3876 579 3963 Abad,
594 3877 678 3943 siout
692 3875 797 3943 eidem
813 3873 944 3945 domino
956 3875 1033 3944 Dele
1048 3875 1132 3962 Regi
1148 3897 1206 3963 per
1223 3877 1349 3944 litteras
1359 3877 1481 3962 Agrieu

370 3984 418 4052 sis
434 3983 577 4072 Capituli
592 3985 796 4071 innotuisset,
814 3983 1033 4052 mediantibus
1050 3985 1162 4071 probis
1177 3985 1257 4053 viris
1274 3987 1351 4052 talis
1368 4005 1493 4071 compo·

370 4091 451 4160 sicio
467 4091 704 4178 interuenisset,
729 4091 816 4177 quod
836 4099 936 4159 totum
962 4091 1118 4159 tributum
1134 4091 1211 4160 dicti
1231 4099 1343 4181 portus
1368 4113 1389 4160 a
1413 4093 1493 4160 festo

371 4199 483 4267 Sancti
507 4199 624 4267 Jacobi
660 4197 817 4287 predictis
841 4198 1005 4285 Dyonisio
1030 4206 1062 4266 et
1086 4201 1184 4285 'l'yba
1210 4198 1286 4285 filijs
1312 4200 1427 4286 Chak,
1455 4220 1492 4266 ac

370 4309 455 4375 Imre
470 4316 503 4376 et
518 4308 641 4376 Samud
657 4307 733 4396 filijs
749 4307 900 4395 Dyonisij
921 4307 1059 4376 condam
1076 4308 1219 4376 Palatini
1231 4308 1346 4376 cedere
1362 4309 1493 4378 deberet

370 4436 429 4503 pro
445 4435 494 4502 eo,
521 4414 609 4501 qnod
634 4414 771 4504 predicti
787 4417 957 4485 lohannes
982 4423 1015 4483 et
1035 4415 1155 4486 iratres
1175 4417 1226 4486 sui
1249 4419 1405 4487 tributum
1420 4419 1491 4487 dieti

371 4531 483 4611 portus
499 4544 520 4590 a
536 4531 680 4612 tempore
696 4527 908 4593 Tartarorum
934 4544 1036 4609 usque
1057 4532 1134 4592 tunc
1159 4526 1304 4594 totaliter
1333 4529 1489 4615 percepis-

372 4637 461 4717 sent;
487 4633 589 4701 tercio
615 4642 722 4702 autem
738 4634 850 4701 Sancti
866 4633 983 4702 Jacobi
998 4631 1081 4700 lesio
1105 4634 1263 4719 reuoluto,
1290 4635 1427 4721 predicti
1443 4637 1491 4704 Jo-
