3210 5194
651 914 707 982 89.

105 1097 165 1162 IV.
183 1095 267 1163 Bru
282 1094 393 1183 barely
409 1094 478 1162 suth
493 1098 752 1182 treacrtamsppei
761 1097 986 1184 vdmcbbcippat
1002 1121 1042 1162 aa
1058 1097 1242 1165 abluisset-

446 1201 534 1288 pelas
547 1201 614 1267 alul
622 1201 778 1288 samsari.
794 1205 889 1270 1243.

217 1398 301 1464 Bela
319 1396 384 1462 Dei
409 1398 523 1483 macie
545 1398 722 1483 Hungarie‚
748 1397 928 1482 Dalmacie,
954 1400 1102 1484 Graecis,
1128 1402 1240 1484 Rame,

103 1504 231 1590 Seruie,
250 1502 403 1588 Gallicie,
420 1503 613 1572 Ludumerie
624 1503 846 1588 Cumanieque
861 1505 932 1572 Rex
952 1506 1102 1574 omnibus
1119 1506 1241 1573 Christi

102 1609 261 1678 fidelibus
286 1616 472 1698 presentem
491 1610 648 1698 paginam
664 1611 860 1696 inspecturis
885 1612 1024 1678 salutem
1046 1612 1239 1682 nomnium

101 1719 287 1786 Salnatore.
306 1719 566 1807 Circumspecciu
576 1722 701 1803 Regum
717 1719 857 1806 prouida
871 1740 1004 1789 suerum
1013 1719 1156 1786 fidelium
1169 1740 1236 1788 ser·

100 1826 198 1911 uicijs
217 1833 314 1910 gratu
332 1827 430 1896 debet
446 1847 615 1895 occurrere
631 1827 766 1913 premio,
788 1834 824 1894 ut
839 1829 897 1912 alij
914 1827 957 1894 ad
973 1827 1160 1896 exhibenda
1175 1827 1238 1894 sibi

99 1931 247 1999 seruicia
262 1940 296 2000 et
310 1931 503 2002 fidelitatem
528 1934 782 2021 impendendam
796 1935 916 2002 sorcius
940 1934 1126 2002 inuitentur.
1152 1934 1237 2000 Hine

100 2045 149 2108 est
164 2058 261 2124 erge,
275 2039 365 2123 qued
378 2045 446 2107 tam
460 2042 666 2127 presentibus
683 2062 781 2128 quam
796 2045 936 2130 posteris
960 2043 1075 2109 harum
1094 2041 1236 2108 insinua·

98 2145 195 2210 cione
213 2143 435 2230 declaramus,
460 2146 548 2230 quod
563 2169 623 2215 nos
638 2148 767 2233 Newer,
784 2148 886 2234 Buda,
904 2149 1053 2234 Orcirad‚
1071 2148 1234 2234 besebah,

96 2257 224 2325 Radila
249 2262 282 2322 et
298 2255 489 2338 Damasluu,
515 2256 661 2324 hemines
686 2257 792 2324 casui
808 2257 1071 2326 Trenchiniensis
1098 2257 1140 2323 de
1155 2256 1235 2323 villa
1282 2293 1289 2306 ·

5 2397 6 2400 π
96 2363 266 2430 Wetislcu
282 2363 424 2446 nomine,
451 2364 507 2446 qui
526 2363 622 2430 nobis
637 2363 672 2430 in
687 2365 813 2432 cebetis
837 2365 962 2433 seruire
987 2370 1233 2450 consueuerant,

5 2541 7 2574 Ι
96 2491 155 2556 pro
172 2489 227 2552 eo,
246 2466 336 2553 qued
352 2467 453 2553 ijdem
478 2477 624 2556 tempore
639 2472 879 2556 persecuciunis
894 2475 1107 2538 Tarterorum
1125 2463 1247 2556 perso!

96 2597 158 2644 nas
174 2584 210 2643 et
226 2575 333 2642 resin
359 2575 593 2643 obseruacione
607 2585 707 2643 castri
722 2578 892 2645 Trenchen
918 2596 1081 2665 exponere
1100 2577 1234 2642 nullate-

5 2773 6 2776 *
96 2683 383 2766 succubuerunt,
412 2686 445 2746 et
464 2682 560 2748 nobis
587 2682 628 2749 de
657 2670 828 2752 maritimis
853 2685 1088 2752 reuertentibus
1105 2685 1231 2769 armati,

5 2795 6 2802 ’
96 2802 131 2862 ut
149 2793 302 2876 decebat,
321 2791 354 2855 in
367 2788 513 2855 exercitu
528 2796 641 2858 uonna
650 2792 773 2858 Ducem
784 2791 914 2859 Austris
930 2791 1043 2859 habito
1057 2791 1231 2858 seruicium

81 2901 318 2968 'exbibuerunt
333 2903 463 2982 gratum
479 2901 512 2961 et
527 2905 717 2984 acceptum
742 2917 803 2986 pru
820 2919 858 2967 eo
876 2899 989 2984 eciam,
1014 2897 1102 2981 quud
1116 2897 1151 2964 in
1166 2918 1231 2966 ma·

93 3010 171 3077 ioris
187 3004 362 3073 fidelitatis
389 3009 618 3088 argumentum
634 3006 729 3074 nubis
755 3013 788 3073 et
803 3009 929 3077 Corone
945 3008 1049 3092 Regis
1074 3026 1110 3073 se
1130 3006 1231 3074 serui-

95 3125 186 3184 turus
203 3116 242 3180 in
257 3112 359 3178 armis
386 3111 582 3180 militaribus
599 3122 856 3200 assumpserunt,
881 3117 971 3202 ipsos
987 3116 1021 3182 iu
1031 3117 1229 3200 jobsgiones

94 3221 209 3288 Sancti
225 3217 330 3302 Regis
347 3215 455 3282 (lustri
481 3218 628 3284 eiusdem
643 3220 815 3286 simulcum
840 3218 1038 3287 hereditaria
1054 3238 1116 3286 sua
1139 3219 1229 3284 duni·

94 3348 167 3396 mus
184 3331 348 3412 perpetuo
364 3324 619 3394 transferendos.
643 3328 705 3413 Ita,
723 3333 758 3394 ut
773 3327 815 3394 de
831 3333 938 3394 cetero
954 3333 1022 3393 tam
1037 3327 1112 3414 ipsi,
1129 3345 1227 3409 quern

95 3451 210 3504 eurum
228 3450 434 3501 successures
450 3432 535 3498 inter
544 3434 742 3519 jobugiones
753 3434 861 3502 Castri
877 3434 1046 3502 memorati
1065 3438 1228 3519 computa·

94 3544 178 3613 biles
190 3545 267 3612 sine
282 3541 545 3609 contradiccione
556 3542 747 3627 habeantur,
767 3563 828 3609 nec
840 3543 899 3609 ulli
909 3562 1048 3626 unquam
1059 3541 1226 3610 huminum

93 3652 228 3719 racione
243 3647 448 3716 condicionis
463 3649 599 3733 pristine
610 3655 782 3718 teneantur
797 3652 1005 3734 aliquatenus
1015 3649 1224 3735 respendere.

93 3759 134 3826 nt
148 3779 190 3825 ne
216 3755 317 3824 huius
341 3773 496 3822 concesse
521 3754 684 3823 libertatis
711 3763 815 3824 status
831 3756 866 3824 in
884 3763 1050 3842 posterum
1076 3760 1173 3840 queat
1191 3754 1225 3821 in

92 3865 219 3931 irritum
228 3861 382 3930 reuocari
398 3861 451 3927 uel
462 3861 668 3944 aliquatenus
683 3863 865 3946 retraetari,
882 3860 1010 3929 adeius
1026 3861 1224 3931 firmamsta-

93 3972 255 4038 uilitatem
279 3966 409 4034 litteras
425 3973 556 4035 nostras
580 3971 803 4038 concessimus
817 3968 981 4056 dupplicis
1004 3969 1106 4053 sigilli
1122 3971 1225 4037 nestri

92 4076 270 4144 munimine
287 4074 470 4141 roboratas.
486 4073 582 4144 Anno
592 4076 705 4160 gracie
717 4076 890 4144 millesime
909 4075 1129 4145 ducentesimo
1146 4096 1223 4162 qua-

90 4184 280 4269 dragesimo
308 4181 409 4248 tercio
424 4181 501 4248 IIII.
518 4201 623 4250 nunes
639 4183 660 4250 J
662 4183 738 4269 unii,
765 4183 870 4270 Regni
886 4191 996 4250 autem
1019 4181 1122 4250 nestri
1136 4201 1223 4250 anno

89 4298 217 4361 emaus.

89 4433 130 4498 (V.
143 4433 240 4488 Istviu
254 4431 404 4500 kirilynak
419 4435 530 4487 rute-li
540 4432 703 4502 megerbsltb
712 4430 948 4502 privilegiumlbtl
957 4448 975 4486 ι
984 4430 1057 4486 nabit.
1066 4430 1133 4486 utre
1144 4431 1218 4484 llari·

427 4523 560 4592 nyiusski
573 4522 666 4577 usalid
679 4521 887 4592 lereltulrrlban.)
