3210 5194
825 324 987 427 *aa*

342 527 443 615 garis,
459 525 624 606 Bohemis,
641 522 812 590 Dalmacie
827 523 889 592 stb.
905 523 1006 608 Regis
1029 523 1213 590 amiciciam
1227 530 1378 610 paratam
1394 543 1471 592 cnm

341 635 475 703 honore.
490 630 668 714 Noueritis,
683 629 771 714 qnod
788 648 861 697 cum
877 632 919 698 ob
929 629 1216 699 contradictoriam
1236 631 1474 699 inhibitionem

344 747 504 808 metarum
519 736 794 808 reambulacionis
809 739 1029 826 possessionis
1046 738 1158 826 Leegh
1174 747 1292 807 vocate
1315 741 1350 806 in
1365 737 1475 806 Domi-

343 854 415 914 tatu
438 845 631 914 Posoniensi
655 845 839 928 existentis,
865 843 987 912 nobilis
1014 843 1146 912 domina
1167 844 1327 930 Heduigis
1352 851 1474 915 vocata

345 955 470 1040 relicta,
495 972 536 1020 ac
552 953 719 1019 Emericns
735 952 822 1019 filins
848 949 988 1019 condam
1003 951 1091 1018 Petri
1108 950 1194 1020 Grol
1212 951 1254 1018 de
1272 953 1390 1037 Bonan,
1408 957 1475 1019 An-

345 1061 493 1129 thonium
508 1060 611 1128 lilium
626 1059 802 1144 Dominici,
819 1058 1019 1129 Clementem
1034 1059 1136 1127 filium
1151 1059 1310 1146 Stephani
1324 1060 1366 1129 de
1381 1059 1475 1128 Sala

347 1169 546 1252 menwatha,
562 1167 771 1236 Salomonem
796 1167 929 1235 fratrem
952 1166 1099 1234 eiusdem
1114 1167 1283 1254 Anthonij,
1305 1166 1476 1234 Andream

347 1277 450 1343 lilium
465 1274 596 1342 Nicolai
620 1275 662 1342 de
677 1275 857 1360 Belwatha,
885 1281 918 1341 et
934 1276 1136 1362 Stephanum
1151 1275 1254 1342 filium
1270 1274 1477 1361 Sigismnndi

350 1382 392 1450 de
406 1383 528 1450 Watha
542 1383 688 1468 legitime
711 1383 916 1451 cnocacionis
932 1383 1065 1452 modum
1088 1382 1293 1450 obseruando
1309 1390 1422 1450 contra
1438 1401 1477 1448 se

349 1490 392 1557 ad
408 1496 543 1558 cctauas
557 1489 634 1557 festi
648 1490 744 1558 Beati
759 1490 876 1558 Jacobi
892 1491 1041 1577 Apostoli
1063 1490 1098 1556 in
1122 1512 1207 1558 anno
1223 1490 1356 1558 Domini
1372 1489 1477 1556 mille·

350 1597 432 1664 simo
458 1596 777 1682 quadringentesimo
802 1599 968 1667 tricesimo
999 1606 1113 1683 quarto
1139 1597 1313 1684 preteritas
1338 1597 1479 1683 Regiam

351 1706 385 1773 in
409 1706 613 1792 presenciam
637 1707 837 1790 attraxisset,
867 1716 900 1773 et
917 1709 959 1773 ab
985 1706 1110 1774 eisdem
1133 1705 1257 1773 octauis
1276 1706 1349 1792 ipsa
1374 1723 1481 1771 cansa

350 1820 462 1900 partes
486 1814 570 1880 inter
595 1813 727 1881 easdem
752 1815 817 1883 stb.
841 1813 1009 1901 (tdbbsadr
1033 1814 1293 1896 elhalasatatott,
1319 1832 1335 1879 s
1360 1811 1479 1896 segre)

350 1927 519 2006 presentes
529 1929 663 1990 octanas
684 1920 759 1989 festi
768 1923 1026 2010 Epiphaniamm
1036 1921 1170 1989 Domini
1179 1921 1360 2006 attigissst;
1379 1957 1424 1968 —
1434 1955 1482 1968 -

352 2030 486 2097 tandem
501 2029 585 2116 ipsis
601 2031 727 2098 octauis
744 2031 818 2100 festi
836 2032 1096 2119 Epiphaniarnm
1111 2031 1243 2098 Domini
1267 2029 1481 2112 instantibus,

353 2134 522 2203 lohannes
538 2136 717 2205 Litteratus
734 2137 774 2204 de
790 2139 959 2225 Debiagoz
975 2159 1034 2227 pro
1051 2138 1216 2206 annotatis
1229 2137 1330 2205 nobili
1345 2134 1483 2202 domina

353 2241 515 2327 Hedvigis
540 2251 656 2311 vocata
682 2245 796 2312 relicta
821 2251 853 2312 ct
868 2247 1017 2312 Dmerico
1040 2245 1106 2312 filio
1130 2243 1268 2312 condam
1284 2243 1371 2310 Petri
1388 2241 1486 2309 (inoff

225 2348 231 2354 ’
355 2346 397 2416 de
412 2349 519 2417 Bozen
535 2369 607 2416 cum
633 2352 866 2437 procuratoriis
890 2353 1007 2419 litteris
1023 2353 1143 2420 vestris
1166 2352 1198 2417 in
1223 2358 1368 2418 nostram
1394 2349 1485 2416 veni-

355 2456 441 2523 endo
457 2458 670 2543 presenciam,
691 2459 851 2543 quasdam
868 2461 996 2527 litteras
1013 2461 1075 2528 stb.
1092 2466 1202 2527 nostro
1213 2457 1389 2544 judiciario
1406 2475 1486 2522 exa·

356 2563 437 2631 mini
468 2565 594 2632 curauit
618 2565 840 2634 demonstrare
864 2569 926 2636 stb.
959 2567 1090 2656 (Ennelr
1121 2565 1304 2654 alleneben)
1330 2563 1486 2630 Andreas

355 2673 442 2740 filius
458 2671 588 2741 Nicolai
612 2696 670 2760 pro
687 2695 722 2743 se
738 2677 964 2762 personaliter,
985 2683 1017 2743 et
1033 2697 1092 2764 pro
1108 2674 1204 2742 dictis
1220 2673 1394 2758 Anthonio‚
1411 2669 1487 2737 (lle

358 2789 475 2870 mente,
485 2783 660 2852 Salomone
678 2793 711 2850 ct
720 2783 887 2870 Stephano
904 2805 976 2852 cum
987 2783 1221 2872 procuratoriJ's
1236 2781 1353 2849 litteris
1364 2777 1487 2847 vestris

358 2890 392 2956 in
408 2897 552 2958 nostram
578 2893 766 2977 exurgendo
783 2893 985 2978 presenciam
1011 2892 1172 2978 quasdam
1187 2891 1313 2957 litteras
1329 2887 1408 2955 dicti
1427 2887 1487 2953 do·

259 2996 269 3009 “
359 2995 438 3064 mini
454 2998 532 3064 Bele
548 2999 648 3084 Regis
673 3001 897 3087 priuilegiales
921 3001 992 3068 sine
1008 3020 1094 3068 anno
1115 3004 1298 3079 emanatas,
1325 2995 1489 3062 habentes

358 3103 444 3171 inse
460 3105 682 3173 confirmatiue
708 3113 853 3174 tenorem
873 3106 1076 3192 quarundam
1101 3105 1282 3170 litterarum
1306 3099 1491 3169 sentencio-

360 3211 484 3277 nalium
509 3210 638 3279 Nicolai
653 3211 852 3281 Viceindiois
879 3211 977 3278 Curio
1000 3232 1058 3280 sne
1077 3211 1168 3278 Bnde
1192 3210 1228 3275 in
1243 3206 1407 3276 dominica
1426 3207 1492 3272 Le-

360 3322 431 3385 tars
447 3339 534 3385 anno
550 3319 661 3404 gracie
685 3320 858 3388 millesimo
875 3319 1096 3387 ducentesimo
1120 3317 1282 3386 tricesimo
1297 3333 1384 3382 nono
1402 3332 1491 3379 ema·

362 3431 458 3492 natas
474 3426 568 3493 nobis
592 3429 721 3494 curauit
736 3426 971 3513 demonstrare,
996 3428 1031 3494 in
1047 3427 1164 3514 quibus
1180 3425 1373 3506 habebatur,
1397 3420 1492 3505 quod

362 3551 436 3597 cum
451 3533 584 3613 quidam
606 3533 801 3618 jobagiones
817 3535 925 3603 castri
941 3535 1150 3603 Posoniensis
1175 3532 1293 3600 litteris
1313 3532 1347 3596 in
1363 3527 1494 3596 eisdem

363 3638 533 3722 nominati,
550 3639 635 3706 inter
650 3647 777 3709 ceteros
793 3640 964 3709 Rodoman
980 3648 1014 3709 et
1028 3641 1086 3726 alij
1103 3640 1144 3707 de
1159 3640 1241 3706 villa
1250 3635 1368 3722 Hegvi,
1385 3634 1493 3720 requi·

363 3744 494 3812 sinisset
509 3766 530 3810 a
544 3752 614 3813 tota
628 3749 843 3831 generacionc
858 3750 1024 3832 Salomon,
1042 3749 1098 3833 qni
1112 3747 1251 3814 luissent
1266 3746 1301 3812 in
1315 3743 1441 3810 Watha
1458 3750 1492 3807 et

362 3853 397 3919 in
412 3852 577 3939 Salomon,
603 3853 767 3937 quandam
792 3861 913 3923 terram
929 3856 970 3922 de
992 3863 1080 3923 terra
1095 3853 1226 3934 Watha,
1251 3869 1316 3936 qne
1332 3849 1419 3933 wlgo
1437 3865 1495 3913 vo-

364 3967 492 4026 caretur
516 3960 695 4027 Althalwth
722 3963 812 4046 allya
827 3963 914 4029 felde
938 3982 999 4048 pro
1014 3968 1108 4049 parte
1133 3960 1242 4027 (lastri
1266 3954 1495 4036 Posoniensis,

364 4074 549 4136 asserentes
578 4069 716 4134 eandem
745 4076 868 4136 terram
900 4070 947 4137 eis
977 4071 1047 4137 inre
1079 4066 1277 4136 hereditario
1307 4061 1494 4150 portinere,

365 4174 506 4258 dictique
531 4174 656 4242 nobiles
682 4174 937 4262 respondissent,
966 4176 1103 4244 candem
1125 4151 1248 4242 terram
1273 4189 1347 4237 esse
1366 4167 1495 4254 porcio—

364 4302 438 4349 nem
455 4291 540 4349 terre
557 4284 686 4368 Watha,
713 4286 859 4372 ipsorum
875 4287 999 4352 scilicet
1022 4295 1054 4352 et
1071 4286 1175 4352 tocius
1192 4276 1420 4366 generationis
1437 4277 1500 4342 Sa-

365 4391 475 4458 lomon
491 4391 742 4476 hereditariam
768 4391 901 4460 tandem
918 4393 996 4477 qnia
1019 4391 1144 4480 prefato
1161 4389 1299 4456 Nicolao
1315 4382 1501 4450 Vicciudici

366 4497 462 4565 (lurie
486 4497 587 4582 Regia
610 4500 803 4584 quibusdam
828 4499 1082 4585 probacionibus
1108 4500 1142 4565 in
1161 4499 1249 4564 lacto
1276 4491 1381 4581 ipsius
1408 4509 1502 4568 torro

369 4627 427 4694 per
441 4605 531 4692 ipsos
553 4606 749 4691 jobagiones
766 4605 874 4672 Dastri
899 4613 932 4672 et
947 4605 1051 4673 dictos
1067 4607 1195 4674 nobiles
1212 4606 1253 4676 de
1276 4608 1502 4691 generacione
