3210 5194
561 371 713 470 „ll-

78 565 179 634 Sancti
194 566 329 636 llartini
355 567 397 634 de
413 569 514 636 Sacro
531 569 640 638 Monte
657 568 825 636 Pannonio
843 567 996 636 indebitis
1019 570 1198 640 cruccicul-

79 678 129 744 bus
142 681 174 742 et
189 676 343 762 seruiciJs
358 695 395 744 se
411 674 453 744 de
470 683 617 764 tempore
634 679 666 746 in
682 687 811 764 tempus
829 697 901 743 esse
918 683 1073 762 granatos
1090 697 1198 746 coram

78 785 162 852 noble
193 785 468 853 lachrimabiliter
492 793 783 872 conquererentur;
816 785 941 872 placuit
965 785 1060 854 nobis
1091 787 1198 872 ipsam

78 895 312 977 lachrymosam
339 895 506 977 querelam
530 894 714 980 admittere,
741 903 773 962 et
788 894 927 962 eandem
946 893 1200 962 misericorditer

78 1001 194 1066 racione
210 1003 332 1086 prenia
357 1003 543 1070 terminare.
561 1001 753 1072 constitutis
779 1003 891 1087 itaque
907 1002 988 1088 ipsis
1011 1002 1142 1088 populis
1165 1004 1197 1068 in

79 1115 177 1174 nostra
201 1111 381 1195 presencia
407 1131 448 1177 ex
464 1118 659 1197 anteparta,
675 1112 809 1179 Deoauo
826 1119 858 1176 et
884 1110 1038 1177 iratribus
1058 1129 1118 1178 nec
1132 1130 1197 1176 non

75 1215 297 1300 jobagionibus
324 1217 471 1286 eiusdem
500 1217 655 1302 Ecclesia,
688 1238 761 1285 cum
786 1218 883 1303 pleno
910 1217 1068 1284 mandato
1093 1218 1197 1304 ipsius

79 1323 213 1406 Abbatis,
241 1326 300 1409 qni
319 1329 452 1412 propter
467 1325 686 1392 infirmitatem
710 1325 829 1393 edesse
845 1345 908 1392 non
929 1331 1069 1411 poterat,
1095 1344 1138 1391 ex
1152 1325 1197 1391 al-

80 1438 155 1515 tera,
177 1433 339 1515 antiquas
355 1435 447 1518 leges
461 1440 495 1500 et
511 1432 624 1500 debita
647 1434 822 1501 eorundem
839 1452 859 1498 a
875 1432 1091 1500 sanctissimo
1107 1436 1196 1518 Rege

79 1537 230 1624 Stephano
256 1540 438 1606 constituta
464 1539 699 1623 exquisiuimus
714 1540 872 1626 seriatim,
896 1540 1014 1624 quibus
1030 1539 1127 1625 plene
1143 1557 1195 1605 ex-

79 1645 192 1731 quisitis
208 1651 242 1712 et
260 1645 425 1714 ueraciter
441 1647 595 1732 expertis,
613 1646 754 1732 quedam
771 1667 882 1716 corum
898 1644 1017 1731 debita,
1035 1665 1098 1730 qne
1112 1647 1194 1732 ipsis

79 1752 246 1837 ponderose
274 1753 432 1840 imposita
447 1762 560 1839 erant;
587 1755 663 1823 licet
678 1759 788 1822 tamma
811 1775 853 1822 ex
869 1755 1005 1840 antiqua
1028 1761 1195 1822 consuetu·

79 1860 142 1928 dine
165 1863 355 1945 obseruata,
383 1860 464 1946 ipsis
480 1860 632 1928 uidelicet
648 1861 781 1928 Decano
807 1868 840 1927 et
854 1859 1019 1944 fratribus,
1045 1877 1106 1926 nec
1130 1881 1195 1928 non

76 1967 296 2054 jobagionibus
314 1965 461 2036 eiusdem
478 1968 626 2036 Ilcclesie
638 1967 934 2056 consencientibus,
951 1970 1193 2056 relaxauimus;

79 2095 118 2161 ea,
137 2096 196 2159 que
206 2076 299 2143 insta
316 2085 349 2144 et
359 2076 522 2162 legittima
536 2077 675 2162 fuerant,
692 2084 804 2144 tenore
821 2076 1027 2163 presencium
1044 2076 1193 2163 imposte-

78 2205 136 2250 rum
144 2185 385 2253 confirmantes.
407 2185 548 2252 Primum
559 2184 657 2271 igitur
667 2185 812 2253 debitum
828 2186 1077 2254 vducmicornm
1089 2187 1193 2273 ipsius

77 2291 210 2361 Ecclesie
226 2299 291 2380 est,
318 2299 505 2380 atempore
529 2314 689 2363 nouarum
714 2293 843 2379 frugum
867 2293 1055 2381 persoluere
1080 2295 1114 2360 in
1134 2315 1194 2362 aex

78 2400 237 2485 mensibus,
254 2420 453 2486 unoquoque
463 2400 618 2468 uidelicet
633 2419 756 2488 mense,
772 2399 814 2467 de
825 2400 893 2468 suis
910 2400 1050 2486 propriis
1066 2407 1193 2468 centum

78 2513 103 2572 et
117 2511 245 2594 triginta
261 2531 386 2578 aeones
409 2509 517 2577 farine
532 2510 573 2578 de
590 2511 762 2594 frumento,
780 2518 812 2578 et
828 2509 1050 2594 quadraginta
1071 2530 1193 2580 aeones

78 2615 111 2680 de
121 2618 257 2704 siligine,
276 2625 311 2686 et
321 2625 450 2684 centnm
465 2619 676 2704 septuaginta
686 2618 858 2686 aconesde
874 2637 991 2684 auena.
1007 2620 1090 2686 Item
1102 2619 1193 2688 alind

80 2720 211 2792 debitum
226 2747 341 2796 eornm
357 2735 416 2812 cst,
443 2728 487 2793 ad
504 2727 589 2795 alios
604 2747 663 2794 sex
680 2746 808 2795 menses
832 2731 963 2811 portare
979 2733 1109 2812 segetes
1125 2733 1193 2795 tam

80 2831 204 2918 Simigij,
231 2854 333 2917 quam
350 2833 384 2900 in
400 2834 476 2919 alijs
502 2834 651 2923 partibus
676 2833 865 2917 existentes,
890 2840 1019 2900 centum
1040 2833 1194 2902 uidelicet

81 2945 108 3004 et
119 2943 327 3027 septuaginta
342 2961 462 3009 aeones
478 2941 521 3007 ad
536 2939 757 3012 molendinum
773 2939 929 3027 Ecclesie,
946 2947 978 3007 et
993 2961 1050 3008 eas
1066 2942 1113 3009 ibi
1128 2963 1193 3011 mo·

80 3047 139 3114 lare
152 3058 184 3117 et
198 3059 334 3137 portare
357 3051 401 3117 ad
417 3050 545 3118 elicium
562 3051 719 3118 Ecclesia.
746 3049 828 3116 Item
845 3046 989 3116 debitum
1005 3069 1117 3117 eorum
1133 3057 1191 3135 cst,

82 3155 176 3226 lacere
190 3180 395 3228 communem
411 3158 551 3226 farinam
568 3157 730 3242 usquead
746 3156 864 3240 uiginti
884 3176 1003 3224 aconas
1020 3179 1079 3242 pro
1095 3165 1192 3242 pastu

83 3264 220 3352 cuiusque
236 3269 373 3355 mensis,
397 3266 438 3334 de
454 3266 622 3352 segetibus
647 3275 756 3334 tamm
773 3264 928 3332 Ecclesia.
955 3266 1036 3330 Item
1052 3284 1192 3332 commu·

82 3393 144 3442 nem
157 3381 332 3460 araturam,
349 3394 412 3462 que
429 3375 594 3461 vulgariter
610 3399 688 3443 aneo
703 3372 832 3456 dicitnr,
852 3371 1035 3438 iacerenon
1052 3372 1190 3459 debent;

82 3499 132 3548 uec
145 3485 274 3553 racione
290 3484 379 3550 illius
394 3490 525 3552 aratore
541 3481 668 3568 aliquid
684 3480 813 3549 soluere
829 3480 950 3548 Abbati
974 3481 1028 3546 uel
1043 3480 1191 3550 Ecclesia

81 3593 246 3660 ersom.
265 3595 347 3662 Item
363 3593 420 3677 bij,
438 3592 494 3678 qui
511 3598 651 3678 pascunt
667 3609 820 3674 mensem,
837 3589 957 3658 debent
966 3588 1047 3657 dare
1062 3611 1190 3658 currum

83 3717 143 3766 enm
152 3701 298 3786 jumento
324 3699 560 3787 adportandus
585 3719 687 3786 panes
703 3697 843 3766 Abbatis
868 3719 1059 3784 quocunque
1083 3699 1189 3768 inerit.

82 3805 151 3874 Item
164 3829 278 3878 omnes
288 3807 457 3878 uduomici
474 3807 577 3894 ipsius
592 3805 741 3873 Ilcolesie
752 3805 962 3872 communiter
972 3805 1091 3873 debent
1111 3807 1190 3874 darc

82 3913 116 3984 de
129 3924 218 4003 pastu
232 3915 486 4001 uniuscuiusque
508 3915 630 3984 mensis
646 3914 730 3984 duos
745 3933 858 3980 currus
874 3913 918 3980 ad
932 3915 1129 3999 portandam
1145 3913 1189 3980 la-

81 4022 172 4090 rinam
186 4024 310 4094 Abbati
333 4031 365 4090 et
379 4025 534 4092 fratribus
558 4042 759 4119 quocunque,
786 4021 837 4086 vcl
856 4021 1114 4105 quociescunque
1137 4041 1189 4086 nc·

84 4149 161 4198 cusa
175 4132 272 4202 luerit
287 4132 345 4218 ire,
363 4132 434 4200 siue
451 4133 494 4200 ad
511 4131 635 4199 curiam
652 4138 809 4214 nostram,
834 4129 904 4196 siue
919 4128 1004 4194 alias
1020 4150 1078 4212 pro
1094 4148 1189 4212 nego-

84 4237 134 4306 ciis
146 4241 287 4314 Ecclesie
302 4241 527 4330 procurandis.
553 4244 636 4308 Item
655 4259 768 4307 omnes
783 4239 883 4304 ceteri
899 4235 1012 4323 populi
1036 4237 1188 4305 seruicia-

83 4345 133 4433 les,
146 4350 267 4420 seilicet
282 4350 459 4437 pelliparii,
475 4355 611 4438 sutores,
630 4346 727 4431 labri,
754 4354 787 4413 et
803 4363 914 4413 omnes
929 4343 996 4431 alli,
1019 4345 1074 4426 qni
1090 4346 1190 4412 nomi·

57 4509 61 4514 -
84 4467 183 4526 uantnr
205 4461 238 4526 in
264 4457 439 4546 priuilegio
455 4459 567 4528 Sancti
581 4458 682 4542 Regis
698 4453 856 4537 Ladialai,
873 4451 1043 4519 adomnia
1066 4473 1188 4536 genera

84 4564 242 4635 officiorum
258 4566 379 4650 debent
394 4587 455 4636 sex
469 4587 581 4636 currus
597 4566 677 4634 dare
700 4583 772 4630 cum
788 4560 984 4628 animalibus
1000 4558 1044 4627 ad
1061 4567 1188 4646 portau-

86 4665 149 4740 dum
162 4675 266 4740 vinum
282 4675 404 4742 Abbati
421 4683 453 4741 et
477 4673 631 4742 iratribus
647 4687 849 4755 quocunque,
875 4673 907 4732 et
930 4666 1188 4750 quociescunque

122 4809 214 4848 norun.
230 4811 312 4850 noro.
328 4811 399 4849 arar.
418 4821 454 4834 -
473 4812 544 4850 urna.
562 4799 597 4840 ¹²-
1009 4785 1027 4846 7
