3252 5198
848 320 1007 420 *aa*

361 519 503 603 iudicia,
528 519 744 605 periculosum
766 515 923 582 existeret
947 519 1078 600 propter
1101 513 1227 580 uiarum
1243 513 1435 580 discrimina
1462 518 1499 578 ct

361 629 430 695 alia
446 625 685 712 contingencia,
706 626 741 690 in
757 623 1003 708 quibuscunque
1019 622 1150 690 iudiciis
1166 622 1347 708 principale
1361 622 1497 708 priuile-

361 736 451 820 gium
467 732 631 802 exhibere.
656 732 725 798 Nos
753 731 853 814 igitur
880 730 985 817 ipsius
1011 730 1105 796 iustis
1130 730 1283 816 precibus
1309 737 1404 816 grato
1420 751 1498 797 con-

360 850 527 909 currentes
539 860 686 923 assensu,
705 839 954 906 annotacionem
965 838 1283 924 dominiInnocencij
1293 838 1384 924 Papo
1399 840 1496 924 tercij

360 970 457 1036 super
472 949 645 1036 priuilegio
659 947 765 1014 felicis
781 947 1021 1014 recordacionis
1035 945 1148 1013 Sancti
1157 948 1257 1033 Regis
1273 948 1442 1033 Stephani,
1460 955 1496 1014 et

360 1056 561 1124 sentenciam
587 1053 732 1122 eiusdem
748 1054 910 1122 dominil.
927 1055 1018 1140 Papo
1041 1055 1144 1120 latam
1161 1061 1275 1121 contra
1294 1055 1496 1141 Episcopum

361 1166 637 1252 vesprimiensem
647 1184 705 1251 pro
722 1161 858 1228 decimis
869 1162 1074 1247 simigiensis
1086 1161 1277 1246 Comitatus,
1294 1163 1496 1247 perfidelem

362 1273 601 1342 (lancellarium
616 1280 763 1340 nostrum
778 1270 938 1338 Mathiam
953 1269 1161 1356 Propositnm
1177 1271 1434 1354 Zagrabicnsem
1446 1273 1497 1336 in·

362 1381 446 1469 spici
460 1380 596 1448 fecimus
608 1385 640 1445 et
649 1379 793 1464 rescribi,
809 1383 907 1462 atque
918 1377 1022 1461 sigilli
1032 1376 1133 1444 nostri
1145 1376 1321 1444 munimine
1329 1378 1495 1463 insigniri.

363 1488 508 1568 Quorum
524 1495 616 1554 tenor
631 1487 709 1553 talis
725 1493 800 1552 est:

469 1597 678 1663 Innocentius
694 1595 876 1681 Episcopus
893 1613 1006 1660 seruus
1023 1613 1190 1662 seruorum
1206 1596 1268 1661 Dei
1284 1596 1346 1661 stb.
1366 1595 1495 1677 (suvet-

361 1704 457 1772 kezik
473 1708 532 1772 III.
544 1706 638 1772 lncze
654 1707 810 1792 ptptnak
824 1703 958 1772 raleii
973 1704 1108 1790 bullaja,
1127 1704 1209 1770 mint
1225 1725 1246 1770 a
1255 1705 1346 1788 jelen
1363 1706 1497 1790 gytljte·

363 1816 461 1896 mbny
475 1811 501 1879 I.
518 1812 696 1878 koleteben
711 1811 787 1878 228.
804 1829 848 1876 su.
867 1809 913 1897 a.)

519 2027 656 2092 (Eredetie
670 2027 891 2092 apannonbalmi
905 2023 1106 2094 foapttstgnak
1118 2022 1326 2093 lcvdltdrdban.)

902 2815 958 2880 20.

363 3009 423 3075 IV.
444 3008 522 3073 Belo
538 3008 646 3094 ltr‘r·dly
662 3032 700 3072 uz
726 3012 910 3096 craterpurrrc'
926 3011 1079 3095 eqybdzut
1093 3010 1159 3096 de
1184 3015 1215 3074 dr
1229 3012 1317 3077 Ebed
1333 3014 1414 3075 neur'l
1421 3010 1494 3095 fb'l·

641 3117 700 3180 dele
715 3117 901 3182 bit-loleu'bun
915 3120 1102 3203 ruoperb'riti.
1124 3120 1221 3185 1237.

468 3313 550 3378 Bela
565 3313 627 3377 Dei
644 3311 756 3396 gracia
771 3312 841 3376 Rex
857 3313 1027 3396 Hungarle
1052 3313 1202 3379 omnibus
1223 3321 1391 3399 presentes
1408 3314 1495 3381 litte-

363 3439 417 3486 ras
433 3419 637 3505 inspecturis,
654 3418 794 3484 salntem
809 3419 841 3484 in
860 3439 937 3486 uero
954 3421 1102 3486 salutari.
1129 3420 1182 3486 Ad
1197 3422 1349 3488 noticiam
1365 3423 1494 3490 uniuer-

363 3548 483 3610 sorum,
500 3532 567 3590 tam
584 3526 822 3613 modernorum,
848 3547 945 3610 quam
961 3525 1150 3613 futurorum,
1171 3528 1286 3596 barum
1302 3530 1386 3596 serie
1401 3532 1494 3598 uolu-

363 3654 434 3701 mus
458 3633 639 3719 peruenire,
667 3633 841 3716 quodcum
858 3633 980 3701 Diuina
996 3635 1127 3702 fauente
1150 3637 1264 3719 gracia
1289 3657 1348 3723 pcr
1366 3658 1494 3706 succes-

363 3744 487 3810 sionem
503 3750 673 3827 paternam
687 3742 794 3824 Regni
810 3742 967 3827 regimine
986 3741 1029 3808 ad
1045 3764 1104 3810 nos
1121 3743 1283 3828 deuolute,
1308 3746 1493 3830 superfluas

362 3859 394 3918 et
410 3849 543 3916 illicitas
555 3850 751 3917 donaciones
763 3853 1016 3936 perpetuitatum
1027 3871 1270 3937 reuocaremus3
1288 3853 1365 3935 quia
1380 3854 1494 3920 Eccle-

362 3962 446 4027 siam
461 3959 718 4052 strigoniensem
736 3961 769 4024 in
786 3960 944 4046 omuibus,
962 3960 996 4025 in
1012 3961 1130 4044 quibus
1144 3981 1329 4048 possumus,
1352 3961 1493 4047 diligere

360 4067 568 4152 intendimus,
594 4066 676 4133 duas
692 4072 796 4134 terras
813 4068 921 4134 (lustri
938 4069 1069 4134 nomine
1086 4069 1155 4151 Sug
1171 4077 1203 4134 et
1219 4069 1320 4153 Ebed,
1339 4088 1420 4153 quas
1436 4071 1492 4155 pie

360 4177 516 4241 memorie
531 4174 680 4240 Andreas
694 4176 774 4259 Rex,
802 4181 1039 4261 paternoster,
1066 4184 1164 4242 antea
1191 4175 1316 4261 prefate
1342 4176 1491 4244 Ecclesia

361 4284 555 4366 contulerat,
581 4302 640 4348 nos
657 4280 787 4365 cognita
812 4283 994 4364 quantitate
1019 4284 1231 4366 etqualitate
1255 4284 1404 4368 illarum5
1431 4302 1491 4368 per

360 4388 482 4454 Lucam
499 4387 657 4454 Comitem
673 4390 714 4454 de
729 4389 851 4473 Hnutb,
879 4390 1008 4456 fidelem
1024 4396 1190 4474 nostrum,
1208 4396 1332 4456 terram
1349 4392 1426 4475 Sag,
1445 4391 1491 4456 ad

360 4497 509 4562 (lustrum
526 4497 637 4564 Hunth
652 4486 876 4584 pertinentem,
895 4517 957 4582 que
973 4503 1081 4584 potest
1098 4498 1247 4564 sufficere
1264 4498 1336 4563 usui
1352 4497 1490 4564 duorum

359 4610 541 4670 aratrorum
565 4610 597 4670 et
614 4605 749 4689 dimidij‚
776 4613 809 4671 et
823 4606 930 4672 locum
945 4606 1122 4672 molendini
1149 4625 1246 4690 super
1270 4625 1389 4688 aquam
1414 4605 1489 4690 Ipul
