3186 5188
546 391 706 494 ns

17 552 21 615 Ι
77 589 223 675 Dyonisio
240 589 340 658 Bano
365 597 398 658 et
413 593 504 659 Duce
525 589 628 658 tocius
653 587 826 655 Solanonie
851 588 1012 674 quendam
1036 587 1199 655 hominem

74 695 260 781 fidedignum
284 697 420 766 nomine
435 697 571 784 Lodvey
588 697 629 765 de
645 695 874 782 generehgha
889 695 1035 778 Comitis,
1053 702 1087 762 ct
1102 714 1123 761 a
1139 693 1200 761 Oa·

15 815 17 823 ⁴
73 804 163 893 pitulo
177 805 401 891 Zagrabiensi
417 805 580 893 quendam
595 803 793 872 canonicum
814 803 943 869 nomine
953 803 1146 890 Gregorium
1164 803 1198 869 in

74 911 284 980 testimonium
302 914 398 982 duxit
412 935 534 1001 secum,
559 934 633 982 cum
648 915 767 1001 quibus
784 913 909 1001 pariter
933 912 1125 1000 procedens,
1146 933 1197 982 cc·

12 1099 14 1109 ,
73 1021 152 1108 gnita
166 1022 303 1110 plenius
320 1025 460 1094 veritate
476 1031 544 1092 tam
561 1046 581 1093 a
597 1023 715 1094 vicinis
732 1031 764 1091 et
777 1024 1019 1109 commetaneis,
1036 1044 1136 1108 quam
1154 1023 1196 1089 ab

12 1125 13 1131 ’
74 1127 139 1212 alijs
154 1131 339 1199 earundem
356 1132 502 1219 parcium
517 1132 690 1218 nobilibus,
716 1152 856 1201 necnon
872 1133 914 1199 ab
930 1131 1011 1220 ipsis
1026 1131 1199 1199 venditori·

12 1232 13 1267 r
73 1237 124 1304 bus
132 1237 282 1307 eiusdem
292 1246 391 1326 terre,
404 1261 539 1326 quorum
549 1240 611 1308 fuit
620 1240 829 1327 hereditaria,
840 1241 947 1331 ipsam
958 1240 1037 1310 dicti
1046 1241 1199 1332 Stephon-

73 1347 114 1412 nis
128 1365 199 1414 csse
226 1349 422 1437 empticium
447 1349 623 1435 affirmans,
650 1354 754 1417 metas
773 1349 929 1435 eiusdem,
955 1355 988 1417 ct
1012 1368 1124 1418 omnes
1141 1349 1199 1418 cir·

74 1457 297 1544 oumstancian,
325 1466 358 1526 et
374 1460 483 1528 omnia
499 1459 632 1529 nomina
647 1458 870 1544 venditorum
897 1456 1051 1527 videlicet
1068 1459 1198 1526 Martum

74 1569 101 1630 et
112 1563 282 1632 Martunus
301 1572 335 1634 et
350 1568 458 1636 Pouse
483 1566 621 1636 tiliorum
637 1567 769 1651 Dragos
786 1565 828 1634 de
843 1566 939 1634 Blina
961 1563 1117 1635 nobilium
1134 1583 1198 1632 ser·

74 1671 224 1742 niensium
239 1681 441 1764 nostrornm,
468 1677 523 1762 qui
539 1675 655 1761 viginti
672 1683 745 1745 octo
762 1694 901 1760 marcas,
925 1675 1042 1760 quibus
1059 1671 1197 1740 eandem

74 1789 179 1850 terram
194 1782 262 1850 sibi
279 1781 508 1874 vendiderant,
527 1804 564 1854 se
578 1785 674 1872 plene
690 1785 855 1872 recepisse
871 1787 946 1850 sunt
961 1778 1112 1865 confessi,
1129 1778 1197 1848 suis

73 1889 155 1958 nohis
180 1890 306 1958 litteris
322 1891 510 1980 destinauit,
537 1891 624 1979 quod
640 1899 672 1959 et
687 1891 765 1959 vina
780 1911 859 1959 voce
883 1887 1086 1978 postmodum
1105 1887 1198 1955 robo-

76 1999 157 2066 rauit.
173 1999 279 2067 Cuius
298 2007 384 2068 mete
398 2001 461 2070 hoo
477 2001 590 2070 ordine
600 2000 839 2087 distinguntur:
855 1998 966 2066 Prima
985 2003 1073 2066 meta
1083 1993 1198 2081 incipit

76 2106 208 2174 alittore
234 2109 331 2196 fluuij
349 2111 437 2178 Saue
453 2131 494 2178 ex
520 2111 646 2180 oriente
662 2111 704 2177 ab
729 2109 847 2177 arbore
871 2107 969 2195 pomi,
995 2107 1084 2174 circa
1098 2124 1197 2189 quam

77 2221 118 2280 est
132 2224 217 2286 meta
233 2227 357 2305 terrea,
382 2220 439 2286 vbi
454 2220 556 2288 eciam
581 2218 715 2308 quidam
730 2218 856 2286 riuulns
874 2215 1043 2285 Cherneoh
1068 2213 1197 2283 nomine

76 2322 200 2391 caditin
216 2325 358 2395 fluuium
384 2325 585 2413 predictum3
611 2333 726 2394 contra
742 2345 873 2393 cursum
898 2325 989 2392 cuius
1011 2321 1195 2411 proceditur

76 2442 241 2516 permotas
259 2442 385 2504 terreas
412 2441 445 2504 et
460 2437 593 2504 arbores
609 2435 713 2504 crucis
728 2434 833 2503 forma
858 2433 1006 2521 signatas
1024 2451 1127 2519 usque
1152 2431 1196 2500 ad

78 2539 167 2608 ahnm
192 2543 313 2630 riuum,
339 2543 396 2630 qui
418 2543 604 2613 nominatur
618 2539 784 2630 Lyztouoh
808 2548 988 2629 permotas
1015 2547 1139 2608 terreas
1163 2543 1196 2606 et

77 2647 199 2719 arbores
215 2653 326 2721 crucis
336 2651 440 2722 forma
456 2657 608 2739 notatas3
625 2651 744 2720 deinde
755 2650 943 2740 peruenitur
958 2649 1001 2718 ad
1017 2650 1113 2732 viam,
1134 2667 1196 2733 qno

78 2756 182 2826 transit
196 2759 364 2845 riuulum;
389 2781 559 2848 perquam
575 2760 664 2828 riam
679 2759 786 2827 exitur
810 2757 850 2825 dc
865 2757 946 2844 riuo,
965 2763 996 2825 et
1011 2755 1197 2844 proceditur

77 2883 128 2948 per
141 2885 212 2934 eam
229 2867 407 2936 admotam
423 2876 563 2938 terream
578 2875 612 2936 et
626 2867 703 2936 inde
718 2888 777 2956 per
787 2868 919 2936 arbores
935 2865 1084 2952 signatas
1101 2882 1195 2932 cruce

78 2973 212 3058 procedit
227 2997 291 3064 per
305 2998 418 3047 nemus
433 2978 638 3067 paludosum,
655 2979 690 3045 in
706 2980 770 3048 fine
785 2977 878 3046 cuius
894 2983 944 3044 est
964 2981 1052 3044 meta
1067 2980 1194 3057 terrea;

9 3113 10 3182 j
79 3081 183 3153 deinde
208 3107 273 3174 per
298 3088 432 3156 arbores
449 3108 545 3156 cruce
568 3093 698 3156 notatas
721 3094 755 3155 et
770 3093 873 3154 metas
899 3092 1023 3155 terreas
1045 3083 1136 3151 venit
1151 3081 1196 3150 ad

9 3183 10 3202 ¹
80 3193 235 3282 uunquam
262 3197 362 3283 viam,
388 3218 447 3286 per
471 3219 569 3285 quam
594 3195 638 3267 ad
660 3197 748 3265 riam
772 3196 947 3282 nonedam,
971 3213 1074 3278 usqne
1098 3211 1195 3277 quam

79 3297 156 3367 riam
171 3322 192 3370 o
206 3304 352 3373 sinistris
366 3304 495 3374 fuerunt
512 3307 725 3374 commetanei
744 3305 926 3387 Blinenses,
943 3300 1073 3391 quando
1090 3299 1194 3367 dictus

79 3405 259 3493 Propositus
284 3411 346 3478 has
362 3417 467 3480 metas
490 3411 652 3501 inspexit,
678 3412 737 3480 sed
760 3411 837 3499 quia
859 3417 978 3478 terram
994 3405 1196 3477 Blinensium

80 3511 214 3586 dedimus
239 3519 449 3606 postmodnm
473 3520 656 3610 hospitibus
682 3521 724 3588 de
748 3519 896 3608 Stytich,
926 3517 1026 3586 iidem
1050 3515 1195 3604 hospites

8 3645 10 3672 r
80 3629 285 3696 commetanei
311 3634 387 3698 sunt
403 3629 529 3718 effecti,
555 3630 761 3718 postmodum
786 3630 927 3698 eciama
950 3625 1088 3695 sinistris
1113 3645 1196 3694 com-

8 3687 10 3812 )
81 3737 209 3805 netanei
225 3743 305 3805 sunt
329 3737 536 3806 monachide
553 3740 710 3827 'I'oplica5
735 3759 795 3828 per
811 3758 909 3824 quam
925 3737 1012 3805 viam
1031 3735 1196 3806 nonullam

8 3845 9 3862 i
80 3856 130 3923 per
144 3853 250 3913 metas
265 3851 389 3914 terreas
415 3846 566 3932 antiquas
586 3855 619 3916 ct
643 3869 747 3916 nouas
763 3847 889 3914 uenitur
914 3847 1092 3913 admotam
1111 3851 1196 3911 terre

82 3947 214 4020 eiusdem
231 3955 437 4041 Stephconis,
454 3975 519 4023 non
530 3956 628 4024 huius
643 3962 727 4023 terre
743 3955 803 4024 sed
820 3955 964 4041 alterins,
982 3973 1080 4040 quam
1095 3951 1196 4038 possi-

8 4085 10 4154 3
82 4053 128 4124 det
141 4063 181 4130 ab
206 4065 344 4150 antiquo
369 4085 428 4152 per
454 4065 545 4134 cuius
560 4070 647 4133 terre
671 4073 776 4134 metas
802 4064 931 4132 venitur
953 4065 1069 4130 iterum
1093 4079 1197 4146 usque

82 4163 200 4238 fluuium
217 4173 327 4258 Saua;
353 4178 386 4240 et
401 4172 478 4240 inde
501 4172 622 4241 transit
645 4171 689 4240 ad
713 4172 871 4241 fossatum
886 4169 1063 4254 Prenlaka,
1090 4173 1122 4235 et
1136 4187 1195 4255 per

8 4247 12 4346 i
84 4291 184 4358 aquam
200 4279 383 4368 Stepchina
398 4281 482 4349 redit
497 4281 531 4349 in
547 4281 678 4365 Sanam,
701 4302 760 4370 per
775 4301 872 4370 quem
887 4277 1058 4347 reuertitur
1073 4276 1116 4343 ad
1131 4275 1196 4362 pri-

8 4375 10 4449 ,³
85 4404 157 4455 mam
172 4397 302 4476 metam,
320 4397 353 4459 et
368 4391 415 4458 ibi
430 4390 631 4460 terminatur.
655 4392 725 4461 Nos
740 4391 839 4478 igitur
853 4391 937 4458 iusto
955 4387 1097 4474 petentis
1114 4385 1196 4454 desi-

86 4489 160 4566 derio
174 4497 324 4570 sanorem
339 4499 531 4570 beneuolnm
543 4501 745 4584 adhibentes,
762 4507 882 4568 terram
897 4494 1033 4566 candem
1043 4501 1196 4583 presente

86 4602 212 4678 Damaso
227 4609 342 4676 villico
358 4607 400 4676 de
414 4609 539 4696 Stytich
554 4609 662 4676 vicino
679 4618 712 4677 et
727 4614 960 4693 commetaneo,
988 4612 1020 4673 et
1034 4626 1100 4674 non
1121 4625 1194 4674 oon·

13 4753 14 4757 =
88 4713 258 4806 traducite,
276 4714 444 4807 sepedicto
460 4717 636 4807 Stephconi
652 4725 685 4788 et
699 4718 767 4787 suis
782 4716 958 4788 heredibus
978 4714 1196 4810 heredumque
