3168 5186
652 919 731 987 tec.

122 1099 185 1164 IV.
201 1099 282 1164 Boia
306 1099 410 1186 kirotp
427 1120 448 1162 a
464 1097 551 1164 Chalc
577 1120 674 1163 comes
690 1105 721 1162 e's
741 1123 761 1163 a
776 1099 896 1166 Gara-i
919 1101 1033 1166 caismos
1059 1107 1176 1166 turtozd
1200 1103 1254 1166 hat

277 1212 444 1292 rrenzetss'q
459 1206 539 1271 krieti
554 1206 839 1294 opponetlense'yeket
854 1210 983 1273 altsteti.
1004 1207 1099 1274 1256.

234 1399 427 1487 (BllllaDei
444 1401 558 1486 graue
573 1400 752 1487 Hungarie,
764 1403 946 1488 Dalmacie,
964 1402 1131 1488 Orcuacie,
1141 1405 1252 1489 Rome,

122 1510 246 1594 Seruis,
259 1507 408 1595 Gallicie,
419 1487 624 1594 Lodomerie,
635 1508 854 1595 Gumaniequc
865 1512 935 1577 Rex
945 1511 1107 1579 uniuersis
1122 1531 1251 1597 presen-

123 1623 176 1682 tes
191 1615 320 1684 litteras
343 1617 538 1704 inspecturis
561 1618 701 1685 salntem
723 1617 758 1684 in
773 1617 916 1685 omnium
934 1620 1110 1686 saluatore.
1135 1620 1249 1687 Excel-

121 1724 233 1792 lencia
246 1724 354 1810 Regia
369 1725 523 1809 remedijs
538 1723 718 1810 inuigilsns
736 1725 955 1793 subiectorum
971 1727 1055 1793 solet
1070 1745 1112 1794 ea
1129 1727 1250 1794 littera-

121 1851 194 1898 rum
211 1832 396 1901 testimonio
420 1833 587 1918 roborare,
613 1853 676 1918 que
700 1835 844 1918 legitime
868 1835 1094 1918 terminantur,
1120 1854 1162 1901 ne
1184 1834 1250 1922 hijs

122 1957 282 2025 processu
305 1947 487 2028 temporum
513 1941 547 2007 in
571 1941 699 2008 irritum
724 1943 886 2010 reuocatis
909 1941 1042 2009 ueritati
1070 1941 1251 2028 preludioet

120 2047 265 2135 salsitas,
282 2055 315 2116 et
330 2049 488 2135 iniqnitas
510 2051 680 2137 preualeat
695 2051 841 2136 equitati.
867 2051 1007 2117 Proinde
1022 2051 1066 2116 ad
1081 2053 1248 2118 uniuerso-

122 2177 196 2224 rum
211 2158 368 2226 noticiam
380 2165 493 2228 tcnore
504 2161 706 2246 presencium
719 2161 870 2228 nolumus
884 2159 1063 2247 pemenire,
1080 2160 1249 2245 quodcum

122 2273 201 2352 post
215 2283 377 2334 recessum
385 2267 597 2335 Tartarornm
613 2288 674 2353 pro
690 2266 884 2336 reuocandis
899 2267 1023 2335 iuribus
1034 2267 1143 2335 (lustri
1157 2267 1248 2334 inde-

122 2373 192 2440 bite
216 2375 383 2460 occupatis
407 2392 467 2461 per
490 2380 593 2443 totum
608 2377 757 2460 Regnum
782 2381 927 2444 nostrum
953 2375 1100 2444 disemos
1124 2375 1249 2442 iudices

121 2481 344 2567 misissemus;
364 2483 449 2549 inter
464 2488 590 2552 ceteros
605 2482 700 2550 Ohak
711 2483 829 2550 Comes
845 2482 886 2550 de
895 2480 987 2549 Gara
1001 2481 1123 2550 ensifer
1138 2488 1250 2550 noster

121 2590 262 2657 dilectus
278 2597 389 2658 noster
404 2597 437 2656 et
451 2591 570 2677 tidelis,
595 2608 655 2657 sex
670 2591 903 2676 generaciones
921 2591 964 2658 de
979 2590 1143 2658 Comitatn
1159 2588 1250 2656 Gara

119 2697 166 2766 ad
180 2706 326 2768 nostram
341 2699 545 2784 presenciam
562 2699 722 2783 euocauit,
750 2706 783 2765 et
797 2705 903 2766 terras
918 2699 1096 2766 earundem
1117 2699 1249 2767 nomine

119 2812 281 2872 terrarum
296 2802 532 2873 oraciones
548 2803 675 2872 restitui
691 2806 873 2890 repetebat.
886 2803 1010 2873 uocem
1024 2811 1133 2872 autem
1150 2824 1247 2890 gene·

120 2913 271 2980 raciones
298 2931 339 2978 ox
365 2911 503 2980 aduerso
527 2911 773 3000 responderunt,
802 2912 888 2997 quod
912 2913 969 2979 ille
993 2925 1078 2980 terre
1103 2912 1247 2998 ipsorum

120 3019 209 3110 (lgy)
225 3026 337 3088 essent
352 3019 559 3107 hereditarie,
576 3031 610 3090 et
624 3020 711 3106 qnod
727 3019 891 3104 quondam
909 3039 969 3106 per
980 3022 1074 3106 Moys
1089 3019 1247 3088 Comitem

120 3128 162 3196 de
177 3125 269 3194 (lara
294 3129 456 3196 innostra
480 3129 653 3214 presencia
674 3128 807 3195 racione
823 3125 930 3194 castri
954 3127 988 3193 in
1003 3126 1158 3194 iudicium
1175 3126 1247 3213 ipss

120 3241 208 3302 terre
232 3233 371 3302 inissent
386 3234 532 3322 dednote,
558 3255 599 3302 ao
613 3236 649 3303 in
673 3233 844 3322 presencia
859 3233 1017 3321 Stephani
1034 3232 1118 3300 Bani
1142 3233 1247 3302 tocius

119 3341 305 3426 Solanonie,
322 3342 375 3408 cni
390 3343 424 3410 in
440 3343 503 3411 hae
517 3349 613 3430 parte
629 3341 893 3411 commiseramus
903 3342 992 3409 vices
1003 3345 1143 3425 nostras,
1160 3339 1248 3426 quod

118 3450 176 3517 ille
192 3455 279 3516 terre
294 3449 340 3516 ael
355 3469 411 3519 eos
428 3451 498 3517 inre
523 3447 722 3518 hereditario
738 3450 935 3537 pertineant,
953 3447 1094 3516 testibus
1108 3446 1246 3536 ydoneis

119 3557 395 3644 conprobassent3
422 3577 520 3645 snper
542 3577 606 3643 qno
630 3558 736 3625 eciam
760 3559 856 3626 nobis
879 3562 1078 3624 cnranerunt
1101 3563 1245 3625 nostmm

117 3667 330 3754 priuilegium
345 3665 510 3734 exhibere.
536 3665 657 3733 Veram
672 3665 751 3751 quia
767 3685 826 3750 per
850 3664 937 3733 idem
953 3673 1098 3734 nostrum
1118 3665 1246 3752 priuile·

119 3774 210 3860 giam
226 3773 372 3842 comtitit
385 3773 489 3860 nobis,
506 3773 663 3843 relacioni
679 3774 826 3860 ipsarum
843 3792 902 3842 sex
923 3773 1174 3859 generacionum
1190 3793 1245 3842 ue·

116 3883 248 3948 ritatem
273 3879 465 3966 plenissime
489 3880 676 3968 suffragari,
702 3880 750 3947 liti
773 3883 869 3948 finem
887 3883 1053 3968 imponere
1077 3883 1245 3970 cupientes

116 3990 209 4077 ipsas
229 4006 288 4057 sex
303 3989 536 4076 generaciones
562 3991 606 4056 ab
621 3989 829 4076 impetitione
853 3989 932 4058 dieti
948 3989 1084 4059 comita
1100 3988 1194 4058 (lhalr
1210 3988 1245 4057 in

116 4099 180 4164 hac
195 4103 290 4184 parte
316 4096 466 4165 duximus
482 4098 710 4167 absoluendas.
734 4098 888 4168 Sericum
904 4099 939 4167 in
961 4096 1157 4187 priuilegijs,
1181 4119 1245 4185 que

116 4207 191 4293 ipse
204 4223 265 4272 sex
289 4201 525 4291 g'meraciones
540 4214 778 4294 presentarunt,
804 4209 1007 4278 solummodo
1026 4207 1124 4277 trium
1147 4227 1244 4295 gene·

116 4313 285 4382 racionem
313 4315 446 4382 nomina
470 4313 677 4400 haberentur,
708 4315 897 4402 specialiter
921 4316 1008 4382 inter
1032 4315 1118 4384 alias
1141 4321 1246 4385 terras

117 4421 343 4508 generacionis
353 4423 482 4492 Bracon
497 4421 603 4491 eidem
619 4429 774 4508 tanquam
793 4441 871 4492 snas
883 4423 1099 4492 hereditarias
1114 4443 1245 4512 presen-

116 4531 202 4596 oinm
219 4530 406 4600 testimonio
424 4531 615 4618 reliquimus
630 4531 750 4618 quiete,
766 4531 903 4619 pacifice
919 4535 953 4598 et
966 4535 1125 4618 perpetuo
1140 4533 1244 4619 possi·

116 4632 262 4722 dendus,
278 4637 362 4705 sicut
378 4637 588 4708 dinoscuntur
612 4640 768 4708 hactenus
783 4638 927 4709 tenuisse
951 4639 1025 4708 sine
1040 4639 1120 4708 iuris
1139 4640 1244 4728 pretu-
