3162 5188
618 309 774 414 ..ffl-

117 523 144 569 a
164 500 269 570 dictis
286 501 498 592 Gristophoro
527 510 558 572 ot
575 507 746 592 Johannc3
772 515 805 577 et
821 507 971 596 predicti,
998 510 1123 580 scilicet
1138 511 1262 602 urunt,

114 609 243 680 Pousa
259 617 291 680 et
306 611 363 680 alii
379 619 492 701 partes
508 613 648 684 aduerso
658 617 917 704 proposuissent,
933 618 1019 706 quod
1039 619 1154 689 eadem
1164 628 1260 708 terre,

114 738 195 802 qne
212 721 426 808 inpetebatnr,
454 722 600 810 ipsorum
618 732 706 793 esset
732 725 932 795 hereditaria
948 725 1010 816 (et)
1026 747 1084 816 per
1103 729 1261 798 Lazarum

114 827 293 899 uiolenter
310 829 424 898 luisset
441 817 609 920 occupata.
637 833 706 902 Nos
723 833 822 920 igitur
838 833 952 903 ordine
969 836 1050 903 iuris
1073 837 1260 920 obseruato,

116 937 306 1007 terminum
323 944 355 1005 et
369 959 560 1025 processum
586 941 809 1029 responsionis
834 941 1057 1029 obseruantes,
1084 943 1260 1032 sepedictis

114 1044 343 1132 Cristophoro
368 1054 401 1115 et
427 1046 570 1116 lohanni
590 1049 777 1119 testimonio
803 1051 1055 1120 commendabili
1081 1052 1259 1122 indiximus

115 1153 328 1238 approbare.
355 1152 435 1222 (loru
452 1153 579 1223 litteras
597 1175 695 1242 super
720 1153 836 1226 eadem
852 1163 940 1224 terra
955 1159 1121 1226 coniectas
1137 1158 1170 1224 in
1188 1180 1259 1226 oon-

115 1262 284 1331 bustione
309 1262 425 1331 domus
449 1283 560 1331 eorum
587 1261 748 1331 dixissent
773 1263 936 1348 amisisse,
963 1273 1113 1332 octauam
1134 1265 1259 1333 scilicet

115 1368 249 1436 Jacobi
266 1369 299 1436 in
316 1370 484 1437 terminum
500 1368 729 1454 assignantem
755 1379 787 1438 ot
804 1389 876 1436 cnm
894 1368 927 1437 in
947 1369 1095 1458 predicto
1122 1371 1257 1438 termino
1353 1443 1360 1464 κ

115 1484 233 1546 testes
249 1476 433 1564 solempnes
450 1478 691 1565 produxissent,
718 1477 762 1544 ed
788 1478 984 1564 peticionem
1000 1477 1144 1546 uirorum
1167 1479 1257 1547 uolri-

115 1585 208 1652 linm
226 1585 258 1652 in
278 1585 422 1654 lauorcm
432 1587 576 1673 parcium
593 1585 936 1669 condescendencium,
957 1587 1124 1674 partesad
1140 1608 1257 1674 pacem

114 1693 337 1780 permisimus
354 1694 604 1781 reformandam,
632 1702 664 1763 et
689 1715 751 1783 per
768 1696 853 1762 inter
869 1695 961 1780 ipsos
985 1695 1045 1761 tali
1065 1693 1257 1764 condicione

114 1807 173 1868 est
200 1801 385 1888 composita
410 1811 442 1870 ot
458 1804 656 1872 reformata:
675 1805 716 1870 Vt
739 1811 827 1870 terra
852 1801 978 1887 eadem,
1002 1821 1100 1887 snper
1125 1823 1189 1888 qua
1214 1803 1256 1868 lis

113 1913 326 1995 coutebatur,
352 1912 417 1978 iam
435 1913 593 2000 sepedictj
610 1911 841 1995 cristophorus
857 1909 1072 2011 etjonanncs
1092 1911 1126 1976 in
1143 1931 1255 1997 perpe-

115 2025 217 2085 tuum
251 2019 409 2088 deberent
434 2019 597 2104 obtinere,
630 2018 715 2085 sicut
745 2024 839 2105 pater
865 2022 974 2084 corum
1000 2016 1190 2105 possidebat
1214 2038 1255 2084 ex

114 2123 272 2210 antiquo,
298 2126 475 2214 emptionis
501 2127 597 2192 modo
614 2125 677 2192 sibi
694 2133 893 2212 comparata.
920 2126 1020 2194 Cuius
1039 2132 1124 2192 terre
1149 2125 1255 2212 prima

115 2241 215 2300 meta
231 2231 347 2319 incipit
362 2235 406 2300 ab
422 2233 590 2300 occidente
614 2232 707 2300 iuxta
722 2232 841 2299 flumen
858 2232 981 2299 Pothoo
999 2233 1031 2299 in
1048 2251 1169 2316 magna
1187 2229 1253 2309 uia,

116 2348 152 2407 et
169 2340 281 2410 tendit
305 2361 407 2426 usque
427 2342 470 2408 ad
487 2348 606 2409 terram
633 2340 752 2408 Lazari
778 2341 929 2423 nominis,
955 2340 1010 2406 vbi
1035 2347 1085 2408 est
1110 2339 1255 2406 maxima

116 2448 200 2532 uia;
219 2458 253 2516 et
268 2448 309 2515 de
326 2449 384 2516 illa
400 2471 521 2535 magna
547 2451 603 2514 nia
619 2447 721 2515 tendit
737 2468 851 2516 uersus
867 2447 1070 2517 occidentem
1091 2448 1253 2534 usquead

114 2563 244 2624 terram
262 2554 405 2642 eorordy
421 2557 569 2642 Magistri
586 2556 814 2643 Dapiierorum
838 2556 971 2624 domino
987 2555 1130 2642 Regine3
1159 2562 1192 2621 et
1207 2555 1254 2620 in·

115 2663 252 2750 cipiunt
268 2671 344 2733 tunc
360 2665 472 2731 uenire
487 2664 520 2730 in
537 2684 643 2750 parua
659 2664 723 2748 uia,
750 2672 782 2731 et
799 2663 1051 2747 tendentesque
1070 2663 1115 2729 ad
1130 2659 1252 2748 predio·

116 2779 230 2839 torum
257 2769 458 2839 antedictam
485 2781 614 2856 terram,
641 2792 740 2856 qnam
758 2772 992 2856 uendiderunt3
1019 2778 1051 2838 et
1068 2769 1158 2838 uadit
1174 2770 1252 2837 inlc-

116 2879 189 2947 rius
208 2898 324 2948 uorsus
349 2878 483 2948 meridio
500 2879 586 2967 (tgy)
603 2886 730 2967 partem
756 2886 982 2962 transeuntes,
1010 2877 1142 2944 linirunt
1161 2878 1252 2942 iuxta

119 2985 247 3052 dictum
264 2987 385 3055 Potooh
402 2987 434 3054 in
455 2989 623 3057 occidente
647 2987 926 3055 terminacionem.
952 2986 1003 3051 Ne
1022 2991 1130 3051 autern
1156 2982 1251 3050 huius

116 3094 328 3164 nendioionis
344 3101 377 3163 et
391 3096 620 3165 conoenoionis
636 3099 822 3163 contractus
837 3093 972 3160 ualeant
987 3111 1046 3179 per
1063 3090 1250 3176 quempiam

117 3202 341 3292 inposterum
367 3206 548 3292 retractari,
575 3209 742 3292 presentes
762 3201 981 3270 concessimus
1006 3200 1132 3267 litteras
1148 3198 1250 3282 sigilli

117 3314 225 3380 nostri
243 3314 420 3383 munimine
436 3314 617 3384 roboratas.
638 3315 760 3381 Datum
776 3331 862 3379 anno
879 3307 1009 3377 Domini
1027 3307 1070 3374 li⁰
1081 3304 1146 3372 (ἔθ’
1161 3305 1250 3392 quin·

117 3422 313 3508 quagesimo
328 3419 398 3490 111⁰.

183 3620 236 3686 (As
249 3621 352 3674 eredeti
367 3617 433 3674 utin
446 3619 581 3689 Vdghelyi
595 3623 691 3683 Dosse.
705 3621 794 3673 Huzai
809 3614 979 3683 Okrudnytir
992 3617 1014 3668 1.
1028 3616 1084 3669 hdr.
1099 3617 1142 3666 ll.
1156 3614 1185 3679 l.)

582 3926 813 3940 αιιι-σ-ο-ᾱ...
