3186 5188
119 535 154 597 et
169 531 303 618 ldathya
318 529 396 598 tiliis
412 531 489 618 suis,
514 531 598 598 Bala
612 552 687 599 cum
702 533 808 599 Prusa
822 530 889 598 tilio
905 551 975 616 suo,
994 532 1152 600 Balaseus
1168 550 1240 597 cum

10 699 11 714 ἶ
117 639 187 707 Buc
202 638 269 708 lilio
284 659 356 724 sno,
371 638 444 708 Bnd
460 659 532 707 cum
548 639 690 726 Georgio
709 648 742 707 et
758 641 933 724 Garganus
949 639 1026 728 filijs
1037 641 1115 724 suis,
1133 642 1241 724 Stayz-

116 747 192 814 laus
217 767 290 814 cum
305 749 417 815 lwanc
441 755 474 816 et
489 747 607 832 Egidio
622 749 700 834 dlijs
723 747 801 832 suis,
828 747 974 815 Dobrina
999 767 1072 816 cum
1093 746 1194 833 Myko
1210 750 1242 810 et

9 841 11 882 ³
117 853 226 940 Wosn
241 852 320 940 filijs
345 854 423 942 suis,
440 854 600 940 Woyzlau
625 874 700 922 euru
712 855 845 922 Bencba
870 853 936 922 filio
956 875 1025 940 suo,
1052 862 1084 923 et
1098 853 1242 922 Thomas

116 980 191 1027 cum
216 961 389 1048 Gregorio,
406 964 539 1048 Lanryn
556 967 588 1028 et
611 961 725 1030 Piseur
749 961 826 1047 tiliis
850 962 929 1048 suis,
955 962 997 1030 de
1022 960 1138 1028 minori
1161 959 1242 1027 villa

115 1067 298 1155 Selepchen
322 1069 472 1150 nomine,
498 1070 696 1156 jobagiones
720 1071 911 1155 Mouusterij
935 1069 1048 1138 Sancti
1075 1066 1242 1135 Benedicti

117 1175 208 1242 iuxta
225 1177 372 1244 Granum
396 1179 575 1246 seruientes
590 1177 625 1245 in
641 1198 724 1264 equo
740 1180 882 1267 proprio,
910 1179 965 1264 qui
982 1179 1068 1263 uulgo
1087 1180 1242 1262 lcooicecq

6 1343 7 1350 l
118 1283 277 1368 deantur,
295 1307 316 1353 a
332 1286 473 1355 seruicio
489 1286 568 1354 dicti
583 1287 771 1374 Mouasterij
789 1307 826 1356 se
841 1287 1089 1376 presumpcione
1110 1283 1243 1372 propria

6 1467 7 1494 ἒ
118 1393 340 1478 retrusissent,
358 1401 391 1460 et
406 1392 539 1463 eosdem
555 1394 669 1462 Abbas
692 1395 832 1483 predicti
850 1394 1039 1480 llonasterij
1058 1391 1169 1461 Sancti
1184 1391 1241 1456 Be·

117 1499 240 1568 nedicti
256 1499 298 1568 de
315 1502 548 1571 conueniencia
564 1502 615 1569 sui
631 1501 819 1570 &cruentus
831 1503 865 1570 in
881 1501 1035 1569 indicium
1052 1505 1241 1580 euocasset3

118 1606 177 1674 sed
191 1627 267 1676 curu
285 1626 463 1694 aeramen
489 1607 656 1676 imminere
670 1607 735 1675 sibi
751 1606 998 1694 presensissent,
1018 1606 1151 1672 tandem
1166 1608 1243 1669 unte

119 1713 327 1790 diffinitiuum
338 1714 538 1783 sentenciam
554 1715 597 1782 ud
613 1715 772 1800 gremium
782 1715 931 1782 Ecclesie
946 1720 1167 1794 recurrentes,
1184 1731 1243 1797 pro

119 1821 357 1907 inobedicnciu,
389 1844 486 1909 qnam
510 1825 693 1892 temeritate
717 1824 963 1909 commiserant,
992 1823 1034 1888 ab
1058 1821 1187 1888 Abbute
1211 1826 1244 1885 et

121 1928 291 2002 conuentu
317 1930 472 2017 predictis
498 1930 627 1999 veniam
652 1933 869 2018 postularunt,
895 1932 1093 2013 confitentes,
1118 1947 1153 1995 se
1169 1947 1242 1996 csse

114 2037 315 2122 jobagiones
329 2039 520 2125 Monastcrij
545 2038 718 2125 prenotati,
744 2039 778 2106 in
795 2058 877 2124 equo
893 2037 1023 2126 proprio
1044 2037 1241 2119 seruientes;

117 2145 203 2211 sicut
219 2147 264 2213 ab
280 2147 409 2214 Abbate
424 2155 456 2215 et
471 2147 639 2216 conuentu
666 2147 867 2233 supradietis
883 2165 941 2234 per
967 2145 1173 2232 priuilegium
1189 2143 1243 2229 pic

117 2253 276 2321 memorie
302 2252 425 2321 domini
442 2253 609 2340 Stephani,
636 2254 800 2340 quondam
824 2255 924 2338 Regis
949 2252 1117 2338 ilungarie
1139 2251 1243 2333 tercii,

117 2358 247 2444 Goysse
261 2359 363 2445 Regis
387 2361 446 2447 filij
462 2361 674 2447 probabatur.
700 2364 853 2430 Potentes
878 2361 1051 2444 humiliter,
1077 2367 1113 2427 ut
1137 2377 1193 2425 cos
1210 2357 1242 2422 in

118 2466 257 2552 antiqua
279 2467 425 2554 ipsorum
440 2468 672 2536 consuetudine
697 2489 829 2536 seruare
845 2469 1076 2537 Monostcrium
1093 2467 1243 2553 dignare·

1 2611 2 2616 κ
118 2580 180 2659 tur,
197 2595 263 2660 que
279 2573 357 2642 talis
374 2582 443 2662 est;
467 2583 503 2642 vt
517 2577 686 2644 annuatim
702 2578 899 2646 Mouasterio
916 2578 978 2645 duro
996 2575 1142 2666 pondera
1158 2593 1243 2640 man-

117 2682 166 2749 sio
182 2682 330 2766 quelibet
345 2689 490 2769 tonetur;
515 2685 592 2752 item
607 2685 769 2753 Abbatem
793 2685 952 2772 recipient
967 2684 1145 2770 annuatim,
1164 2682 1242 2749 dan·

117 2796 168 2857 tes
192 2808 254 2876 pro
270 2809 331 2857 sua
355 2792 585 2878 procuracionc
609 2813 743 2880 porcum
759 2794 928 2879 triennem,
956 2794 1010 2878 qni
1034 2792 1134 2876 uulgo
1150 2804 1243 2856 arton

117 2897 247 2982 dicitur,
264 2906 298 2966 et
313 2919 427 2987 panes,
452 2921 493 2967 ae
509 2902 691 2988 comisiam,
717 2911 749 2970 et
765 2903 930 2989 pabulum,
957 2903 1041 2968 sicut
1055 2900 1112 2967 alii
1132 2897 1243 2984 populi

117 3006 310 3093 Monastcrij
335 3010 498 3094 prenotati
512 3033 519 3095 3
545 3010 622 3076 item
638 3010 672 3077 in
687 3011 830 3078 aduentu
844 3011 944 3095 Regis
969 3009 1162 3076 subuenicnt
1180 3006 1243 3071 Ab·

119 3112 197 3198 bati,
216 3112 301 3185 sieut
315 3114 374 3199 alij
390 3117 504 3203 populi
519 3119 707 3204 Monasterij
724 3119 906 3206 prenotati;
924 3116 1001 3184 item
1017 3117 1050 3182 in
1064 3113 1242 3181 sestiuitate

118 3219 235 3288 Sancti
250 3221 419 3290 Benedicti
434 3223 476 3290 de
492 3226 653 3292 communi
668 3227 796 3295 soluent
809 3226 892 3293 duas
902 3243 1001 3308 oucs;
1017 3222 1095 3290 item
1111 3221 1142 3287 in
1160 3239 1242 3304 equo

117 3347 178 3396 suo
196 3330 341 3397 seruient
357 3337 390 3399 et
398 3332 500 3420 ibunt,
518 3353 711 3420 quocunque
721 3336 833 3404 Abbas
843 3335 877 3402 in
893 3329 1176 3415 iactoldonasterij
1186 3347 1242 3396 eos

117 3435 252 3504 duxerit
260 3438 484 3509 destinandos.
500 3443 572 3508 Hac
581 3443 773 3512 condicione
783 3442 923 3528 adiecta,
941 3440 1067 3526 quodsi
1083 3440 1124 3506 dc
1134 3443 1242 3506 cetero

118 3544 289 3614 maliciose
305 3565 326 3612 a
340 3548 505 3633 prenotati
526 3549 716 3637 blonusterij
741 3549 879 3619 semicio
896 3570 931 3617 se
947 3547 1152 3633 retraxerint,
1175 3545 1243 3612 nbi·

118 3669 258 3734 cumque
272 3652 397 3737 reperti
412 3672 472 3720 seu
487 3655 612 3722 inuenti
627 3655 756 3738 luerint,
782 3656 847 3742 ipsi
862 3664 895 3723 et
910 3675 1021 3723 eorum
1037 3655 1107 3741 filij,
1126 3653 1160 3720 in
1177 3674 1244 3721 scr·

118 3757 255 3826 uitutem
267 3760 527 3844 supranominati
537 3761 727 3848 Monastcrij
744 3761 856 3830 Sancti
866 3761 1036 3831 Benedicti
1051 3767 1242 3850 perpetuam

118 3864 319 3948 redigentur.
347 3867 384 3933 In
399 3867 491 3935 cuiue
507 3869 555 3937 rei
570 3869 795 3958 plenissimam
810 3871 994 3938 firmitatem
1011 3877 1178 3956 presentes
1194 3868 1242 3934 lit·

117 3979 208 4039 teras
233 3979 364 4040 nostras
388 3973 611 4062 priuilegiales
629 3978 751 4046 Abbati
771 3985 804 4045 et
820 3978 1000 4047 Oonuentni
1024 3976 1161 4062 predicti
1178 3976 1243 4040 blo·

117 4079 255 4165 nestorii
271 4082 501 4168 concessimus,
526 4083 666 4172 duplicis
682 4085 785 4172 sigilli
799 4086 902 4155 nostri
917 4085 1092 4152 munimine
1113 4083 1242 4150 robora·

116 4196 178 4257 tas.
197 4190 321 4256 Datum
331 4207 416 4259 anno
427 4190 559 4260 Domini
576 4192 748 4262 millesimo
762 4195 981 4263 ducentesimo
992 4189 1242 4278 quadragesimo

116 4295 268 4384 septimo,
293 4295 368 4366 idus
383 4299 544 4387 Januarij,
569 4302 675 4388 Regni
691 4311 799 4372 antem
816 4304 918 4371 nostri
937 4322 1021 4369 anno
1039 4299 1240 4368 duodecimo.

116 4459 166 4526 (Aa
179 4463 283 4516 eredeti
306 4457 372 4516 utcln
385 4459 484 4516 Knauc
496 4461 614 4531 Nandor,
637 4469 752 4534 blagyar
764 4470 830 4521 Sion
843 4467 879 4519 ll.
892 4470 948 4521 leot.
963 4470 1024 4520 ouo.
1038 4467 1056 4524 l.
1078 4468 1110 4520 V.
1124 4471 1148 4518 ὅ.
1161 4462 1242 4538 Fejdr

450 4553 720 4622 cod.nipl.1v.nos
745 4561 767 4606 1.
782 4574 803 4608 r.
823 4560 876 4609 380.
891 4559 921 4622 l)

545 4699 814 4718 W
