3210 5194
519 359 686 461 m.

47 556 135 639 duxit,
153 554 382 637 cognorimus,
398 553 514 639 incipit
529 553 573 619 ab
590 554 715 622 oriente
737 555 769 622 in
785 555 886 623 fluuio
903 557 1119 642 Golgoniclua,
1136 565 1169 626 et

49 671 147 731 tenens
163 669 273 729 motas
289 681 362 729 oum
379 668 466 728 terra
482 660 718 730 cruciferorum
738 664 851 730 Sancti
866 664 1016 750 Sepulcri
1035 665 1077 732 de
1092 663 1169 734 Gol-

48 769 181 855 gonicha,
197 767 297 834 radit
311 787 428 836 versus
444 767 613 836 meridiem
629 769 777 836 adlatus
797 769 968 838 cuiusdam
986 773 1117 856 montis,
1135 777 1170 838 et

49 877 138 945 cundo
153 879 310 963 superius
319 879 413 944 iuxta
429 879 546 945 siluam
562 878 679 965 incipit
693 885 805 946 tencre
821 887 925 947 metas
935 901 1010 948 oum
1027 888 1169 950 castren-

49 985 124 1052 tibus
138 985 180 1051 de
189 985 353 1069 Kemluk,
371 991 404 1050 at
418 984 620 1054 descendeus
640 985 684 1052 ad
698 987 819 1054 vallem
832 1007 949 1055 uersus
958 989 1169 1074 occidentem,

50 1101 76 1158 ct
85 1091 227 1160 ascendit
243 1095 367 1159 iterum
375 1093 410 1158 in
427 1099 568 1160 montem
578 1112 693 1160 versus
707 1099 849 1161 castrum
861 1095 1015 1181 Kemluk,
1032 1104 1066 1164 et
1081 1096 1172 1165 cadit

51 1201 212 1286 invallem,
229 1220 297 1284 que
308 1201 583 1284 estiutaaquam
592 1201 883 1269 Kamechnicheex
894 1208 989 1289 parte
1000 1203 1171 1288 orientali,

54 1313 141 1392 etpar
149 1306 262 1392 ipsam
271 1307 395 1374 vallem
407 1307 500 1374 vadit
509 1325 624 1374 versus
635 1308 831 1392 aquilonem,
848 1309 1057 1378 ascendendo
1074 1310 1118 1375 ad
1128 1311 1173 1376 vi·

52 1435 130 1482 neam
145 1414 261 1482 Sebka
278 1415 495 1484 castrensium
511 1413 718 1499 chemluk,
735 1423 768 1482 et
777 1417 926 1502 peruenit
942 1417 985 1484 ad
1002 1417 1111 1503 pirum
1130 1419 1171 1485 si-

53 1532 286 1608 gnatamcruce,
306 1523 368 1590 sub
380 1542 447 1607 qua
456 1530 507 1591 est
515 1530 623 1608 meta,
640 1520 759 1590 deiude
775 1545 835 1610 per
845 1531 952 1590 metas
968 1533 1091 1593 terreas
1101 1545 1170 1592 ver·

54 1651 99 1698 sus
115 1631 306 1715 aquilonem
322 1631 472 1718 peruenit
482 1630 526 1697 ad
541 1649 696 1715 magnam
712 1631 810 1717 viam,
820 1651 884 1716 que
900 1632 992 1700 vadit
1007 1632 1173 1700 Worosdi·

55 1757 127 1821 uum,
146 1744 178 1804 et
193 1738 242 1804 ibi
253 1745 431 1824 separatur
448 1745 571 1806 eterra
581 1738 795 1806 caunensium
806 1740 847 1807 de
862 1739 1015 1825 Kcmlulr,
1032 1746 1066 1806 et
1080 1739 1173 1807 iuxta

54 1853 155 1912 meam
164 1851 253 1914 terra
260 1846 632 1934 Geroaburdaaciuxta
641 1853 745 1914 metas
756 1855 842 1915 terra
851 1846 1091 1915 Oruoiferorum
1100 1867 1172 1934 pre·

53 1950 196 2019 diuorum
211 1973 335 2021 versus
360 1955 519 2022 orientem
543 1974 601 2040 per
616 1961 723 2022 metas
738 1961 864 2022 terreas
887 1955 976 2022 cadit
990 1955 1025 2021 in
1040 1955 1171 2037 uallem,

56 2079 107 2142 quc
119 2061 216 2128 vallis
227 2060 322 2126 cadit
337 2061 373 2128 iu
384 2061 563 2147 predictum
578 2061 711 2129 fluuium
722 2059 926 2146 Glogoucha,
944 2068 976 2128 et
992 2080 1051 2147 per
1066 2060 1172 2148 ipsum

55 2164 169 2236 fluuium
187 2171 367 2236 reuertitur
382 2171 425 2237 ad
447 2173 589 2256 priorem
605 2178 736 2254 metam,
753 2170 809 2236 rbi
834 2169 1038 2237 terminatur.
1062 2169 1172 2236 Prima

55 2295 165 2360 qnoque
183 2285 276 2345 meta
296 2284 382 2346 terre
401 2277 624 2364 Geroaburda‚
649 2285 746 2365 prout
760 2297 820 2364 per
836 2279 957 2345 dictum
978 2279 1099 2346 Jaxam
1114 2278 1173 2344 fili-

55 2401 98 2447 um
105 2383 472 2470 Isach,intrcductorcui
488 2385 522 2451 in
536 2384 624 2452 hano
639 2385 744 2452 eciam
759 2384 1003 2470 possessiouem
1019 2384 1172 2468 cognoui-

56 2509 124 2574 mus,
133 2491 250 2577 incipit
266 2491 363 2558 iuxta
377 2492 512 2559 fluuium
527 2490 720 2577 Glogcucha
734 2492 794 2558 sub
813 2511 927 2558 ceraso
941 2489 1092 2574 quadam,
1111 2510 1173 2574 que

57 2596 141 2664 habet
149 2598 286 2684 siguum
296 2599 402 2666 crucis
413 2606 537 2684 aparte
547 2599 698 2666 orientali
707 2598 800 2664 iuxta
810 2605 929 2665 terram
936 2597 1173 2666 (luneit'erornm

59 2706 221 2773 eorundem
237 2707 303 2773 sub
319 2713 429 2775 moute
444 2708 596 2792 quodam,
613 2707 670 2793 qni
686 2707 1041 2793 Lipoagoravccatu13
1059 2714 1092 2772 et
1106 2711 1174 2770 ten-

59 2810 149 2880 dendo
165 2833 299 2882 sursum
324 2815 357 2881 in
374 2824 483 2884 monta
499 2817 605 2901 vergit
621 2816 666 2882 ad
680 2822 794 2901 partos
819 2813 1052 2899 occidentales,
1072 2813 1171 2900 appii·

60 2935 125 2986 cana
140 2922 182 2987 ad
207 2942 368 3008 maguam
383 2925 481 3009 viam,
510 2931 544 2990 et
558 2923 604 2990 ibi
620 2930 696 2990 sunt
710 2929 776 2988 tres
792 2928 877 2988 mete
903 2928 1097 3008 separantes
1112 2926 1174 2988 ter·

60 3045 117 3093 ram
131 3030 254 3098 Horost
271 3036 306 3096 ct
322 3029 534 3098 Geroaburda
559 3037 592 3098 et
607 3050 679 3097 eam
696 3038 828 3113 quaest
847 3029 946 3096 castri
962 3028 1124 3111 Remini,
1142 3034 1175 3096 ct

60 3133 123 3201 iude
136 3155 192 3222 per
218 3136 361 3205 eandem
376 3138 464 3204 viam
480 3135 526 3204 ad
544 3143 685 3205 montem
700 3157 758 3223 per
784 3136 900 3203 siluam
918 3143 951 3201 et
966 3154 1024 3221 per
1039 3135 1176 3201 arbores

61 3240 194 3325 signatas
209 3246 246 3310 iu
264 3245 398 3313 modum
422 3247 528 3313 crucis
544 3243 648 3312 tendit
663 3266 723 3330 per
743 3244 846 3311 siluas
871 3249 904 3308 et
920 3243 1006 3308 viam
1022 3241 1065 3307 ad
1089 3261 1177 3308 mon·

61 3355 124 3435 tem,
152 3373 216 3436 que
243 3353 553 3438 Cremernagoncha
578 3352 716 3437 dicitur;
744 3359 777 3418 at
798 3349 993 3418 circueundo
1018 3347 1177 3416 vanitati

62 3458 208 3538 quandam
225 3479 369 3546 paruum
394 3479 545 3546 campum
560 3457 603 3525 ad
619 3459 741 3543 fagum,
767 3477 866 3545 super
892 3476 958 3542 qua
973 3466 1024 3524 est
1048 3457 1177 3541 signum

63 3565 170 3650 omou3
188 3573 221 3635 ct
235 3587 298 3654 per
312 3567 476 3653 quendam
493 3566 591 3635 berch
608 3565 777 3633 descendit
795 3567 960 3650 inaquam
974 3563 1176 3650 Glogoncha,

62 3670 109 3735 vbi
123 3680 169 3739 est
184 3685 274 3742 meta
289 3682 416 3760 terrea;
439 3673 518 3742 inde
532 3694 592 3760 per
607 3673 745 3740 eandem
762 3692 880 3756 aquam
899 3671 1033 3739 inferius
1049 3678 1177 3757 proteu-

64 3775 137 3845 ditur
151 3782 193 3849 ad
209 3784 331 3869 locum,
347 3784 404 3848 vbi
420 3781 694 3867 aquaOraygyna
704 3779 793 3848 cadit
807 3781 970 3863 inaquam
989 3780 1179 3866 predictam,

66 3893 92 3950 et
103 3907 157 3972 per
167 3888 325 3976 Oragpma
339 3889 503 3958 tendendo
515 3909 755 3973 sursumvsque
764 3896 862 3975 capnt
871 3885 1027 3972 eiusdem,
1044 3895 1077 3953 ct
1086 3888 1178 3954 iuxta

68 3995 142 4060 riam
156 3997 188 4064 iu
203 3997 310 4066 latare
327 3999 455 4085 montis,
473 3998 534 4065 sub
552 3998 668 4065 arbore
685 3996 864 4064 sorbellina
891 4003 943 4062 est
957 4002 1046 4063 meta
1060 4001 1178 4075 terrea,

68 4107 238 4190 etvergcus
255 4104 300 4172 ad
315 4111 428 4192 partes
454 4105 643 4187 orientales,
671 4102 732 4170 sub
749 4103 867 4170 arbore
881 4102 953 4168 tlon
969 4107 1019 4168 ast
1044 4107 1132 4164 meta
1148 4105 1182 4164 et

69 4217 187 4297 puteus3
213 4221 247 4280 ct
262 4213 339 4282 inde
354 4231 414 4298 per
429 4211 517 4278 viam
543 4212 587 4278 cd
602 4211 708 4296 pirum
723 4211 784 4278 sul)
796 4208 901 4276 vineis
927 4213 959 4275 et
974 4207 1018 4274 ad
1036 4212 1180 4291 puteum,

70 4313 131 4383 hino
152 4339 209 4406 per
223 4322 315 4388 viam
341 4325 493 4388 almetas
520 4326 654 4404 terreas,
682 4323 714 4384 et
731 4319 865 4384 arbores
890 4313 1039 4398 signatas
1063 4312 1183 4378 transit

70 4423 142 4492 mam
157 4430 201 4496 ati
215 4434 360 4497 montem
369 4425 698 4512 Kamenuagoricha3
718 4430 751 4490 et
766 4423 809 4490 (io
823 4427 932 4489 monte
947 4419 993 4485 ad
1007 4417 1106 4502 mam,
1123 4439 1183 4503 per

73 4553 156 4616 qnam
171 4538 277 4606 cundo
288 4538 382 4605 iuxta
391 4537 506 4604 uineas
521 4553 697 4622 parumper
708 4532 769 4600 sub
783 4531 858 4597 ilice
874 4535 924 4596 est
939 4525 1182 4611 metaautiqua,

74 4637 107 4706 ie
120 4664 179 4729 qua
193 4647 249 4714 via
273 4644 365 4714 cadit
379 4645 412 4710 iu
428 4645 529 4712 aliam
544 4643 642 4729 mam,
669 4661 733 4727 que
747 4638 837 4706 veuit
852 4638 893 4705 dc
908 4637 990 4704 villa
1005 4633 1183 4703 crucifero-
