<?xml version="1.0" encoding="UTF-8"?>
<!DOCTYPE html PUBLIC "-//W3C//DTD XHTML 1.0 Transitional//EN"
    "http://www.w3.org/TR/xhtml1/DTD/xhtml1-transitional.dtd">
<html xmlns="http://www.w3.org/1999/xhtml" xml:lang="en" lang="en">
 <head>
  <title>
</title>
<meta http-equiv="Content-Type" content="text/html;charset=utf-8" />
  <meta name='ocr-system' content='tesseract 3.04.00' />
  <meta name='ocr-capabilities' content='ocr_page ocr_carea ocr_par ocr_line ocrx_word'/>
</head>
<body>
  <div class='ocr_page' id='page_1' title='image "./codexdiplomatic18wenzgoog_0540.png"; bbox 0 0 3226 5194; ppageno 0'>
   <div class='ocr_carea' id='block_1_1' title="bbox 884 321 952 390">
    <p class='ocr_par' dir='ltr' id='par_1_1' title="bbox 884 321 952 390">
     <span class='ocr_line' id='line_1_1' title="bbox 884 321 952 390; baseline 0 0"><span class='ocrx_word' id='word_1_1' title='bbox 884 321 952 390; x_wconf 80' lang='lat'>506</span> 
     </span>
    </p>
   </div>
   <div class='ocr_carea' id='block_1_2' title="bbox 841 411 992 426">
    <p class='ocr_par' dir='ltr' id='par_1_2' title="bbox 841 411 992 426">
     <span class='ocr_line' id='line_1_2' title="bbox 841 411 992 426; baseline -0.033 0"><span class='ocrx_word' id='word_1_2' title='bbox 841 411 992 426; x_wconf 49' lang='grc' dir='ltr'>ρ-</span> 
     </span>
    </p>
   </div>
   <div class='ocr_carea' id='block_1_3' title="bbox 357 517 1594 605">
    <p class='ocr_par' dir='ltr' id='par_1_3' title="bbox 357 517 1594 605">
     <span class='ocr_line' id='line_1_3' title="bbox 357 517 1594 605; baseline -0.004 -19"><span class='ocrx_word' id='word_1_3' title='bbox 357 519 640 586; x_wconf 82' lang='lat' dir='ltr'>dituriaOumlous</span> <span class='ocrx_word' id='word_1_4' title='bbox 657 519 1008 603; x_wconf 82' lang='lat' dir='ltr'>uocatuiuxtnaquum</span> <span class='ocrx_word' id='word_1_5' title='bbox 1018 519 1113 604; x_wconf 83' lang='lat' dir='ltr'>Topl,</span> <span class='ocrx_word' id='word_1_6' title='bbox 1130 517 1492 605; x_wconf 81' lang='lat' dir='ltr'>Oopruebu,(lbepzeu‚</span> <span class='ocrx_word' id='word_1_7' title='bbox 1592 547 1594 555; x_wconf 64' lang='lat'>=</span> 
     </span>
    </p>
   </div>
   <div class='ocr_carea' id='block_1_4' title="bbox 356 622 1493 929">
    <p class='ocr_par' dir='ltr' id='par_1_4' title="bbox 356 622 1493 929">
     <span class='ocr_line' id='line_1_4' title="bbox 357 622 1493 712; baseline -0.005 -19"><span class='ocrx_word' id='word_1_8' title='bbox 357 627 519 710; x_wconf 82' lang='lat' dir='ltr'>Oumlous,</span> <span class='ocrx_word' id='word_1_9' title='bbox 545 627 693 712; x_wconf 80' lang='lat' dir='ltr'>Oberuyn</span> <span class='ocrx_word' id='word_1_10' title='bbox 711 635 743 694; x_wconf 89' lang='lat' dir='ltr'>et</span> <span class='ocrx_word' id='word_1_11' title='bbox 759 625 925 695; x_wconf 80' lang='lat' dir='ltr'>Gerendul</span> <span class='ocrx_word' id='word_1_12' title='bbox 948 626 1108 694; x_wconf 81' lang='lat' dir='ltr'>existente</span> <span class='ocrx_word' id='word_1_13' title='bbox 1125 626 1232 694; x_wconf 87' lang='lat' dir='ltr'>nullus</span> <span class='ocrx_word' id='word_1_14' title='bbox 1249 643 1416 708; x_wconf 80' lang='lat' dir='ltr'>ugrauare</span> <span class='ocrx_word' id='word_1_15' title='bbox 1433 622 1493 688; x_wconf 89' lang='lat' dir='ltr'>de·</span> 
     </span>
     <span class='ocr_line' id='line_1_5' title="bbox 356 733 1491 822; baseline -0.004 -21"><span class='ocrx_word' id='word_1_16' title='bbox 356 737 433 802; x_wconf 85' lang='lat' dir='ltr'>best</span> <span class='ocrx_word' id='word_1_17' title='bbox 448 737 503 802; x_wconf 90' lang='lat' dir='ltr'>uel</span> <span class='ocrx_word' id='word_1_18' title='bbox 514 742 691 822; x_wconf 80' lang='lat' dir='ltr'><strong>presumat.</strong></span> <span class='ocrx_word' id='word_1_19' title='bbox 711 738 752 804; x_wconf 92' lang='lat' dir='ltr'>Vt</span> <span class='ocrx_word' id='word_1_20' title='bbox 763 744 871 805; x_wconf 85' lang='lat' dir='ltr'>autem</span> <span class='ocrx_word' id='word_1_21' title='bbox 882 737 1044 822; x_wconf 83' lang='lat' dir='ltr'>premissa</span> <span class='ocrx_word' id='word_1_22' title='bbox 1061 743 1135 802; x_wconf 83' lang='lat' dir='ltr'>ruta</span> <span class='ocrx_word' id='word_1_23' title='bbox 1144 736 1327 803; x_wconf 80' lang='lat' dir='ltr'>habeantur</span> <span class='ocrx_word' id='word_1_24' title='bbox 1337 740 1371 800; x_wconf 87' lang='lat' dir='ltr'>et</span> <span class='ocrx_word' id='word_1_25' title='bbox 1380 733 1491 816; x_wconf 82' lang='lat' dir='ltr'>firma,</span> 
     </span>
     <span class='ocr_line' id='line_1_6' title="bbox 356 841 1493 929; baseline -0.006 -19"><span class='ocrx_word' id='word_1_26' title='bbox 356 851 524 929; x_wconf 76' lang='lat' dir='ltr'>presentes</span> <span class='ocrx_word' id='word_1_27' title='bbox 540 845 669 912; x_wconf 79' lang='lat' dir='ltr'><strong>litteras</strong></span> <span class='ocrx_word' id='word_1_28' title='bbox 694 845 842 912; x_wconf 82' lang='lat' dir='ltr'>dedimus</span> <span class='ocrx_word' id='word_1_29' title='bbox 858 845 959 929; x_wconf 82' lang='lat' dir='ltr'>sigilli</span> <span class='ocrx_word' id='word_1_30' title='bbox 976 845 1078 914; x_wconf 82' lang='lat' dir='ltr'>nostri</span> <span class='ocrx_word' id='word_1_31' title='bbox 1099 842 1277 910; x_wconf 76' lang='lat' dir='ltr'>munimine</span> <span class='ocrx_word' id='word_1_32' title='bbox 1301 841 1493 909; x_wconf 79' lang='lat' dir='ltr'>roboratas.</span> 
     </span>
    </p>
   </div>
   <div class='ocr_carea' id='block_1_5' title="bbox 356 949 1492 1130">
    <p class='ocr_par' dir='ltr' id='par_1_5' title="bbox 356 949 1492 1130">
     <span class='ocr_line' id='line_1_7' title="bbox 356 949 1492 1039; baseline -0.005 -21"><span class='ocrx_word' id='word_1_33' title='bbox 356 954 476 1020; x_wconf 84' lang='lat' dir='ltr'>Datum</span> <span class='ocrx_word' id='word_1_34' title='bbox 493 953 526 1018; x_wconf 90' lang='lat' dir='ltr'>in</span> <span class='ocrx_word' id='word_1_35' title='bbox 541 954 639 1021; x_wconf 90' lang='lat' dir='ltr'>Portu</span> <span class='ocrx_word' id='word_1_36' title='bbox 656 955 819 1039; x_wconf 81' lang='lat' dir='ltr'>Equorum</span> <span class='ocrx_word' id='word_1_37' title='bbox 835 954 867 1020; x_wconf 93' lang='lat' dir='ltr'>in</span> <span class='ocrx_word' id='word_1_38' title='bbox 885 953 1011 1023; x_wconf 88' lang='lat' dir='ltr'>oetcuis</span> <span class='ocrx_word' id='word_1_39' title='bbox 1028 951 1139 1022; x_wconf 83' lang='lat' dir='ltr'>Sancti</span> <span class='ocrx_word' id='word_1_40' title='bbox 1156 949 1286 1018; x_wconf 80' lang='lat' dir='ltr'>Martini</span> <span class='ocrx_word' id='word_1_41' title='bbox 1309 949 1492 1016; x_wconf 86' lang='lat' dir='ltr'>millesimo</span> 
     </span>
     <span class='ocr_line' id='line_1_8' title="bbox 356 1059 579 1130; baseline 0.009 -2"><span class='ocrx_word' id='word_1_42' title='bbox 356 1059 421 1128; x_wconf 73' lang='lat'>00⁰</span> <span class='ocrx_word' id='word_1_43' title='bbox 432 1063 471 1128; x_wconf 86' lang='lat' dir='ltr'>L⁰</span> <span class='ocrx_word' id='word_1_44' title='bbox 486 1082 579 1130; x_wconf 93' lang='lat' dir='ltr'>nouo.</span> 
     </span>
    </p>
   </div>
   <div class='ocr_carea' id='block_1_6' title="bbox 357 1253 1493 1326">
    <p class='ocr_par' dir='ltr' id='par_1_6' title="bbox 357 1253 1493 1326">
     <span class='ocr_line' id='line_1_9' title="bbox 357 1253 1493 1326; baseline -0.004 -16"><span class='ocrx_word' id='word_1_45' title='bbox 357 1255 462 1322; x_wconf 72' lang='lat' dir='ltr'>(lstrdu</span> <span class='ocrx_word' id='word_1_46' title='bbox 476 1257 562 1326; x_wconf 80' lang='lat' dir='ltr'>iljabb</span> <span class='ocrx_word' id='word_1_47' title='bbox 576 1256 666 1326; x_wconf 70' lang='lat' dir='ltr'>kirtly</span> <span class='ocrx_word' id='word_1_48' title='bbox 683 1261 793 1312; x_wconf 69' lang='lat' dir='ltr'>lesit-lsi</span> <span class='ocrx_word' id='word_1_49' title='bbox 807 1257 953 1312; x_wconf 79' lang='lat' dir='ltr'>tuirattbol</span> <span class='ocrx_word' id='word_1_50' title='bbox 966 1277 983 1312; x_wconf 85' lang='lat' dir='ltr'>n</span> <span class='ocrx_word' id='word_1_51' title='bbox 996 1258 1078 1310; x_wconf 82' lang='lat' dir='ltr'>budui</span> <span class='ocrx_word' id='word_1_52' title='bbox 1090 1257 1140 1308; x_wconf 78' lang='lat' dir='ltr'>luir.</span> <span class='ocrx_word' id='word_1_53' title='bbox 1156 1258 1279 1308; x_wconf 80' lang='lat' dir='ltr'>kemurrri</span> <span class='ocrx_word' id='word_1_54' title='bbox 1293 1253 1493 1320; x_wconf 76' lang='lat' dir='ltr'>levelts&#39;rrbuu.)</span> 
     </span>
    </p>
   </div>
   <div class='ocr_carea' id='block_1_7' title="bbox 777 1543 1043 1560">
    <p class='ocr_par' dir='ltr' id='par_1_7' title="bbox 777 1543 1043 1560">
     <span class='ocr_line' id='line_1_10' title="bbox 777 1543 1043 1560; baseline -0.004 1"><span class='ocrx_word' id='word_1_55' title='bbox 777 1543 1043 1560; x_wconf 52' lang='lat' dir='ltr'>*nm—*m</span> 
     </span>
    </p>
   </div>
   <div class='ocr_carea' id='block_1_8' title="bbox 885 2069 963 2136">
    <p class='ocr_par' dir='ltr' id='par_1_8' title="bbox 885 2069 963 2136">
     <span class='ocr_line' id='line_1_11' title="bbox 885 2069 963 2136; baseline -0.038 0"><span class='ocrx_word' id='word_1_56' title='bbox 885 2069 963 2136; x_wconf 78' lang='lat' dir='ltr'>tte.</span> 
     </span>
    </p>
   </div>
   <div class='ocr_carea' id='block_1_9' title="bbox 358 2263 1487 2441">
    <p class='ocr_par' dir='ltr' id='par_1_9' title="bbox 358 2263 1487 2441">
     <span class='ocr_line' id='line_1_12' title="bbox 358 2263 1487 2370; baseline -0.003 -41"><span class='ocrx_word' id='word_1_57' title='bbox 358 2263 466 2330; x_wconf 76' lang='lat' dir='ltr'>Interim</span> <span class='ocrx_word' id='word_1_58' title='bbox 481 2266 582 2352; x_wconf 64' lang='lat' dir='ltr'>r&#39;ffiabb</span> <span class='ocrx_word' id='word_1_59' title='bbox 597 2268 700 2353; x_wconf 73' lang='lat' dir='ltr'>tirdtp</span> <span class='ocrx_word' id='word_1_60' title='bbox 717 2267 908 2333; x_wconf 82' lang='lat' dir='ltr'>Hoboldmak</span> <span class='ocrx_word' id='word_1_61' title='bbox 927 2267 1107 2370; x_wconf 67' lang='lat' dir='ltr'>ummaudju</span> <span class='ocrx_word' id='word_1_62' title='bbox 1125 2295 1146 2334; x_wconf 84' lang='lat' dir='ltr'><em>a</em></span> <span class='ocrx_word' id='word_1_63' title='bbox 1162 2269 1221 2333; x_wconf 76' lang='lat' dir='ltr'>rote</span> <span class='ocrx_word' id='word_1_64' title='bbox 1240 2269 1327 2333; x_wconf 84' lang='lat' dir='ltr'>elvett</span> <span class='ocrx_word' id='word_1_65' title='bbox 1335 2265 1487 2352; x_wconf 73' lang='lat' dir='ltr'>filldelret.</span> 
     </span>
     <span class='ocr_line' id='line_1_13' title="bbox 873 2375 969 2441; baseline -0.01 -2"><span class='ocrx_word' id='word_1_66' title='bbox 873 2375 969 2441; x_wconf 81' lang='lat'><em>1259.</em></span> 
     </span>
    </p>
   </div>
   <div class='ocr_carea' id='block_1_10' title="bbox 357 2570 1485 4722">
    <p class='ocr_par' dir='ltr' id='par_1_10' title="bbox 357 2570 1485 4722">
     <span class='ocr_line' id='line_1_14' title="bbox 466 2570 1485 2660; baseline -0.004 -21"><span class='ocrx_word' id='word_1_67' title='bbox 466 2570 697 2659; x_wconf 72' lang='lat' dir='ltr'>(Slbephuuus</span> <span class='ocrx_word' id='word_1_68' title='bbox 708 2574 770 2639; x_wconf 90' lang='lat' dir='ltr'>Dei</span> <span class='ocrx_word' id='word_1_69' title='bbox 781 2575 895 2658; x_wconf 82' lang='lat' dir='ltr'>gracia</span> <span class='ocrx_word' id='word_1_70' title='bbox 905 2575 974 2640; x_wconf 81' lang='lat' dir='ltr'>Rex</span> <span class='ocrx_word' id='word_1_71' title='bbox 984 2573 1219 2660; x_wconf 85' lang='lat' dir='ltr'>primogenitus</span> <span class='ocrx_word' id='word_1_72' title='bbox 1231 2572 1375 2640; x_wconf 89' lang='lat' dir='ltr'>Illustris</span> <span class='ocrx_word' id='word_1_73' title='bbox 1385 2572 1485 2655; x_wconf 83' lang='lat' dir='ltr'>Regis</span> 
     </span>
     <span class='ocr_line' id='line_1_15' title="bbox 358 2678 1483 2768; baseline -0.002 -22"><span class='ocrx_word' id='word_1_74' title='bbox 358 2681 527 2765; x_wconf 82' lang='lat' dir='ltr'>Hungurie</span> <span class='ocrx_word' id='word_1_75' title='bbox 537 2687 570 2748; x_wconf 90' lang='lat' dir='ltr'>et</span> <span class='ocrx_word' id='word_1_76' title='bbox 579 2680 653 2748; x_wconf 83' lang='lat' dir='ltr'>Dux</span> <span class='ocrx_word' id='word_1_77' title='bbox 664 2681 763 2749; x_wconf 86' lang='lat' dir='ltr'>Stirie</span> <span class='ocrx_word' id='word_1_78' title='bbox 779 2682 941 2751; x_wconf 77' lang='lat' dir='ltr'>uniuersis</span> <span class='ocrx_word' id='word_1_79' title='bbox 951 2681 1072 2750; x_wconf 76' lang='lat' dir='ltr'>Christi</span> <span class='ocrx_word' id='word_1_80' title='bbox 1082 2682 1232 2750; x_wconf 86' lang='lat' dir='ltr'>fidelibus</span> <span class='ocrx_word' id='word_1_81' title='bbox 1248 2687 1418 2768; x_wconf 75' lang='lat' dir='ltr'>presentes</span> <span class='ocrx_word' id='word_1_82' title='bbox 1437 2678 1483 2745; x_wconf 90' lang='lat' dir='ltr'>lit-</span> 
     </span>
     <span class='ocr_line' id='line_1_16' title="bbox 359 2789 1481 2876; baseline 0.001 -22"><span class='ocrx_word' id='word_1_83' title='bbox 359 2795 447 2857; x_wconf 83' lang='lat' dir='ltr'>teras</span> <span class='ocrx_word' id='word_1_84' title='bbox 461 2789 656 2876; x_wconf 84' lang='lat' dir='ltr'>inspecturis</span> <span class='ocrx_word' id='word_1_85' title='bbox 667 2791 807 2859; x_wconf 87' lang='lat' dir='ltr'>sulutem</span> <span class='ocrx_word' id='word_1_86' title='bbox 817 2791 850 2858; x_wconf 95' lang='lat' dir='ltr'>iu</span> <span class='ocrx_word' id='word_1_87' title='bbox 861 2793 1003 2860; x_wconf 91' lang='lat' dir='ltr'>omnium</span> <span class='ocrx_word' id='word_1_88' title='bbox 1014 2791 1188 2860; x_wconf 75' lang='lat' dir='ltr'>saluatore.</span> <span class='ocrx_word' id='word_1_89' title='bbox 1205 2791 1256 2858; x_wconf 84' lang='lat' dir='ltr'>Ad</span> <span class='ocrx_word' id='word_1_90' title='bbox 1265 2790 1406 2876; x_wconf 82' lang='lat' dir='ltr'>Regiam</span> <span class='ocrx_word' id='word_1_91' title='bbox 1415 2807 1481 2875; x_wconf 92' lang='lat' dir='ltr'>per·</span> 
     </span>
     <span class='ocr_line' id='line_1_17' title="bbox 357 2896 1482 2986; baseline -0.004 -21"><span class='ocrx_word' id='word_1_92' title='bbox 357 2897 439 2965; x_wconf 89' lang='lat' dir='ltr'>tinet</span> <span class='ocrx_word' id='word_1_93' title='bbox 453 2897 666 2985; x_wconf 78' lang='lat' dir='ltr'>Maiestatem,</span> <span class='ocrx_word' id='word_1_94' title='bbox 684 2919 780 2982; x_wconf 79' lang='lat' dir='ltr'>uque</span> <span class='ocrx_word' id='word_1_95' title='bbox 792 2901 873 2986; x_wconf 81' lang='lat' dir='ltr'>jure</span> <span class='ocrx_word' id='word_1_96' title='bbox 881 2902 951 2969; x_wconf 90' lang='lat' dir='ltr'>Deo</span> <span class='ocrx_word' id='word_1_97' title='bbox 960 2901 1122 2968; x_wconf 90' lang='lat' dir='ltr'>tribuente</span> <span class='ocrx_word' id='word_1_98' title='bbox 1140 2898 1341 2986; x_wconf 91' lang='lat' dir='ltr'>prodierunt,</span> <span class='ocrx_word' id='word_1_99' title='bbox 1360 2896 1482 2965; x_wconf 76' lang='lat' dir='ltr'>unicui·</span> 
     </span>
     <span class='ocr_line' id='line_1_18' title="bbox 359 3005 1482 3096; baseline -0.002 -22"><span class='ocrx_word' id='word_1_100' title='bbox 359 3025 422 3091; x_wconf 89' lang='lat' dir='ltr'>que</span> <span class='ocrx_word' id='word_1_101' title='bbox 432 3007 568 3076; x_wconf 91' lang='lat' dir='ltr'>reddere</span> <span class='ocrx_word' id='word_1_102' title='bbox 577 3027 638 3075; x_wconf 83' lang='lat' dir='ltr'>sua</span> <span class='ocrx_word' id='word_1_103' title='bbox 643 3009 733 3094; x_wconf 82' lang='lat' dir='ltr'>jure,</span> <span class='ocrx_word' id='word_1_104' title='bbox 743 3016 776 3076; x_wconf 91' lang='lat' dir='ltr'>et</span> <span class='ocrx_word' id='word_1_105' title='bbox 787 3007 894 3077; x_wconf 81' lang='lat' dir='ltr'>locere</span> <span class='ocrx_word' id='word_1_106' title='bbox 903 3008 1043 3076; x_wconf 90' lang='lat' dir='ltr'>subditi</span> <span class='ocrx_word' id='word_1_107' title='bbox 1054 3009 1225 3096; x_wconf 83' lang='lat' dir='ltr'>iusticiam,</span> <span class='ocrx_word' id='word_1_108' title='bbox 1238 3029 1302 3092; x_wconf 90' lang='lat' dir='ltr'>que</span> <span class='ocrx_word' id='word_1_109' title='bbox 1311 3005 1401 3074; x_wconf 88' lang='lat' dir='ltr'>sedis</span> <span class='ocrx_word' id='word_1_110' title='bbox 1413 3007 1482 3073; x_wconf 87' lang='lat' dir='ltr'>eius</span> 
     </span>
     <span class='ocr_line' id='line_1_19' title="bbox 359 3115 1482 3203; baseline 0.002 -23"><span class='ocrx_word' id='word_1_111' title='bbox 359 3119 410 3180; x_wconf 92' lang='lat' dir='ltr'>est</span> <span class='ocrx_word' id='word_1_112' title='bbox 425 3115 598 3201; x_wconf 81' lang='lat' dir='ltr'>nomenoio,</span> <span class='ocrx_word' id='word_1_113' title='bbox 615 3135 656 3182; x_wconf 91' lang='lat' dir='ltr'>ue</span> <span class='ocrx_word' id='word_1_114' title='bbox 666 3115 811 3202; x_wconf 80' lang='lat' dir='ltr'>Regibus</span> <span class='ocrx_word' id='word_1_115' title='bbox 827 3118 862 3184; x_wconf 91' lang='lat' dir='ltr'>iu</span> <span class='ocrx_word' id='word_1_116' title='bbox 871 3119 950 3203; x_wconf 85' lang='lat' dir='ltr'>jure</span> <span class='ocrx_word' id='word_1_117' title='bbox 960 3126 992 3185; x_wconf 92' lang='lat' dir='ltr'>et</span> <span class='ocrx_word' id='word_1_118' title='bbox 1002 3117 1140 3202; x_wconf 85' lang='lat' dir='ltr'>justicia</span> <span class='ocrx_word' id='word_1_119' title='bbox 1151 3117 1377 3186; x_wconf 88' lang='lat' dir='ltr'>deficientibus</span> <span class='ocrx_word' id='word_1_120' title='bbox 1386 3117 1482 3184; x_wconf 81' lang='lat' dir='ltr'>facile</span> 
     </span>
     <span class='ocr_line' id='line_1_20' title="bbox 358 3223 1482 3314; baseline 0.001 -25"><span class='ocrx_word' id='word_1_121' title='bbox 358 3223 507 3291; x_wconf 80' lang='lat' dir='ltr'>trahetur</span> <span class='ocrx_word' id='word_1_122' title='bbox 523 3224 565 3292; x_wconf 84' lang='lat' dir='ltr'>ab</span> <span class='ocrx_word' id='word_1_123' title='bbox 581 3226 658 3312; x_wconf 86' lang='lat' dir='ltr'>nlijs</span> <span class='ocrx_word' id='word_1_124' title='bbox 682 3225 899 3313; x_wconf 86' lang='lat' dir='ltr'>perniciosum</span> <span class='ocrx_word' id='word_1_125' title='bbox 915 3227 1111 3314; x_wconf 85' lang='lat' dir='ltr'>exemplum.</span> <span class='ocrx_word' id='word_1_126' title='bbox 1142 3225 1284 3295; x_wconf 87' lang='lat' dir='ltr'>Proinde</span> <span class='ocrx_word' id='word_1_127' title='bbox 1300 3226 1344 3294; x_wconf 83' lang='lat' dir='ltr'>ad</span> <span class='ocrx_word' id='word_1_128' title='bbox 1359 3226 1482 3294; x_wconf 77' lang='lat' dir='ltr'>uniuer-</span> 
     </span>
     <span class='ocr_line' id='line_1_21' title="bbox 359 3331 1482 3422; baseline 0 -24"><span class='ocrx_word' id='word_1_129' title='bbox 359 3351 467 3399; x_wconf 89' lang='lat' dir='ltr'>sorum</span> <span class='ocrx_word' id='word_1_130' title='bbox 484 3333 763 3404; x_wconf 81' lang='lat' dir='ltr'>uotieismhurum</span> <span class='ocrx_word' id='word_1_131' title='bbox 780 3335 864 3403; x_wconf 88' lang='lat' dir='ltr'>serie</span> <span class='ocrx_word' id='word_1_132' title='bbox 879 3335 1093 3422; x_wconf 80' lang='lat' dir='ltr'>declaramus,</span> <span class='ocrx_word' id='word_1_133' title='bbox 1111 3333 1197 3421; x_wconf 89' lang='lat' dir='ltr'>quod</span> <span class='ocrx_word' id='word_1_134' title='bbox 1214 3334 1351 3402; x_wconf 91' lang='lat' dir='ltr'>dilectus</span> <span class='ocrx_word' id='word_1_135' title='bbox 1362 3340 1394 3402; x_wconf 91' lang='lat' dir='ltr'>et</span> <span class='ocrx_word' id='word_1_136' title='bbox 1410 3331 1482 3402; x_wconf 87' lang='lat' dir='ltr'>fide-</span> 
     </span>
     <span class='ocr_line' id='line_1_22' title="bbox 360 3440 1483 3527; baseline -0.005 -19"><span class='ocrx_word' id='word_1_137' title='bbox 360 3440 402 3508; x_wconf 88' lang='lat' dir='ltr'>lis</span> <span class='ocrx_word' id='word_1_138' title='bbox 418 3449 530 3512; x_wconf 85' lang='lat' dir='ltr'>noster</span> <span class='ocrx_word' id='word_1_139' title='bbox 545 3442 714 3512; x_wconf 88' lang='lat' dir='ltr'>Hoboldus</span> <span class='ocrx_word' id='word_1_140' title='bbox 739 3462 802 3510; x_wconf 85' lang='lat' dir='ltr'>suu</span> <span class='ocrx_word' id='word_1_141' title='bbox 817 3442 911 3510; x_wconf 92' lang='lat' dir='ltr'>uobis</span> <span class='ocrx_word' id='word_1_142' title='bbox 929 3442 1160 3527; x_wconf 77' lang='lat' dir='ltr'>conquestione</span> <span class='ocrx_word' id='word_1_143' title='bbox 1185 3441 1433 3527; x_wconf 75' lang='lat' dir='ltr'>demonstrauit,</span> <span class='ocrx_word' id='word_1_144' title='bbox 1449 3445 1483 3504; x_wconf 84' lang='lat' dir='ltr'>vt</span> 
     </span>
     <span class='ocr_line' id='line_1_23' title="bbox 361 3547 1481 3637; baseline -0.001 -23"><span class='ocrx_word' id='word_1_145' title='bbox 361 3547 521 3632; x_wconf 81' lang='lat' dir='ltr'>quendum</span> <span class='ocrx_word' id='word_1_146' title='bbox 546 3557 650 3618; x_wconf 84' lang='lat' dir='ltr'>terras</span> <span class='ocrx_word' id='word_1_147' title='bbox 667 3570 745 3618; x_wconf 87' lang='lat' dir='ltr'>sues</span> <span class='ocrx_word' id='word_1_148' title='bbox 770 3549 922 3636; x_wconf 87' lang='lat' dir='ltr'>empticie</span> <span class='ocrx_word' id='word_1_149' title='bbox 948 3558 1155 3637; x_wconf 79' lang='lat' dir='ltr'>comparatus</span> <span class='ocrx_word' id='word_1_150' title='bbox 1173 3557 1268 3636; x_wconf 86' lang='lat' dir='ltr'>puter</span> <span class='ocrx_word' id='word_1_151' title='bbox 1284 3555 1394 3616; x_wconf 83' lang='lat' dir='ltr'>noster</span> <span class='ocrx_word' id='word_1_152' title='bbox 1410 3547 1481 3614; x_wconf 93' lang='lat' dir='ltr'>Illu-</span> 
     </span>
     <span class='ocr_line' id='line_1_24' title="bbox 361 3655 1482 3728; baseline -0.001 -7"><span class='ocrx_word' id='word_1_153' title='bbox 361 3655 436 3722; x_wconf 87' lang='lat' dir='ltr'>stris</span> <span class='ocrx_word' id='word_1_154' title='bbox 460 3657 543 3724; x_wconf 80' lang='lat' dir='ltr'>Belo</span> <span class='ocrx_word' id='word_1_155' title='bbox 567 3660 638 3725; x_wconf 81' lang='lat' dir='ltr'>Rex</span> <span class='ocrx_word' id='word_1_156' title='bbox 669 3657 931 3728; x_wconf 76' lang='lat' dir='ltr'>oblocutionibus</span> <span class='ocrx_word' id='word_1_157' title='bbox 963 3656 1167 3726; x_wconf 87' lang='lat' dir='ltr'>inimicorum</span> <span class='ocrx_word' id='word_1_158' title='bbox 1194 3676 1326 3726; x_wconf 87' lang='lat' dir='ltr'>suorum</span> <span class='ocrx_word' id='word_1_159' title='bbox 1352 3655 1482 3723; x_wconf 85' lang='lat' dir='ltr'>lecisset</span> 
     </span>
     <span class='ocr_line' id='line_1_25' title="bbox 359 3761 1482 3852; baseline 0 -22"><span class='ocrx_word' id='word_1_160' title='bbox 359 3761 481 3832; x_wconf 79' lang='lat' dir='ltr'>auferri</span> <span class='ocrx_word' id='word_1_161' title='bbox 505 3766 594 3834; x_wconf 91' lang='lat' dir='ltr'>nullo</span> <span class='ocrx_word' id='word_1_162' title='bbox 619 3784 755 3852; x_wconf 89' lang='lat' dir='ltr'>prorsus</span> <span class='ocrx_word' id='word_1_163' title='bbox 778 3765 863 3851; x_wconf 87' lang='lat' dir='ltr'>juris</span> <span class='ocrx_word' id='word_1_164' title='bbox 889 3765 1003 3834; x_wconf 92' lang='lat' dir='ltr'>ordine</span> <span class='ocrx_word' id='word_1_165' title='bbox 1028 3766 1220 3851; x_wconf 76' lang='lat' dir='ltr'>obseruut05</span> <span class='ocrx_word' id='word_1_166' title='bbox 1245 3784 1344 3851; x_wconf 88' lang='lat' dir='ltr'>super</span> <span class='ocrx_word' id='word_1_167' title='bbox 1366 3764 1482 3847; x_wconf 91' lang='lat' dir='ltr'>quibus</span> 
     </span>
     <span class='ocr_line' id='line_1_26' title="bbox 359 3871 1481 3962; baseline -0.002 -22"><span class='ocrx_word' id='word_1_168' title='bbox 359 3871 464 3940; x_wconf 81' lang='lat' dir='ltr'>eciem</span> <span class='ocrx_word' id='word_1_169' title='bbox 480 3872 568 3941; x_wconf 89' lang='lat' dir='ltr'>idern</span> <span class='ocrx_word' id='word_1_170' title='bbox 583 3876 678 3943; x_wconf 88' lang='lat' dir='ltr'>nobis</span> <span class='ocrx_word' id='word_1_171' title='bbox 702 3874 850 3942; x_wconf 84' lang='lat' dir='ltr'>exhibuit</span> <span class='ocrx_word' id='word_1_172' title='bbox 864 3874 1074 3962; x_wconf 74' lang='lat' dir='ltr'>priuilegium</span> <span class='ocrx_word' id='word_1_173' title='bbox 1090 3872 1221 3942; x_wconf 82' lang='lat' dir='ltr'>Andree</span> <span class='ocrx_word' id='word_1_174' title='bbox 1236 3873 1338 3960; x_wconf 81' lang='lat' dir='ltr'>Regis</span> <span class='ocrx_word' id='word_1_175' title='bbox 1360 3872 1416 3940; x_wconf 81' lang='lat' dir='ltr'>nui</span> <span class='ocrx_word' id='word_1_176' title='bbox 1431 3893 1481 3939; x_wconf 92' lang='lat' dir='ltr'>no·</span> 
     </span>
     <span class='ocr_line' id='line_1_27' title="bbox 360 3979 1480 4070; baseline 0.001 -23"><span class='ocrx_word' id='word_1_177' title='bbox 360 3980 420 4047; x_wconf 88' lang='lat' dir='ltr'>stri</span> <span class='ocrx_word' id='word_1_178' title='bbox 435 3979 547 4050; x_wconf 90' lang='lat' dir='ltr'>iuelite</span> <span class='ocrx_word' id='word_1_179' title='bbox 571 3981 824 4067; x_wconf 83' lang='lat' dir='ltr'>recordacionis,</span> <span class='ocrx_word' id='word_1_180' title='bbox 851 3983 1016 4050; x_wconf 84' lang='lat' dir='ltr'>etiterum</span> <span class='ocrx_word' id='word_1_181' title='bbox 1041 3982 1132 4049; x_wconf 84' lang='lat' dir='ltr'>eliud</span> <span class='ocrx_word' id='word_1_182' title='bbox 1153 3981 1363 4070; x_wconf 83' lang='lat' dir='ltr'>priuilegium</span> <span class='ocrx_word' id='word_1_183' title='bbox 1378 3981 1480 4048; x_wconf 83' lang='lat' dir='ltr'>keris-</span> 
     </span>
     <span class='ocr_line' id='line_1_28' title="bbox 359 4087 1479 4176; baseline 0 -20"><span class='ocrx_word' id='word_1_184' title='bbox 359 4087 434 4156; x_wconf 90' lang='lat' dir='ltr'>simi</span> <span class='ocrx_word' id='word_1_185' title='bbox 451 4088 554 4175; x_wconf 83' lang='lat' dir='ltr'>putris</span> <span class='ocrx_word' id='word_1_186' title='bbox 569 4089 672 4158; x_wconf 87' lang='lat' dir='ltr'>uestri</span> <span class='ocrx_word' id='word_1_187' title='bbox 696 4109 794 4176; x_wconf 90' lang='lat' dir='ltr'>super</span> <span class='ocrx_word' id='word_1_188' title='bbox 810 4089 1059 4158; x_wconf 76' lang='lat' dir='ltr'>confirmacione</span> <span class='ocrx_word' id='word_1_189' title='bbox 1084 4089 1203 4176; x_wconf 86' lang='lat' dir='ltr'>prioris</span> <span class='ocrx_word' id='word_1_190' title='bbox 1228 4089 1394 4176; x_wconf 78' lang='lat' dir='ltr'>priuilegij</span> <span class='ocrx_word' id='word_1_191' title='bbox 1411 4109 1479 4157; x_wconf 89' lang='lat' dir='ltr'>eou-</span> 
     </span>
     <span class='ocr_line' id='line_1_29' title="bbox 360 4196 1478 4285; baseline -0.003 -19"><span class='ocrx_word' id='word_1_192' title='bbox 360 4199 499 4283; x_wconf 80' lang='lat' dir='ltr'>leetum3</span> <span class='ocrx_word' id='word_1_193' title='bbox 515 4197 682 4281; x_wconf 87' lang='lat' dir='ltr'>inquibus</span> <span class='ocrx_word' id='word_1_194' title='bbox 699 4196 830 4283; x_wconf 84' lang='lat' dir='ltr'>plenius</span> <span class='ocrx_word' id='word_1_195' title='bbox 843 4198 1079 4285; x_wconf 78' lang='lat' dir='ltr'>continebatur,</span> <span class='ocrx_word' id='word_1_196' title='bbox 1096 4197 1183 4284; x_wconf 84' lang='lat' dir='ltr'>quod</span> <span class='ocrx_word' id='word_1_197' title='bbox 1197 4197 1363 4285; x_wconf 80' lang='lat' dir='ltr'>predictus</span> <span class='ocrx_word' id='word_1_198' title='bbox 1377 4203 1478 4264; x_wconf 81' lang='lat' dir='ltr'>terres</span> 
     </span>
     <span class='ocr_line' id='line_1_30' title="bbox 361 4303 1479 4393; baseline -0.001 -20"><span class='ocrx_word' id='word_1_199' title='bbox 361 4306 476 4374; x_wconf 80' lang='lat' dir='ltr'>eomes</span> <span class='ocrx_word' id='word_1_200' title='bbox 492 4304 661 4374; x_wconf 89' lang='lat' dir='ltr'>Hoboldus</span> <span class='ocrx_word' id='word_1_201' title='bbox 686 4305 770 4372; x_wconf 90' lang='lat' dir='ltr'>bone</span> <span class='ocrx_word' id='word_1_202' title='bbox 786 4306 949 4391; x_wconf 88' lang='lat' dir='ltr'>memorie,</span> <span class='ocrx_word' id='word_1_203' title='bbox 974 4314 1068 4393; x_wconf 78' lang='lat' dir='ltr'>puter</span> <span class='ocrx_word' id='word_1_204' title='bbox 1092 4305 1231 4393; x_wconf 88' lang='lat' dir='ltr'>predicti</span> <span class='ocrx_word' id='word_1_205' title='bbox 1246 4303 1399 4390; x_wconf 74' lang='lat' dir='ltr'>Magistri</span> <span class='ocrx_word' id='word_1_206' title='bbox 1420 4305 1479 4372; x_wconf 89' lang='lat' dir='ltr'>Ho-</span> 
     </span>
     <span class='ocr_line' id='line_1_31' title="bbox 360 4411 1479 4502; baseline 0 -22"><span class='ocrx_word' id='word_1_207' title='bbox 360 4411 462 4501; x_wconf 88' lang='lat' dir='ltr'>boldy</span> <span class='ocrx_word' id='word_1_208' title='bbox 477 4413 564 4484; x_wconf 88' lang='lat' dir='ltr'>iusto</span> <span class='ocrx_word' id='word_1_209' title='bbox 579 4413 673 4482; x_wconf 91' lang='lat' dir='ltr'>titulo</span> <span class='ocrx_word' id='word_1_210' title='bbox 683 4414 861 4502; x_wconf 85' lang='lat' dir='ltr'>empcionis</span> <span class='ocrx_word' id='word_1_211' title='bbox 875 4421 1081 4502; x_wconf 81' lang='lat' dir='ltr'>conpararet.</span> <span class='ocrx_word' id='word_1_212' title='bbox 1092 4416 1161 4484; x_wconf 91' lang='lat' dir='ltr'>Nos</span> <span class='ocrx_word' id='word_1_213' title='bbox 1171 4415 1269 4502; x_wconf 75' lang='lat' dir='ltr'>igitur</span> <span class='ocrx_word' id='word_1_214' title='bbox 1284 4421 1399 4483; x_wconf 80' lang='lat' dir='ltr'>tenore</span> <span class='ocrx_word' id='word_1_215' title='bbox 1414 4431 1479 4499; x_wconf 91' lang='lat' dir='ltr'>pre·</span> 
     </span>
     <span class='ocr_line' id='line_1_32' title="bbox 361 4520 1482 4612; baseline -0.002 -24"><span class='ocrx_word' id='word_1_216' title='bbox 361 4521 519 4590; x_wconf 88' lang='lat' dir='ltr'>dictorum</span> <span class='ocrx_word' id='word_1_217' title='bbox 535 4521 782 4608; x_wconf 83' lang='lat' dir='ltr'>priuilegiorum</span> <span class='ocrx_word' id='word_1_218' title='bbox 797 4521 993 4606; x_wconf 78' lang='lat' dir='ltr'>diligencius</span> <span class='ocrx_word' id='word_1_219' title='bbox 1008 4525 1166 4612; x_wconf 89' lang='lat' dir='ltr'>inspecto,</span> <span class='ocrx_word' id='word_1_220' title='bbox 1196 4530 1228 4591; x_wconf 87' lang='lat' dir='ltr'>et</span> <span class='ocrx_word' id='word_1_221' title='bbox 1243 4523 1323 4606; x_wconf 81' lang='lat' dir='ltr'>quie</span> <span class='ocrx_word' id='word_1_222' title='bbox 1338 4541 1397 4609; x_wconf 92' lang='lat' dir='ltr'>per</span> <span class='ocrx_word' id='word_1_223' title='bbox 1413 4520 1482 4588; x_wconf 93' lang='lat' dir='ltr'>soli·</span> 
     </span>
     <span class='ocr_line' id='line_1_33' title="bbox 362 4629 1481 4722; baseline 0.002 -22"><span class='ocrx_word' id='word_1_224' title='bbox 362 4629 539 4704; x_wconf 82' lang='lat' dir='ltr'>citudinem</span> <span class='ocrx_word' id='word_1_225' title='bbox 563 4638 673 4702; x_wconf 88' lang='lat' dir='ltr'>uostre</span> <span class='ocrx_word' id='word_1_226' title='bbox 698 4631 904 4700; x_wconf 78' lang='lat' dir='ltr'>Excellencie</span> <span class='ocrx_word' id='word_1_227' title='bbox 929 4632 1100 4722; x_wconf 82' lang='lat' dir='ltr'>uuicuique</span> <span class='ocrx_word' id='word_1_228' title='bbox 1126 4633 1176 4700; x_wconf 88' lang='lat' dir='ltr'>ius</span> <span class='ocrx_word' id='word_1_229' title='bbox 1203 4651 1294 4704; x_wconf 84' lang='lat' dir='ltr'>suum</span> <span class='ocrx_word' id='word_1_230' title='bbox 1320 4636 1481 4702; x_wconf 77' lang='lat' dir='ltr'>teneamur</span> 
     </span>
    </p>
   </div>
   <div class='ocr_carea' id='block_1_11' title="bbox 0 0 1622 5194">
    <p class='ocr_par' dir='ltr' id='par_1_11' title="bbox 0 0 1622 5194">
     <span class='ocr_line' id='line_1_34' title="bbox 0 0 1622 5194; baseline 0 0"><span class='ocrx_word' id='word_1_231' title='bbox 0 0 1622 5194; x_wconf 95' lang='lat' dir='ltr'> </span> 
     </span>
    </p>
   </div>
  </div>
 </body>
</html>
