3226 5194
896 306 965 374 554

852 395 1005 410 *-

365 501 546 572 Tartariee
570 502 666 571 Unde
680 505 762 590 Rex,
787 503 844 588 qui
859 521 917 571 ess
929 503 1055 590 possint
1082 503 1193 590 legere
1209 505 1329 573 multos
1355 507 1495 591 invenit,

365 609 426 677 sed
440 610 662 697 intelligentes
674 632 739 679 non
756 611 890 680 invenit.
907 612 976 680 Nos
991 616 1102 680 sutem
1112 631 1184 678 oum
1201 613 1420 682 transiremus
1437 633 1496 701 per

364 717 569 802 (inmanium,
593 737 760 805 paganum
776 718 938 804 quendum
962 719 1155 804 invenimus,
1180 720 1237 804 qni
1251 720 1350 790 nobis
1366 740 1431 788 ene
1445 727 1498 787 est

363 825 608 911 interpretetus.
634 827 703 893 Hee
727 832 945 910 sentientem,
974 845 1038 910 qne
1061 825 1156 893 litere
1179 827 1372 896 continent:
1401 829 1495 912 „Ege

365 932 481 1020 Obeyn
504 933 639 1001 nuntios
656 933 758 1018 Regis
773 932 898 1019 edesii,
923 933 978 1002 oui
992 931 1082 1002 dedit
1101 933 1281 1020 potentium
1307 931 1415 1021 super
1430 943 1496 1004 ter-

364 1060 445 1127 rum,
463 1041 663 1109 subicientes
687 1039 768 1108 mibi
783 1058 820 1108 se
835 1039 992 1127 exultare,
1018 1047 1052 1108 et
1066 1039 1249 1131 deprimere
1264 1042 1495 1111 &vementes

365 1147 464 1216 bliror
489 1146 531 1216 de
555 1155 588 1218 te
603 1148 831 1234 Hungerorum
855 1149 992 1233 Regule,
1016 1148 1106 1231 quod
1131 1168 1204 1216 oum
1219 1148 1262 1218 nd
1286 1157 1321 1218 te
1345 1150 1496 1218 miserim

364 1255 531 1325 trioesime
542 1255 612 1325 vioe
626 1257 767 1344 legatos,
784 1275 887 1342 quare
901 1255 945 1322 ed
955 1257 1140 1324 menollum
1150 1258 1287 1326 remittis
1302 1279 1345 1326 ex
1355 1259 1495 1344 eisdem,

365 1363 426 1432 sod
440 1381 501 1431 neo
517 1363 649 1432 nuntios
665 1369 748 1448 tuos,
771 1381 832 1432 neo
846 1362 961 1430 literne
977 1363 1056 1430 mibi
1072 1362 1183 1432 mittis.
1207 1365 1293 1450 Soio,
1317 1365 1408 1450 quod
1423 1367 1496 1434 Rex

365 1492 401 1542 ee
418 1469 513 1538 dives
538 1475 571 1538 et
585 1479 713 1558 potens,
739 1477 771 1538 et
787 1470 904 1538 multos
929 1471 1032 1538 bobes
1048 1471 1111 1537 sub
1133 1477 1166 1538 te
1181 1469 1311 1556 milites,
1336 1473 1495 1556 solusque

366 1579 532 1666 gubernes
548 1597 703 1664 magnum
712 1579 871 1662 Regnum.
887 1577 1073 1660 Ideoquete
1089 1576 1169 1644 mibi
1183 1577 1496 1648 dillieoltersubiois

365 1692 482 1772 sponte
494 1689 561 1752 tun.
577 1683 694 1752 Melius
710 1682 771 1750 tibi
780 1687 892 1782 tomen
902 1689 991 1752 esset
1005 1687 1038 1750 et
1047 1682 1220 1768 salubrius,
1241 1685 1313 1752 site
1323 1685 1495 1754 subieeres

365 1795 445 1862 mibi
461 1799 584 1880 sponte.
609 1791 761 1860 Intellexi
775 1791 919 1878 insuper,
943 1789 1031 1873 qood
1046 1793 1210 1860 Cumanos
1229 1812 1342 1862 seruos
1361 1799 1496 1862 nostroe

366 1903 502 1970 subtus
516 1900 719 1988 protentione
736 1899 931 1984 suseepisti;
947 1896 1033 1966 unde
1049 1898 1168 1966 mondo
1184 1898 1255 1986 tibi,
1271 1899 1360 1984 qnod
1378 1919 1436 1967 eos
1453 1901 1496 1968 de

366 2017 474 2079 oetoro
500 2009 590 2096 epod
614 2015 648 2076 te
662 2027 728 2076 non
752 2013 878 2092 tenens,
903 2014 937 2074 et
951 2027 1004 2073 me
1028 2006 1251 2074 adversarium
1275 2027 1342 2077 non
1367 2008 1496 2076 hebens

365 2123 498 2206 propter
512 2116 614 2202 ipsos.
637 2115 782 2182 Fooilius
797 2113 883 2181 enim
900 2120 951 2182 est
966 2111 1120 2182 (inmunis
1138 2114 1289 2200 evadere,
1305 2135 1404 2200 quom
1420 2116 1494 2200 tibi,

367 2225 446 2309 quin
479 2221 529 2289 illi
554 2221 625 2290 sine
657 2221 806 2290 domibus
842 2240 914 2288 oum
940 2220 1088 2288 tentoriis
1121 2222 1329 2290 ambulantes
1353 2229 1497 2310 possunt

367 2331 506 2400 sorsitnn
522 2329 684 2415 ereder03
699 2335 735 2396 tu
752 2335 861 2396 eutem
876 2330 910 2395 in
921 2328 1071 2397 domibus
1088 2328 1254 2414 babitans,
1268 2330 1373 2399 bobes
1383 2338 1497 2398 eosne

366 2444 399 2506 et
414 2438 575 2522 ciuitates,
598 2437 760 2523 quomodo
775 2436 913 2524 effugies
929 2455 1044 2504 manns
1061 2435 1199 2506 meos?“

473 2546 594 2615 Notum
609 2545 653 2613 sit
668 2546 818 2614 omnibus
836 2544 959 2612 Christi
973 2545 1136 2630 fidelibus,
1156 2546 1244 2631 quod
1259 2547 1322 2614 hoo
1336 2546 1496 2634 seriptum

368 2655 439 2720 Rex
463 2651 631 2737 Hungorio
657 2651 824 2738 delegerit
847 2653 1041 2720 Potriorobe
1059 2651 1307 2738 Aquilegiensi‚
1333 2660 1367 2720 et
1388 2655 1496 2722 Potri-

367 2759 470 2828 aroho
485 2760 665 2830 bononien
679 2761 842 2848 Episoopo
858 2759 1056 2845 Brixinensi,
1075 2767 1109 2827 et
1124 2758 1243 2828 comiti
1256 2761 1442 2846 'l'yrolensi
1459 2769 1498 2830 ut

367 2873 400 2934 ot
425 2867 491 2954 ipsi
516 2867 678 2938 uniuersis
693 2867 816 2938 Christi
841 2865 993 2936 fidelibus
1017 2870 1257 2954 transmittunt,
1287 2869 1497 2938 admonendo

367 2995 435 3063 eos,
461 2983 497 3044 ot
512 2978 619 3044 Deum
633 2995 694 3063 pro
709 2976 861 3044 Eeolesin
885 2995 1021 3044 exorere
1038 2976 1202 3046 studeant.
1231 2977 1388 3045 Protereu
1411 2977 1497 3046 seire

367 3083 594 3153 desideremus
620 3105 752 3169 omnes,
777 3083 822 3152 od
846 3105 928 3170 qnos
952 3104 1089 3171 presens
1115 3085 1270 3172 seriptum
1296 3085 1496 3173 peruenerit,

367 3190 454 3275 quod
469 3191 554 3260 lutor
569 3192 766 3278 presentium
776 3193 888 3276 justus
904 3198 938 3258 et
953 3190 1124 3284 veredieus
1143 3193 1197 3260 sit.

367 3351 509 3417 (Boehmer
521 3351 608 3407 nonos
620 3356 736 3421 Frigyee
749 3351 857 3404 kduleee
869 3350 937 3406 uttn
950 3355 1094 3419 Hermum,
1105 3357 1156 3406 Die
1169 3355 1285 3422 geldone
1299 3355 1424 3407 Chronik
1439 3371 1493 3406 von

475 3444 749 3511 Hoheusehwongnu‚
765 3443 901 3495 Muneben
916 3444 1003 3506 lete..
1016 3441 1137 3495 misodilr
1150 3443 1218 3504 rdet,
1232 3447 1274 3497 67.
1287 3445 1329 3495 eli.
1342 3443 1385 3508 ll.)

529 3889 570 3976 B)
600 3888 748 3956 Dudik
771 3888 890 3957 Beda
917 3885 1113 3955 kladssa
1139 3890 1322 3956 suerint.

476 4049 554 4117 Viro
579 4050 760 4118 venerabili
782 4051 817 4120 io
843 4053 973 4122 christo
1004 4051 1090 4137 petri
1115 4048 1178 4115 Dei
1203 4048 1314 4134 gretie
1339 4049 1501 4118 Perusino

368 4157 542 4244 Episoopo,
566 4157 754 4245 Apostolioe
770 4158 865 4228 Sedis
889 4161 1025 4245 Legem,
1049 4156 1150 4223 frater
1174 4155 1327 4223 Julianus
1343 4157 1498 4224 Fratrum

370 4264 503 4331 Ordinis
518 4264 763 4332 Predioutorum
787 4266 996 4350 inungeris,
1021 4283 1136 4331 servus
1152 4264 1268 4330 Vestro
1290 4263 1496 4347 Snuotitntis,

368 4373 582 4440 reverentiam
597 4378 666 4440 tom
681 4371 835 4460 debitam,
852 4395 949 4458 quum
966 4373 1128 4440 devotum.
1154 4371 1234 4438 Gom
1251 4369 1432 4439 seeundum
1449 4372 1495 4437 in-

370 4480 513 4548 ionotnm
528 4479 606 4546 mihi
621 4481 839 4549 obedientium
854 4481 905 4548 ire
920 4480 1073 4548 deberem
1088 4479 1132 4545 od
1147 4480 1300 4564 linguam
1314 4481 1496 4562 Ungsriem

370 4605 443 4656 eom
466 4586 623 4658 frutribus
638 4585 718 4658 mibi
742 4587 915 4679 odionotis,
939 4586 1119 4660 minuetum
1144 4584 1240 4658 nobie
1263 4584 1325 4658 iter
1348 4586 1494 4676 arripere
