3168 5186
866 327 1013 430 joo-

380 530 553 610 tassemns,
578 522 665 591 idem
680 524 737 611 pia
752 527 1017 596 consideracione
1030 524 1180 596 inductus
1197 527 1336 613 singule,
1361 544 1426 613 que
1442 521 1502 594 sibi

384 632 583 719 dicebamus,
601 629 698 699 corde
713 633 910 720 recolligens
925 633 1073 721 pleniori,
1098 654 1138 701 ne
1153 636 1333 722 peripsum
1355 633 1503 716 cuiquam

383 739 598 825 preludicium
613 740 716 826 lieret,
734 761 755 807 e
770 761 833 827 quo
850 744 995 828 graciam
1011 744 1230 829 prestolantur
1249 741 1400 828 uniuersi,
1418 741 1504 828 ipsos

386 869 407 914 a
422 849 482 916 tali
498 853 576 916 notu
592 868 665 918 curn
690 849 758 916 suis
774 848 868 920 terris
888 850 1069 935 eximendo,
1096 851 1237 918 maxime
1252 871 1311 937 pro
1336 849 1460 917 meritis
1474 858 1505 916 et

388 957 536 1025 seruiciis
552 957 700 1044 Magistri
718 958 885 1028 Benedicti
900 959 1028 1046 Notarij
1043 958 1209 1028 karissimi
1224 959 1283 1027 lilii
1308 959 1361 1026 sui
1386 957 1508 1026 domiui

384 1065 485 1152 Regis
511 1066 669 1152 Stephani
693 1068 806 1138 fratris
832 1068 1017 1156 eorundem,
1042 1069 1098 1154 qui
1122 1065 1252 1153 quidem
1275 1065 1419 1136 seruicis
1444 1065 1507 1154 ipsi

385 1171 515 1242 domino
527 1175 611 1261 Regi
621 1175 667 1242 St.
685 1177 915 1262 atemporibus
926 1197 984 1245 sue
999 1175 1142 1263 puericie
1152 1175 1290 1244 fideliter
1299 1175 1503 1259 exhibuerat,

384 1303 443 1370 per
458 1303 520 1369 que
535 1287 799 1353 remuneracione
814 1286 965 1373 ampliori
980 1278 1093 1353 m'erito
1107 1285 1212 1353 luerat
1235 1283 1446 1368 attollendus,
1471 1283 1504 1349 in

384 1411 550 1460 numerum
561 1392 775 1462 seruiencium
784 1394 1059 1464 suorumrestituit
1069 1415 1141 1462 cnm
1151 1395 1295 1484 ipsorum
1305 1391 1503 1483 posteritate,

385 1521 424 1569 ac
439 1507 595 1589 perpetuo
610 1502 792 1572 collocsuit.
820 1501 964 1583 Quorum
979 1505 1082 1574 eciam
1106 1513 1267 1572 terrarum
1286 1509 1382 1590 mete,
1409 1507 1506 1590 prout

385 1609 515 1680 Blasius
531 1610 647 1678 Comes
671 1610 758 1680 filius
772 1613 910 1697 Detrioi,
936 1612 1068 1698 iobagio
1085 1610 1192 1680 Ouetri
1206 1611 1425 1695 Zalndicnsis,
1452 1608 1508 1695 qui

385 1717 430 1785 ad
445 1719 658 1788 circueundas
684 1717 814 1788 eusdem
830 1727 934 1789 terras
951 1743 972 1789 a
987 1720 1118 1791 domino
1133 1724 1224 1808 Rege
1247 1720 1451 1809 specialiter,
1477 1725 1511 1786 et

386 1827 523 1896 Sankud
539 1829 670 1914 iobsgio
687 1829 954 1898 eiusdemtlastri
969 1839 1118 1920 exparte
1134 1829 1238 1900 nostri
1260 1827 1353 1897 missi
1367 1827 1509 1912 luerent,

382 1938 481 2006 'nobis
504 1937 691 2026 recitarunt,
716 1939 778 2008 hoc
802 1939 915 2008 ordine
941 1938 1184 2026 distinguntur:
1210 1939 1329 2026 Incipit
1352 1937 1442 2006 enim
1466 1935 1510 2004 ab

387 2049 510 2116 oriente
525 2067 626 2136 snpra
642 2048 859 2117 molendinum
877 2049 980 2136 Suyk,
1004 2049 1061 2119 ubi
1076 2057 1127 2118 est
1144 2054 1231 2118 mets
1245 2055 1372 2134 temes,
1392 2046 1511 2115 dehinc

385 2175 500 2224 versus
524 2159 690 2226 meridiem
706 2159 797 2227 venit
809 2179 911 2246 prope
935 2159 1041 2246 pirum
1057 2159 1222 2245 quendam
1247 2158 1290 2226 ad
1305 2163 1428 2226 meram
1447 2165 1510 2226 ter·

387 2283 495 2351 resm;
512 2266 629 2334 deinde
645 2266 679 2333 in
695 2267 751 2335 nia
765 2266 889 2336 directa
904 2267 996 2337 uadit
1011 2269 1055 2336 sd
1069 2267 1253 2356 Kysegnrd,
1279 2267 1336 2337 ubi
1351 2274 1404 2335 est
1423 2275 1511 2335 mets

386 2381 512 2461 terrca;
538 2374 655 2443 deinde
669 2379 820 2465 superius
846 2378 879 2444 in
896 2378 1037 2465 quadarn
1052 2401 1144 2468 mega
1158 2375 1307 2446 ascendit
1330 2376 1376 2444 ad
1391 2385 1513 2445 metam

387 2488 527 2552 terream
543 2482 586 2552 ad
602 2485 717 2554 collem
732 2487 914 2574 quendam5
931 2487 1050 2556 deinde
1065 2488 1099 2554 in
1109 2489 1164 2555 ria
1182 2487 1226 2554 ad
1237 2487 1378 2571 vallem3
1394 2485 1513 2554 dehinc

386 2591 421 2658 in
436 2612 557 2678 magna
567 2593 632 2682 nia,
649 2615 712 2680 que
727 2595 819 2662 uadit
828 2596 871 2663 ad
882 2597 1011 2666 domum
1021 2596 1111 2664 Bura
1125 2613 1228 2681 nsque
1237 2596 1281 2662 ad
1290 2593 1362 2662 Bud
1381 2613 1513 2681 gcpwe,

387 2701 474 2767 circa
489 2721 585 2788 quem
601 2702 707 2770 locum
722 2702 866 2772 declinat
879 2704 914 2772 in
927 2729 1014 2794 crepa
1030 2704 1173 2792 quadam
1188 2703 1232 2772 ad
1248 2703 1454 2772 occidentem
1467 2700 1514 2768 sd

387 2808 517 2896 vallem,
535 2829 597 2896 que
613 2812 730 2880 dicitur
740 2813 995 2902 Wasarduelge,
1012 2814 1067 2883 ubi
1084 2821 1230 2882 estmets
1244 2820 1372 2897 terrea;
1390 2809 1515 2878 abhinc

387 2917 480 2987 uadit
495 2919 539 2986 ad
563 2922 660 2988 finem
676 2919 821 2992 Chichov
846 2943 981 3010 gepwe;
1006 2922 1123 2992 dehinc
1146 2943 1260 2992 uersus
1282 2921 1453 2988 meridiem
1477 2920 1515 2987 iu

388 3026 529 3111 quadum
546 3051 636 3118 mega
652 3029 743 3098 uadit
752 3030 795 3098 ad
811 3032 929 3100 siluam
945 3036 1008 3115 nir,
1024 3033 1081 3100 ubi
1096 3037 1260 3117 estmeta3
1276 3028 1396 3098 deiude
1411 3027 1516 3095 decli·

388 3143 445 3203 nat
455 3154 569 3203 uersus
584 3134 797 3223 occidentem,
813 3139 894 3206 etin
911 3139 1025 3206 eadem
1036 3139 1122 3208 silua
1136 3138 1230 3206 uadit
1243 3159 1304 3226 per
1321 3144 1388 3205 tres
1405 3142 1515 3204 metes

387 3249 523 3330 terreas,
549 3253 582 3312 et
597 3245 664 3311 exit
679 3244 719 3313 de
735 3245 850 3314 eodem
866 3247 953 3316 silua
967 3246 1012 3314 ad
1026 3255 1145 3316 metam
1161 3255 1312 3332 terream,
1333 3251 1367 3313 et
1382 3245 1419 3312 iu
1434 3263 1515 3330 qna-

389 3351 465 3418 dam
481 3377 569 3440 mega
585 3353 677 3422 uadit
701 3357 851 3444 superius
877 3356 920 3424 ad
936 3357 1130 3445 aquilonem,
1155 3365 1189 3426 et
1205 3357 1273 3425 exit
1292 3354 1336 3424 sd
1361 3357 1451 3424 uiam
1466 3351 1515 3420 sd

389 3465 509 3526 metam
524 3466 673 3549 terream,
696 3464 731 3530 in
750 3484 814 3549 qua
830 3465 885 3531 uia
900 3465 965 3532 itur
981 3466 1024 3533 ad
1040 3465 1212 3533 ecelesiam
1228 3463 1341 3531 Sancti
1353 3461 1514 3548 Georgij3

389 3566 506 3635 deinde
521 3567 555 3634 in
579 3569 694 3638 eadem
709 3572 765 3640 via
780 3572 874 3640 uadit
898 3591 1001 3659 nsque
1016 3573 1059 3641 sd
1074 3574 1190 3659 locum,
1215 3573 1273 3642 ubi
1289 3569 1406 3640 eadem
1420 3577 1515 3639 terra

389 3683 561 3764 separatur
577 3684 700 3747 eterra
715 3680 855 3769 Dionisij
871 3680 930 3767 lilij
947 3681 1082 3751 Comitis
1098 3681 1243 3769 Georgij,
1268 3689 1303 3750 et
1317 3679 1436 3748 eadem
1454 3679 1515 3746 uia

388 3793 521 3872 separat
545 3787 651 3874 ipsam
676 3795 797 3858 terram
822 3809 881 3876 per
907 3799 1009 3858 metas
1036 3790 1188 3876 antiquas
1211 3810 1235 3856 a
1257 3795 1347 3856 terra
1370 3785 1515 3877 predicti

389 3893 530 3980 Dionisij
545 3913 647 3980 usque
664 3894 707 3963 ad
723 3896 840 3984 locum,
864 3897 920 3984 qui
936 3897 1055 3966 dicitur
1070 3899 1275 3988 Botontyda
1296 3896 1353 3965 nbi
1369 3895 1460 3964 eadit
1478 3895 1514 3962 iu

389 4021 509 4086 aquam
524 4001 648 4088 Karka,
666 4008 699 4070 et
713 4004 748 4072 in
763 4005 879 4073 eadem
895 4025 983 4091 aqna
998 4006 1249 4094 uaditsnperius
1263 4004 1429 4092 usquead
1448 4023 1516 4071 mc·

390 4113 458 4178 tum
473 4110 624 4198 priorem,
650 4119 683 4178 et
697 4112 745 4179 ric
759 4115 960 4183 terminatur.
986 4114 1026 4183 In
1042 4115 1133 4183 cuius
1152 4115 1200 4184 rei
1224 4115 1414 4184 memoriam
1439 4133 1515 4201 pre·

390 4226 498 4285 sentes
514 4218 640 4288 litteras
656 4222 874 4291 concessimus
890 4222 993 4309 sigilli
1008 4223 1110 4292 nostri
1135 4223 1312 4292 munimine
1328 4223 1516 4291 roboratas

390 4327 511 4394 Datum
535 4347 619 4396 anno
635 4328 678 4396 sb
694 4331 926 4400 Incamaeions
942 4331 1075 4401 Domini
1100 4332 1274 4402 millesimo
1289 4330 1518 4400 ducentesimo

390 4435 659 4525 quinquagesimo
677 4440 826 4528 septimo.

389 4579 527 4648 (Eredstis
538 4581 710 4653 bdrlulrtylm
728 4585 854 4653 malynek
866 4587 926 4642 atld
939 4585 1165 4656 sslyemaslndron
1177 4587 1289 4658 fflggttt
1301 4585 1424 4655 peusdp’e
1443 4583 1515 4640 elre-

647 4681 723 4740 tsstt,
737 4691 753 4728 a
765 4677 847 4730 budai
860 4678 911 4728 kin,
924 4678 1046 4730 lrsmarsi
1059 4674 1248 4746 terslrtrtm.)
