<?xml version="1.0" encoding="UTF-8"?>
<!DOCTYPE html PUBLIC "-//W3C//DTD XHTML 1.0 Transitional//EN"
    "http://www.w3.org/TR/xhtml1/DTD/xhtml1-transitional.dtd">
<html xmlns="http://www.w3.org/1999/xhtml" xml:lang="en" lang="en">
 <head>
  <title>
</title>
<meta http-equiv="Content-Type" content="text/html;charset=utf-8" />
  <meta name='ocr-system' content='tesseract 3.04.00' />
  <meta name='ocr-capabilities' content='ocr_page ocr_carea ocr_par ocr_line ocrx_word'/>
</head>
<body>
  <div class='ocr_page' id='page_1' title='image "./codexdiplomatic18wenzgoog_0380.png"; bbox 0 0 3162 5188; ppageno 0'>
   <div class='ocr_carea' id='block_1_1' title="bbox 901 308 967 374">
    <p class='ocr_par' dir='ltr' id='par_1_1' title="bbox 901 308 967 374">
     <span class='ocr_line' id='line_1_1' title="bbox 901 308 967 374; baseline 0 0"><span class='ocrx_word' id='word_1_1' title='bbox 901 308 967 374; x_wconf 80' lang='lat'><strong>346</strong></span> 
     </span>
    </p>
   </div>
   <div class='ocr_carea' id='block_1_2' title="bbox 855 403 1009 416">
    <p class='ocr_par' dir='ltr' id='par_1_2' title="bbox 855 403 1009 416">
     <span class='ocr_line' id='line_1_2' title="bbox 855 403 1009 416; baseline 0 -4"><span class='ocrx_word' id='word_1_2' title='bbox 855 403 1009 416; x_wconf 44' lang='grc' dir='ltr'><strong>ω..</strong></span> 
     </span>
    </p>
   </div>
   <div class='ocr_carea' id='block_1_3' title="bbox 367 507 1498 921">
    <p class='ocr_par' dir='ltr' id='par_1_3' title="bbox 367 507 1498 921">
     <span class='ocr_line' id='line_1_3' title="bbox 367 507 1495 595; baseline 0 -21"><span class='ocrx_word' id='word_1_3' title='bbox 367 529 436 574; x_wconf 90' lang='lat' dir='ltr'><strong>ram</strong></span> <span class='ocrx_word' id='word_1_4' title='bbox 454 507 544 575; x_wconf 86' lang='lat' dir='ltr'><strong>llerh</strong></span> <span class='ocrx_word' id='word_1_5' title='bbox 561 515 723 594; x_wconf 84' lang='lat' dir='ltr'><strong>vocatam,</strong></span> <span class='ocrx_word' id='word_1_6' title='bbox 750 528 790 576; x_wconf 87' lang='lat' dir='ltr'><strong>ae</strong></span> <span class='ocrx_word' id='word_1_7' title='bbox 805 517 928 577; x_wconf 90' lang='lat' dir='ltr'><strong>terram</strong></span> <span class='ocrx_word' id='word_1_8' title='bbox 944 511 1044 593; x_wconf 82' lang='lat' dir='ltr'><strong>Kena,</strong></span> <span class='ocrx_word' id='word_1_9' title='bbox 1070 530 1129 595; x_wconf 90' lang='lat' dir='ltr'><strong>pro</strong></span> <span class='ocrx_word' id='word_1_10' title='bbox 1147 515 1251 577; x_wconf 87' lang='lat' dir='ltr'><strong>morte</strong></span> <span class='ocrx_word' id='word_1_11' title='bbox 1266 510 1372 595; x_wconf 81' lang='lat' dir='ltr'><strong>Fylhe</strong></span> <span class='ocrx_word' id='word_1_12' title='bbox 1387 508 1495 575; x_wconf 90' lang='lat' dir='ltr'><strong>dedis-</strong></span> 
     </span>
     <span class='ocr_line' id='line_1_4' title="bbox 367 616 1496 704; baseline 0.001 -23"><span class='ocrx_word' id='word_1_13' title='bbox 367 620 418 681; x_wconf 88' lang='lat' dir='ltr'><strong>set</strong></span> <span class='ocrx_word' id='word_1_14' title='bbox 433 616 600 702; x_wconf 86' lang='lat' dir='ltr'><strong>Stephano</strong></span> <span class='ocrx_word' id='word_1_15' title='bbox 625 624 658 682; x_wconf 88' lang='lat' dir='ltr'><strong>et</strong></span> <span class='ocrx_word' id='word_1_16' title='bbox 673 617 749 702; x_wconf 72' lang='lat' dir='ltr'><strong>liliis</strong></span> <span class='ocrx_word' id='word_1_17' title='bbox 766 617 835 683; x_wconf 74' lang='lat' dir='ltr'><strong>cuis</strong></span> <span class='ocrx_word' id='word_1_18' title='bbox 849 617 922 702; x_wconf 87' lang='lat' dir='ltr'><strong>jure</strong></span> <span class='ocrx_word' id='word_1_19' title='bbox 938 623 1098 702; x_wconf 87' lang='lat' dir='ltr'><strong>perpetuo</strong></span> <span class='ocrx_word' id='word_1_20' title='bbox 1114 618 1368 704; x_wconf 65' lang='lat' dir='ltr'><strong>possidendam</strong></span> <span class='ocrx_word' id='word_1_21' title='bbox 1395 637 1496 702; x_wconf 87' lang='lat' dir='ltr'><strong>qnam</strong></span> 
     </span>
     <span class='ocr_line' id='line_1_5' title="bbox 367 721 1498 809; baseline 0.001 -21"><span class='ocrx_word' id='word_1_22' title='bbox 367 723 608 790; x_wconf 72' lang='lat' dir='ltr'><strong>ordinacionem</strong></span> <span class='ocrx_word' id='word_1_23' title='bbox 632 723 724 809; x_wconf 88' lang='lat' dir='ltr'><strong>pacis</strong></span> <span class='ocrx_word' id='word_1_24' title='bbox 751 723 879 791; x_wconf 76' lang='lat' dir='ltr'><strong>unionis</strong></span> <span class='ocrx_word' id='word_1_25' title='bbox 904 721 1041 790; x_wconf 90' lang='lat' dir='ltr'><strong>heredes</strong></span> <span class='ocrx_word' id='word_1_26' title='bbox 1066 721 1172 808; x_wconf 89' lang='lat' dir='ltr'><strong>ipsius</strong></span> <span class='ocrx_word' id='word_1_27' title='bbox 1196 723 1398 792; x_wconf 75' lang='lat' dir='ltr'><strong>satisfacturi</strong></span> <span class='ocrx_word' id='word_1_28' title='bbox 1422 743 1498 789; x_wconf 88' lang='lat' dir='ltr'><strong>esse</strong></span> 
     </span>
     <span class='ocr_line' id='line_1_6' title="bbox 367 829 1497 921; baseline -0.001 -24"><span class='ocrx_word' id='word_1_29' title='bbox 367 831 560 898; x_wconf 73' lang='lat' dir='ltr'><strong>recitassent</strong></span> <span class='ocrx_word' id='word_1_30' title='bbox 575 836 609 897; x_wconf 88' lang='lat' dir='ltr'><strong>et</strong></span> <span class='ocrx_word' id='word_1_31' title='bbox 624 836 864 917; x_wconf 83' lang='lat' dir='ltr'><strong>acceptassent,</strong></span> <span class='ocrx_word' id='word_1_32' title='bbox 882 837 914 897; x_wconf 86' lang='lat' dir='ltr'><strong>et</strong></span> <span class='ocrx_word' id='word_1_33' title='bbox 929 833 1038 921; x_wconf 91' lang='lat' dir='ltr'><strong>ipsum</strong></span> <span class='ocrx_word' id='word_1_34' title='bbox 1051 832 1142 920; x_wconf 81' lang='lat' dir='ltr'><strong>Ohya</strong></span> <span class='ocrx_word' id='word_1_35' title='bbox 1158 853 1231 899; x_wconf 89' lang='lat' dir='ltr'><strong>cum</strong></span> <span class='ocrx_word' id='word_1_36' title='bbox 1248 831 1381 918; x_wconf 78' lang='lat' dir='ltr'><strong>Gyapal</strong></span> <span class='ocrx_word' id='word_1_37' title='bbox 1398 829 1497 897; x_wconf 85' lang='lat' dir='ltr'><strong>fratre</strong></span> 
     </span>
    </p>
   </div>
   <div class='ocr_carea' id='block_1_4' title="bbox 366 937 1498 2106">
    <p class='ocr_par' dir='ltr' id='par_1_4' title="bbox 366 937 1498 2106">
     <span class='ocr_line' id='line_1_7' title="bbox 371 937 1498 1027; baseline -0.001 -24"><span class='ocrx_word' id='word_1_38' title='bbox 371 975 646 986; x_wconf 90' lang='lat'>—————</span> <span class='ocrx_word' id='word_1_39' title='bbox 666 937 747 1024; x_wconf 86' lang='lat' dir='ltr'><strong>suis,</strong></span> <span class='ocrx_word' id='word_1_40' title='bbox 772 939 928 1007; x_wconf 83' lang='lat' dir='ltr'><strong>videlieet</strong></span> <span class='ocrx_word' id='word_1_41' title='bbox 950 941 985 1007; x_wconf 91' lang='lat' dir='ltr'><strong>in</strong></span> <span class='ocrx_word' id='word_1_42' title='bbox 1011 941 1227 1027; x_wconf 84' lang='lat' dir='ltr'><strong>Kortuelyes,</strong></span> <span class='ocrx_word' id='word_1_43' title='bbox 1253 940 1288 1006; x_wconf 91' lang='lat' dir='ltr'><strong>in</strong></span> <span class='ocrx_word' id='word_1_44' title='bbox 1312 938 1420 1008; x_wconf 89' lang='lat' dir='ltr'><strong>Orceh</strong></span> <span class='ocrx_word' id='word_1_45' title='bbox 1432 988 1441 1022; x_wconf 88' lang='lat'><em>,</em></span> <span class='ocrx_word' id='word_1_46' title='bbox 1463 938 1498 1002; x_wconf 89' lang='lat' dir='ltr'><strong>in</strong></span> 
     </span>
     <span class='ocr_line' id='line_1_8' title="bbox 366 1045 1498 1135; baseline -0.002 -21"><span class='ocrx_word' id='word_1_47' title='bbox 366 1046 501 1132; x_wconf 82' lang='lat' dir='ltr'><strong>Ragoch</strong></span> <span class='ocrx_word' id='word_1_48' title='bbox 527 1052 560 1112; x_wconf 90' lang='lat' dir='ltr'><strong>et</strong></span> <span class='ocrx_word' id='word_1_49' title='bbox 575 1046 609 1114; x_wconf 92' lang='lat' dir='ltr'><strong>in</strong></span> <span class='ocrx_word' id='word_1_50' title='bbox 632 1046 758 1114; x_wconf 87' lang='lat' dir='ltr'><strong>hlorwa</strong></span> <span class='ocrx_word' id='word_1_51' title='bbox 783 1047 979 1135; x_wconf 88' lang='lat' dir='ltr'><strong>nuncupatis</strong></span> <span class='ocrx_word' id='word_1_52' title='bbox 1004 1046 1090 1114; x_wconf 92' lang='lat' dir='ltr'><strong>idem</strong></span> <span class='ocrx_word' id='word_1_53' title='bbox 1117 1047 1304 1134; x_wconf 79' lang='lat' dir='ltr'><strong>Stephanus</strong></span> <span class='ocrx_word' id='word_1_54' title='bbox 1329 1067 1404 1114; x_wconf 86' lang='lat' dir='ltr'><strong>eum</strong></span> <span class='ocrx_word' id='word_1_55' title='bbox 1428 1045 1498 1112; x_wconf 90' lang='lat' dir='ltr'><strong>suis</strong></span> 
     </span>
     <span class='ocr_line' id='line_1_9' title="bbox 367 1153 1496 1242; baseline -0.001 -22"><span class='ocrx_word' id='word_1_56' title='bbox 367 1154 544 1221; x_wconf 85' lang='lat' dir='ltr'><strong>heredibus</strong></span> <span class='ocrx_word' id='word_1_57' title='bbox 570 1154 772 1222; x_wconf 81' lang='lat' dir='ltr'><strong>dimisissent</strong></span> <span class='ocrx_word' id='word_1_58' title='bbox 797 1156 933 1242; x_wconf 89' lang='lat' dir='ltr'><strong>pacifice</strong></span> <span class='ocrx_word' id='word_1_59' title='bbox 948 1154 1129 1242; x_wconf 87' lang='lat' dir='ltr'><strong>possidere.</strong></span> <span class='ocrx_word' id='word_1_60' title='bbox 1157 1156 1198 1221; x_wconf 78' lang='lat' dir='ltr'><strong>lit</strong></span> <span class='ocrx_word' id='word_1_61' title='bbox 1213 1175 1312 1239; x_wconf 90' lang='lat' dir='ltr'><strong>super</strong></span> <span class='ocrx_word' id='word_1_62' title='bbox 1334 1153 1400 1223; x_wconf 84' lang='lat' dir='ltr'><strong>hoe</strong></span> <span class='ocrx_word' id='word_1_63' title='bbox 1416 1153 1496 1222; x_wconf 93' lang='lat' dir='ltr'><strong>ohli-</strong></span> 
     </span>
     <span class='ocr_line' id='line_1_10' title="bbox 367 1261 1496 1351; baseline -0.002 -23"><span class='ocrx_word' id='word_1_64' title='bbox 367 1267 502 1350; x_wconf 83' lang='lat' dir='ltr'><strong>gassent</strong></span> <span class='ocrx_word' id='word_1_65' title='bbox 527 1281 563 1330; x_wconf 88' lang='lat' dir='ltr'><strong>se</strong></span> <span class='ocrx_word' id='word_1_66' title='bbox 578 1263 665 1330; x_wconf 91' lang='lat' dir='ltr'><strong>idem</strong></span> <span class='ocrx_word' id='word_1_67' title='bbox 682 1265 868 1351; x_wconf 83' lang='lat' dir='ltr'><strong>Stephanus</strong></span> <span class='ocrx_word' id='word_1_68' title='bbox 886 1269 917 1331; x_wconf 95' lang='lat' dir='ltr'><strong>et</strong></span> <span class='ocrx_word' id='word_1_69' title='bbox 932 1264 1070 1331; x_wconf 89' lang='lat' dir='ltr'><strong>heredes</strong></span> <span class='ocrx_word' id='word_1_70' title='bbox 1094 1263 1154 1348; x_wconf 90' lang='lat' dir='ltr'><strong>sui,</strong></span> <span class='ocrx_word' id='word_1_71' title='bbox 1182 1270 1217 1331; x_wconf 84' lang='lat' dir='ltr'><strong>vt</strong></span> <span class='ocrx_word' id='word_1_72' title='bbox 1233 1269 1345 1332; x_wconf 87' lang='lat' dir='ltr'><strong>eontra</strong></span> <span class='ocrx_word' id='word_1_73' title='bbox 1371 1261 1496 1329; x_wconf 83' lang='lat' dir='ltr'><strong>dietum</strong></span> 
     </span>
     <span class='ocr_line' id='line_1_11' title="bbox 368 1371 1493 1459; baseline 0.001 -21"><span class='ocrx_word' id='word_1_74' title='bbox 368 1371 457 1457; x_wconf 81' lang='lat' dir='ltr'><strong>Ohya</strong></span> <span class='ocrx_word' id='word_1_75' title='bbox 472 1377 507 1438; x_wconf 88' lang='lat' dir='ltr'><strong>et</strong></span> <span class='ocrx_word' id='word_1_76' title='bbox 522 1371 659 1439; x_wconf 90' lang='lat' dir='ltr'><strong>heredes</strong></span> <span class='ocrx_word' id='word_1_77' title='bbox 676 1371 968 1438; x_wconf 89' lang='lat' dir='ltr'><strong>eiusdemraeione</strong></span> <span class='ocrx_word' id='word_1_78' title='bbox 983 1371 1097 1439; x_wconf 90' lang='lat' dir='ltr'><strong>mortis</strong></span> <span class='ocrx_word' id='word_1_79' title='bbox 1112 1372 1258 1459; x_wconf 88' lang='lat' dir='ltr'><strong>predicte</strong></span> <span class='ocrx_word' id='word_1_80' title='bbox 1273 1409 1311 1419; x_wconf 92' lang='lat'>-</span> <span class='ocrx_word' id='word_1_81' title='bbox 1333 1409 1370 1419; x_wconf 95' lang='lat'>—</span> <span class='ocrx_word' id='word_1_82' title='bbox 1394 1409 1432 1418; x_wconf 91' lang='lat'>-</span> <span class='ocrx_word' id='word_1_83' title='bbox 1455 1407 1493 1418; x_wconf 91' lang='lat'><em>-</em></span> 
     </span>
     <span class='ocr_line' id='line_1_12' title="bbox 371 1479 1495 1566; baseline 0 -20"><span class='ocrx_word' id='word_1_84' title='bbox 371 1517 408 1528; x_wconf 89' lang='lat'><em>—</em></span> <span class='ocrx_word' id='word_1_85' title='bbox 430 1517 467 1528; x_wconf 94' lang='lat'>—</span> <span class='ocrx_word' id='word_1_86' title='bbox 490 1517 527 1528; x_wconf 91' lang='lat'><em>—</em></span> <span class='ocrx_word' id='word_1_87' title='bbox 546 1479 750 1566; x_wconf 87' lang='lat' dir='ltr'><strong>questionem</strong></span> <span class='ocrx_word' id='word_1_88' title='bbox 766 1479 927 1547; x_wconf 89' lang='lat' dir='ltr'><strong>suscitare</strong></span> <span class='ocrx_word' id='word_1_89' title='bbox 941 1487 1076 1566; x_wconf 88' lang='lat' dir='ltr'><strong>possent</strong></span> <span class='ocrx_word' id='word_1_90' title='bbox 1092 1479 1277 1564; x_wconf 81' lang='lat' dir='ltr'><strong>aliqualem,</strong></span> <span class='ocrx_word' id='word_1_91' title='bbox 1305 1487 1340 1548; x_wconf 87' lang='lat' dir='ltr'><strong>et</strong></span> <span class='ocrx_word' id='word_1_92' title='bbox 1356 1479 1495 1562; x_wconf 75' lang='lat' dir='ltr'><strong>litteras,</strong></span> 
     </span>
     <span class='ocr_line' id='line_1_13' title="bbox 367 1586 1497 1675; baseline 0.002 -23"><span class='ocrx_word' id='word_1_93' title='bbox 367 1606 450 1670; x_wconf 90' lang='lat' dir='ltr'><strong>quas</strong></span> <span class='ocrx_word' id='word_1_94' title='bbox 476 1587 563 1656; x_wconf 86' lang='lat' dir='ltr'><strong>idem</strong></span> <span class='ocrx_word' id='word_1_95' title='bbox 578 1588 765 1675; x_wconf 84' lang='lat' dir='ltr'><strong>Stephanus</strong></span> <span class='ocrx_word' id='word_1_96' title='bbox 790 1593 823 1654; x_wconf 85' lang='lat' dir='ltr'><strong>et</strong></span> <span class='ocrx_word' id='word_1_97' title='bbox 838 1587 975 1656; x_wconf 86' lang='lat' dir='ltr'><strong>heredes</strong></span> <span class='ocrx_word' id='word_1_98' title='bbox 992 1590 1043 1656; x_wconf 90' lang='lat' dir='ltr'><strong>sui</strong></span> <span class='ocrx_word' id='word_1_99' title='bbox 1068 1595 1184 1657; x_wconf 84' lang='lat' dir='ltr'><strong>contra</strong></span> <span class='ocrx_word' id='word_1_100' title='bbox 1200 1586 1290 1672; x_wconf 81' lang='lat' dir='ltr'><strong>Ghyz</strong></span> <span class='ocrx_word' id='word_1_101' title='bbox 1309 1608 1368 1674; x_wconf 87' lang='lat' dir='ltr'><strong>pro</strong></span> <span class='ocrx_word' id='word_1_102' title='bbox 1392 1593 1497 1657; x_wconf 87' lang='lat' dir='ltr'><strong>morte</strong></span> 
     </span>
     <span class='ocr_line' id='line_1_14' title="bbox 366 1695 1495 1782; baseline -0.001 -20"><span class='ocrx_word' id='word_1_103' title='bbox 366 1697 474 1782; x_wconf 83' lang='lat' dir='ltr'><strong>Fylhe</strong></span> <span class='ocrx_word' id='word_1_104' title='bbox 491 1695 683 1762; x_wconf 85' lang='lat' dir='ltr'><strong>habuissent</strong></span> <span class='ocrx_word' id='word_1_105' title='bbox 706 1702 888 1782; x_wconf 78' lang='lat' dir='ltr'><strong>emanatas,</strong></span> <span class='ocrx_word' id='word_1_106' title='bbox 915 1697 1117 1768; x_wconf 88' lang='lat' dir='ltr'><strong>dimisissent</strong></span> <span class='ocrx_word' id='word_1_107' title='bbox 1133 1698 1257 1765; x_wconf 87' lang='lat' dir='ltr'><strong>hahere</strong></span> <span class='ocrx_word' id='word_1_108' title='bbox 1282 1697 1391 1764; x_wconf 86' lang='lat' dir='ltr'><strong>nullas</strong></span> <span class='ocrx_word' id='word_1_109' title='bbox 1409 1697 1495 1762; x_wconf 85' lang='lat' dir='ltr'><strong>vires</strong></span> 
     </span>
     <span class='ocr_line' id='line_1_15' title="bbox 368 1803 1495 1891; baseline -0.002 -19"><span class='ocrx_word' id='word_1_110' title='bbox 368 1805 431 1872; x_wconf 89' lang='lat' dir='ltr'><strong>sth</strong></span> <span class='ocrx_word' id='word_1_111' title='bbox 458 1803 604 1872; x_wconf 84' lang='lat' dir='ltr'><strong>Datum</strong></span> <span class='ocrx_word' id='word_1_112' title='bbox 596 1823 629 1869; x_wconf 88' lang='grc' dir='ltr'><strong>ιιι</strong></span> <span class='ocrx_word' id='word_1_113' title='bbox 646 1803 838 1889; x_wconf 75' lang='lat' dir='ltr'><strong>Wisssgrad</strong></span> <span class='ocrx_word' id='word_1_114' title='bbox 864 1803 1117 1891; x_wconf 85' lang='lat' dir='ltr'><strong>quadragesimo</strong></span> <span class='ocrx_word' id='word_1_115' title='bbox 1135 1806 1188 1873; x_wconf 88' lang='lat' dir='ltr'><strong>die</strong></span> <span class='ocrx_word' id='word_1_116' title='bbox 1204 1812 1396 1874; x_wconf 82' lang='lat' dir='ltr'><strong>octonarum</strong></span> <span class='ocrx_word' id='word_1_117' title='bbox 1421 1803 1495 1872; x_wconf 81' lang='lat' dir='ltr'><strong>festi</strong></span> 
     </span>
     <span class='ocr_line' id='line_1_16' title="bbox 366 1911 1494 1998; baseline -0.002 -19"><span class='ocrx_word' id='word_1_118' title='bbox 366 1912 459 1979; x_wconf 84' lang='lat' dir='ltr'><strong>Beati</strong></span> <span class='ocrx_word' id='word_1_119' title='bbox 476 1911 657 1998; x_wconf 81' lang='lat' dir='ltr'><strong>Mychaelis</strong></span> <span class='ocrx_word' id='word_1_120' title='bbox 673 1911 872 1997; x_wconf 77' lang='lat' dir='ltr'><strong>Archangeli</strong></span> <span class='ocrx_word' id='word_1_121' title='bbox 888 1933 973 1982; x_wconf 90' lang='lat' dir='ltr'><strong>anno</strong></span> <span class='ocrx_word' id='word_1_122' title='bbox 989 1913 1124 1984; x_wconf 91' lang='lat' dir='ltr'><strong>Domini</strong></span> <span class='ocrx_word' id='word_1_123' title='bbox 1152 1913 1325 1982; x_wconf 88' lang='lat' dir='ltr'><strong>millesimo</strong></span> <span class='ocrx_word' id='word_1_124' title='bbox 1341 1911 1494 1998; x_wconf 89' lang='lat' dir='ltr'><strong>quadrin-</strong></span> 
     </span>
     <span class='ocr_line' id='line_1_17' title="bbox 367 2018 822 2106; baseline -0.002 -19"><span class='ocrx_word' id='word_1_125' title='bbox 367 2020 549 2106; x_wconf 77' lang='lat' dir='ltr'><strong>gentesimo</strong></span> <span class='ocrx_word' id='word_1_126' title='bbox 564 2021 665 2089; x_wconf 86' lang='lat' dir='ltr'><strong>tercio</strong></span> <span class='ocrx_word' id='word_1_127' title='bbox 685 2018 822 2087; x_wconf 90' lang='lat' dir='ltr'><strong>decimo.</strong></span> 
     </span>
    </p>
   </div>
   <div class='ocr_carea' id='block_1_5' title="bbox 529 2217 1323 2288">
    <p class='ocr_par' dir='ltr' id='par_1_5' title="bbox 529 2217 1323 2288">
     <span class='ocr_line' id='line_1_18' title="bbox 529 2217 1323 2288; baseline 0 -16"><span class='ocrx_word' id='word_1_128' title='bbox 529 2220 578 2284; x_wconf 84' lang='lat' dir='ltr'><strong>(Er</strong></span> <span class='ocrx_word' id='word_1_129' title='bbox 578 2219 666 2272; x_wconf 84' lang='lat' dir='ltr'><strong>edetis</strong></span> <span class='ocrx_word' id='word_1_130' title='bbox 650 2221 792 2288; x_wconf 85' lang='lat' dir='ltr'><strong>eironpap</strong></span> <span class='ocrx_word' id='word_1_131' title='bbox 757 2219 920 2274; x_wconf 84' lang='lat' dir='ltr'><strong>mrabudai</strong></span> <span class='ocrx_word' id='word_1_132' title='bbox 935 2219 986 2272; x_wconf 82' lang='lat' dir='ltr'><strong>luir.</strong></span> <span class='ocrx_word' id='word_1_133' title='bbox 1000 2220 1121 2273; x_wconf 84' lang='lat' dir='ltr'><strong>hamarai</strong></span> <span class='ocrx_word' id='word_1_134' title='bbox 1134 2217 1323 2286; x_wconf 74' lang='lat' dir='ltr'><strong>levdltdrban.)</strong></span> 
     </span>
    </p>
   </div>
   <div class='ocr_carea' id='block_1_6' title="bbox 793 2503 1066 2518">
    <p class='ocr_par' dir='ltr' id='par_1_6' title="bbox 793 2503 1066 2518">
     <span class='ocr_line' id='line_1_19' title="bbox 793 2503 1066 2518; baseline 0 -2"><span class='ocrx_word' id='word_1_135' title='bbox 793 2503 1066 2518; x_wconf 56' lang='lat' dir='ltr'><strong>m</strong></span> 
     </span>
    </p>
   </div>
   <div class='ocr_carea' id='block_1_7' title="bbox 891 2969 967 3038">
    <p class='ocr_par' dir='ltr' id='par_1_7' title="bbox 891 2969 967 3038">
     <span class='ocr_line' id='line_1_20' title="bbox 891 2969 967 3038; baseline 0.013 -1"><span class='ocrx_word' id='word_1_136' title='bbox 891 2969 967 3038; x_wconf 81' lang='lat'>241.</span> 
     </span>
    </p>
   </div>
   <div class='ocr_carea' id='block_1_8' title="bbox 358 3151 1497 3431">
    <p class='ocr_par' dir='ltr' id='par_1_8' title="bbox 358 3151 1497 3431">
     <span class='ocr_line' id='line_1_21' title="bbox 367 3151 1497 3240; baseline 0 -26"><span class='ocrx_word' id='word_1_137' title='bbox 367 3151 398 3214; x_wconf 88' lang='lat' dir='ltr'><em>A</em></span> <span class='ocrx_word' id='word_1_138' title='bbox 413 3153 505 3237; x_wconf 76' lang='lat' dir='ltr'><strong>pydri</strong></span> <span class='ocrx_word' id='word_1_139' title='bbox 520 3153 733 3238; x_wconf 81' lang='lat' dir='ltr'><strong>lrdptolannalc</strong></span> <span class='ocrx_word' id='word_1_140' title='bbox 748 3154 1017 3238; x_wconf 74' lang='lat' dir='ltr'><strong>bizoaysdpleoele,</strong></span> <span class='ocrx_word' id='word_1_141' title='bbox 1033 3155 1115 3240; x_wconf 76' lang='lat' dir='ltr'><strong>hopy</strong></span> <span class='ocrx_word' id='word_1_142' title='bbox 1124 3153 1257 3218; x_wconf 58' lang='lat' dir='ltr'><strong>Herdonio</strong></span> <span class='ocrx_word' id='word_1_143' title='bbox 1274 3153 1384 3217; x_wconf 77' lang='lat' dir='ltr'><strong>Istcdn</strong></span> <span class='ocrx_word' id='word_1_144' title='bbox 1400 3173 1497 3216; x_wconf 82' lang='lat' dir='ltr'><strong>eomes</strong></span> 
     </span>
     <span class='ocr_line' id='line_1_22' title="bbox 358 3257 1494 3344; baseline -0.002 -21"><span class='ocrx_word' id='word_1_145' title='bbox 358 3257 473 3339; x_wconf 81' lang='lat' dir='ltr'><strong>fidnak</strong></span> <span class='ocrx_word' id='word_1_146' title='bbox 487 3257 552 3341; x_wconf 83' lang='lat' dir='ltr'><strong>acjc</strong></span> <span class='ocrx_word' id='word_1_147' title='bbox 568 3259 631 3322; x_wconf 74' lang='lat' dir='ltr'><strong>eisd</strong></span> <span class='ocrx_word' id='word_1_148' title='bbox 643 3259 822 3343; x_wconf 75' lang='lat' dir='ltr'><strong>hcizasscipa</strong></span> <span class='ocrx_word' id='word_1_149' title='bbox 836 3264 914 3324; x_wconf 78' lang='lat' dir='ltr'><strong>aido</strong></span> <span class='ocrx_word' id='word_1_150' title='bbox 930 3259 999 3323; x_wconf 82' lang='lat' dir='ltr'><strong>nelei</strong></span> <span class='ocrx_word' id='word_1_151' title='bbox 1008 3259 1084 3344; x_wconf 77' lang='lat' dir='ltr'><strong>jdro</strong></span> <span class='ocrx_word' id='word_1_152' title='bbox 1098 3261 1244 3324; x_wconf 76' lang='lat' dir='ltr'><strong>ht&#39;tbe&#39;rdre</strong></span> <span class='ocrx_word' id='word_1_153' title='bbox 1255 3263 1346 3323; x_wconf 68' lang='lat' dir='ltr'><strong>adsue</strong></span> <span class='ocrx_word' id='word_1_154' title='bbox 1362 3257 1494 3343; x_wconf 61' lang='lat' dir='ltr'><strong>diespit-</strong></span> 
     </span>
     <span class='ocr_line' id='line_1_23' title="bbox 830 3365 1038 3431; baseline -0.005 0"><span class='ocrx_word' id='word_1_155' title='bbox 830 3377 916 3431; x_wconf 83' lang='lat' dir='ltr'><strong>tctett.</strong></span> <span class='ocrx_word' id='word_1_156' title='bbox 939 3365 1038 3431; x_wconf 86' lang='lat'><strong><em>1252.</em></strong></span> 
     </span>
    </p>
   </div>
   <div class='ocr_carea' id='block_1_9' title="bbox 366 3560 1495 4081">
    <p class='ocr_par' dir='ltr' id='par_1_9' title="bbox 366 3560 1495 4081">
     <span class='ocr_line' id='line_1_24' title="bbox 473 3560 1495 3649; baseline 0 -21"><span class='ocrx_word' id='word_1_157' title='bbox 473 3560 748 3649; x_wconf 83' lang='lat' dir='ltr'><strong>(Quietationales</strong></span> <span class='ocrx_word' id='word_1_158' title='bbox 764 3561 991 3647; x_wconf 84' lang='lat' dir='ltr'><strong>expeditoriae</strong></span> <span class='ocrx_word' id='word_1_159' title='bbox 1005 3581 1115 3628; x_wconf 87' lang='lat' dir='ltr'><strong>eoram</strong></span> <span class='ocrx_word' id='word_1_160' title='bbox 1134 3561 1287 3648; x_wconf 74' lang='lat' dir='ltr'><strong>Capitnlo</strong></span> <span class='ocrx_word' id='word_1_161' title='bbox 1303 3560 1495 3630; x_wconf 77' lang='lat' dir='ltr'><strong>laurinensi</strong></span> 
     </span>
     <span class='ocr_line' id='line_1_25' title="bbox 367 3669 1494 3756; baseline 0 -20"><span class='ocrx_word' id='word_1_162' title='bbox 367 3671 518 3738; x_wconf 84' lang='lat' dir='ltr'><strong>dominae</strong></span> <span class='ocrx_word' id='word_1_163' title='bbox 534 3669 623 3738; x_wconf 90' lang='lat' dir='ltr'><strong>filiae</strong></span> <span class='ocrx_word' id='word_1_164' title='bbox 641 3669 817 3755; x_wconf 83' lang='lat' dir='ltr'><strong>Vekhardi,</strong></span> <span class='ocrx_word' id='word_1_165' title='bbox 835 3669 927 3756; x_wconf 89' lang='lat' dir='ltr'><strong>prius</strong></span> <span class='ocrx_word' id='word_1_166' title='bbox 943 3672 1035 3738; x_wconf 85' lang='lat' dir='ltr'><strong>Mour</strong></span> <span class='ocrx_word' id='word_1_167' title='bbox 1050 3670 1108 3737; x_wconf 87' lang='lat' dir='ltr'><strong>filii</strong></span> <span class='ocrx_word' id='word_1_168' title='bbox 1123 3669 1292 3755; x_wconf 85' lang='lat' dir='ltr'><strong>Stephani,</strong></span> <span class='ocrx_word' id='word_1_169' title='bbox 1304 3671 1377 3756; x_wconf 86' lang='lat' dir='ltr'><strong>jam</strong></span> <span class='ocrx_word' id='word_1_170' title='bbox 1396 3671 1494 3737; x_wconf 84' lang='lat' dir='ltr'><strong>lleid-</strong></span> 
     </span>
     <span class='ocr_line' id='line_1_26' title="bbox 366 3777 1495 3867; baseline -0.001 -22"><span class='ocrx_word' id='word_1_171' title='bbox 366 3778 424 3845; x_wconf 90' lang='lat' dir='ltr'><strong>rici</strong></span> <span class='ocrx_word' id='word_1_172' title='bbox 451 3778 509 3845; x_wconf 88' lang='lat' dir='ltr'><strong>filii</strong></span> <span class='ocrx_word' id='word_1_173' title='bbox 534 3777 670 3846; x_wconf 74' lang='lat' dir='ltr'><strong>Comitis</strong></span> <span class='ocrx_word' id='word_1_174' title='bbox 696 3777 857 3865; x_wconf 80' lang='lat' dir='ltr'><strong>Stephani</strong></span> <span class='ocrx_word' id='word_1_175' title='bbox 884 3777 1105 3864; x_wconf 89' lang='lat' dir='ltr'><strong>conthoralis,</strong></span> <span class='ocrx_word' id='word_1_176' title='bbox 1136 3799 1194 3867; x_wconf 90' lang='lat' dir='ltr'><strong>pro</strong></span> <span class='ocrx_word' id='word_1_177' title='bbox 1217 3779 1368 3848; x_wconf 75' lang='lat' dir='ltr'><strong>Conrado</strong></span> <span class='ocrx_word' id='word_1_178' title='bbox 1392 3778 1495 3845; x_wconf 85' lang='lat' dir='ltr'><strong>fratre</strong></span> 
     </span>
     <span class='ocr_line' id='line_1_27' title="bbox 366 3885 1493 3974; baseline -0.001 -21"><span class='ocrx_word' id='word_1_179' title='bbox 366 3887 458 3974; x_wconf 91' lang='lat' dir='ltr'><strong>prius</strong></span> <span class='ocrx_word' id='word_1_180' title='bbox 475 3887 585 3954; x_wconf 83' lang='lat' dir='ltr'><strong>mariti</strong></span> <span class='ocrx_word' id='word_1_181' title='bbox 601 3885 662 3970; x_wconf 84' lang='lat' dir='ltr'><strong>sui,</strong></span> <span class='ocrx_word' id='word_1_182' title='bbox 688 3905 787 3971; x_wconf 89' lang='lat' dir='ltr'><strong>super</strong></span> <span class='ocrx_word' id='word_1_183' title='bbox 803 3885 854 3953; x_wconf 90' lang='lat' dir='ltr'><strong>sui</strong></span> <span class='ocrx_word' id='word_1_184' title='bbox 870 3885 1154 3955; x_wconf 81' lang='lat' dir='ltr'><strong>exoculentatione</strong></span> <span class='ocrx_word' id='word_1_185' title='bbox 1169 3885 1263 3952; x_wconf 91' lang='lat' dir='ltr'><strong>titulo</strong></span> <span class='ocrx_word' id='word_1_186' title='bbox 1289 3885 1493 3953; x_wconf 85' lang='lat' dir='ltr'><strong>obvenientis</strong></span> 
     </span>
     <span class='ocr_line' id='line_1_28' title="bbox 367 3993 1369 4081; baseline 0 -21"><span class='ocrx_word' id='word_1_187' title='bbox 367 3994 454 4064; x_wconf 87' lang='lat' dir='ltr'><strong>dotis</strong></span> <span class='ocrx_word' id='word_1_188' title='bbox 471 3995 504 4063; x_wconf 93' lang='lat' dir='ltr'><strong>in</strong></span> <span class='ocrx_word' id='word_1_189' title='bbox 521 3997 565 4063; x_wconf 78' lang='lat'><strong>25</strong></span> <span class='ocrx_word' id='word_1_190' title='bbox 581 3995 710 4078; x_wconf 89' lang='lat' dir='ltr'><strong>mareis,</strong></span> <span class='ocrx_word' id='word_1_191' title='bbox 726 4001 758 4060; x_wconf 87' lang='lat' dir='ltr'><strong>et</strong></span> <span class='ocrx_word' id='word_1_192' title='bbox 774 3993 997 4077; x_wconf 78' lang='lat' dir='ltr'><strong>assignatione</strong></span> <span class='ocrx_word' id='word_1_193' title='bbox 1012 4002 1119 4063; x_wconf 84' lang='lat' dir='ltr'><strong>terrae</strong></span> <span class='ocrx_word' id='word_1_194' title='bbox 1133 3994 1214 4061; x_wconf 89' lang='lat' dir='ltr'><strong>Saul</strong></span> <span class='ocrx_word' id='word_1_195' title='bbox 1234 3993 1369 4081; x_wconf 86' lang='lat' dir='ltr'><strong>dietae.)</strong></span> 
     </span>
    </p>
   </div>
   <div class='ocr_carea' id='block_1_10' title="bbox 484 4189 1375 4261">
    <p class='ocr_par' dir='ltr' id='par_1_10' title="bbox 484 4189 1375 4261">
     <span class='ocr_line' id='line_1_29' title="bbox 484 4189 1375 4261; baseline 0 -17"><span class='ocrx_word' id='word_1_196' title='bbox 484 4190 521 4261; x_wconf 75' lang='grc' dir='ltr'><strong>(Δ</strong></span> <span class='ocrx_word' id='word_1_197' title='bbox 534 4191 608 4245; x_wconf 76' lang='lat' dir='ltr'><strong>mdlt.</strong></span> <span class='ocrx_word' id='word_1_198' title='bbox 623 4196 648 4246; x_wconf 92' lang='lat' dir='ltr'><strong>h.</strong></span> <span class='ocrx_word' id='word_1_199' title='bbox 660 4191 754 4260; x_wconf 68' lang='lat' dir='ltr'><strong>Rdvay</strong></span> <span class='ocrx_word' id='word_1_200' title='bbox 768 4189 859 4245; x_wconf 72' lang='lat' dir='ltr'><strong>esaltd</strong></span> <span class='ocrx_word' id='word_1_201' title='bbox 872 4189 995 4245; x_wconf 68' lang='lat' dir='ltr'><strong>levdltdri</strong></span> <span class='ocrx_word' id='word_1_202' title='bbox 1008 4189 1208 4260; x_wconf 68' lang='lat' dir='ltr'><strong>lajstromdnalr</strong></span> <span class='ocrx_word' id='word_1_203' title='bbox 1220 4191 1375 4258; x_wconf 77' lang='lat' dir='ltr'><strong>lrivouata.)</strong></span> 
     </span>
    </p>
   </div>
   <div class='ocr_carea' id='block_1_11' title="bbox 801 4479 1047 4494">
    <p class='ocr_par' dir='ltr' id='par_1_11' title="bbox 801 4479 1047 4494">
     <span class='ocr_line' id='line_1_30' title="bbox 801 4479 1047 4494; baseline 0.004 -5"><span class='ocrx_word' id='word_1_204' title='bbox 801 4479 1047 4494; x_wconf 55' lang='lat' dir='ltr'>q—-o—</span> 
     </span>
    </p>
   </div>
   <div class='ocr_carea' id='block_1_12' title="bbox 0 0 1586 5188">
    <p class='ocr_par' dir='ltr' id='par_1_12' title="bbox 0 0 1586 5188">
     <span class='ocr_line' id='line_1_31' title="bbox 0 0 1586 5188; baseline 0 1"><span class='ocrx_word' id='word_1_205' title='bbox 0 0 1586 5188; x_wconf 95' lang='lat' dir='ltr'><strong> </strong></span> 
     </span>
    </p>
   </div>
  </div>
 </body>
</html>
