<?xml version="1.0" encoding="UTF-8"?>
<!DOCTYPE html PUBLIC "-//W3C//DTD XHTML 1.0 Transitional//EN"
    "http://www.w3.org/TR/xhtml1/DTD/xhtml1-transitional.dtd">
<html xmlns="http://www.w3.org/1999/xhtml" xml:lang="en" lang="en">
 <head>
  <title>
</title>
<meta http-equiv="Content-Type" content="text/html;charset=utf-8" />
  <meta name='ocr-system' content='tesseract 3.04.00' />
  <meta name='ocr-capabilities' content='ocr_page ocr_carea ocr_par ocr_line ocrx_word'/>
</head>
<body>
  <div class='ocr_page' id='page_1' title='image "./codexdiplomatic18wenzgoog_0433.png"; bbox 0 0 3168 5186; ppageno 0'>
   <div class='ocr_carea' id='block_1_1' title="bbox 593 315 745 416">
    <p class='ocr_par' dir='ltr' id='par_1_1' title="bbox 593 315 745 416">
     <span class='ocr_line' id='line_1_1' title="bbox 593 315 745 416; baseline 0 -34"><span class='ocrx_word' id='word_1_1' title='bbox 593 315 745 416; x_wconf 49' lang='lat' dir='ltr'><em>Q</em></span> 
     </span>
    </p>
   </div>
   <div class='ocr_carea' id='block_1_2' title="bbox 90 511 1236 1793">
    <p class='ocr_par' dir='ltr' id='par_1_2' title="bbox 90 511 1236 1793">
     <span class='ocr_line' id='line_1_2' title="bbox 205 511 1236 618; baseline -0.001 -40"><span class='ocrx_word' id='word_1_2' title='bbox 205 511 299 579; x_wconf 89' lang='lat' dir='ltr'><strong>Vnde</strong></span> <span class='ocrx_word' id='word_1_3' title='bbox 315 532 374 579; x_wconf 92' lang='lat' dir='ltr'><strong>nos</strong></span> <span class='ocrx_word' id='word_1_4' title='bbox 389 512 486 599; x_wconf 88' lang='lat' dir='ltr'><strong>plene</strong></span> <span class='ocrx_word' id='word_1_5' title='bbox 502 512 645 598; x_wconf 85' lang='lat' dir='ltr'><strong>perlecto</strong></span> <span class='ocrx_word' id='word_1_6' title='bbox 661 519 772 581; x_wconf 90' lang='lat' dir='ltr'><strong>tenore</strong></span> <span class='ocrx_word' id='word_1_7' title='bbox 787 512 919 581; x_wconf 88' lang='lat' dir='ltr'><strong>illarum</strong></span> <span class='ocrx_word' id='word_1_8' title='bbox 941 519 973 579; x_wconf 90' lang='lat' dir='ltr'><strong>et</strong></span> <span class='ocrx_word' id='word_1_9' title='bbox 987 512 1117 599; x_wconf 90' lang='lat' dir='ltr'><strong>plenius</strong></span> <span class='ocrx_word' id='word_1_10' title='bbox 1137 512 1236 618; x_wconf 67' lang='lat' dir='ltr'><strong>intel-=</strong></span> 
     </span>
     <span class='ocr_line' id='line_1_3' title="bbox 94 621 1226 708; baseline -0.003 -20"><span class='ocrx_word' id='word_1_11' title='bbox 94 623 192 704; x_wconf 87' lang='lat' dir='ltr'><strong>lecto,</strong></span> <span class='ocrx_word' id='word_1_12' title='bbox 219 626 339 686; x_wconf 87' lang='lat' dir='ltr'><strong>terram</strong></span> <span class='ocrx_word' id='word_1_13' title='bbox 354 621 470 687; x_wconf 85' lang='lat' dir='ltr'><strong>Monar</strong></span> <span class='ocrx_word' id='word_1_14' title='bbox 486 621 633 708; x_wconf 86' lang='lat' dir='ltr'><strong>superius</strong></span> <span class='ocrx_word' id='word_1_15' title='bbox 658 621 859 690; x_wconf 79' lang='lat' dir='ltr'><strong>nominatam</strong></span> <span class='ocrx_word' id='word_1_16' title='bbox 884 621 961 689; x_wconf 85' lang='lat' dir='ltr'><strong>filiis</strong></span> <span class='ocrx_word' id='word_1_17' title='bbox 980 621 1170 690; x_wconf 83' lang='lat' dir='ltr'><strong>Manchonis</strong></span> <span class='ocrx_word' id='word_1_18' title='bbox 1193 626 1226 687; x_wconf 92' lang='lat' dir='ltr'><strong>et</strong></span> 
     </span>
     <span class='ocr_line' id='line_1_4' title="bbox 93 727 1223 818; baseline -0.004 -21"><span class='ocrx_word' id='word_1_19' title='bbox 93 730 174 816; x_wconf 87' lang='lat' dir='ltr'><strong>filijs</strong></span> <span class='ocrx_word' id='word_1_20' title='bbox 191 728 282 814; x_wconf 84' lang='lat' dir='ltr'><strong>Hyne</strong></span> <span class='ocrx_word' id='word_1_21' title='bbox 306 729 478 796; x_wconf 79' lang='lat' dir='ltr'><strong>statuimus</strong></span> <span class='ocrx_word' id='word_1_22' title='bbox 503 729 599 816; x_wconf 86' lang='lat' dir='ltr'><strong>pleno</strong></span> <span class='ocrx_word' id='word_1_23' title='bbox 624 729 693 797; x_wconf 90' lang='lat' dir='ltr'><strong>iure</strong></span> <span class='ocrx_word' id='word_1_24' title='bbox 709 730 845 817; x_wconf 87' lang='lat' dir='ltr'><strong>pacifice</strong></span> <span class='ocrx_word' id='word_1_25' title='bbox 870 727 1112 818; x_wconf 79' lang='lat' dir='ltr'><strong>possidendam,</strong></span> <span class='ocrx_word' id='word_1_26' title='bbox 1140 728 1223 795; x_wconf 88' lang='lat' dir='ltr'><strong>sicut</strong></span> 
     </span>
     <span class='ocr_line' id='line_1_5' title="bbox 94 834 1225 925; baseline -0.004 -18"><span class='ocrx_word' id='word_1_27' title='bbox 94 839 155 907; x_wconf 73' lang='grc' dir='ltr'><strong>Ρθῐ</strong></span> <span class='ocrx_word' id='word_1_28' title='bbox 172 834 296 904; x_wconf 88' lang='lat' dir='ltr'><strong>iudices</strong></span> <span class='ocrx_word' id='word_1_29' title='bbox 322 835 384 904; x_wconf 82' lang='lat' dir='ltr'><strong>fuit</strong></span> <span class='ocrx_word' id='word_1_30' title='bbox 406 838 554 905; x_wconf 84' lang='lat' dir='ltr'><strong>restituta</strong></span> <span class='ocrx_word' id='word_1_31' title='bbox 580 845 795 925; x_wconf 87' lang='lat' dir='ltr'><strong>memoratos;</strong></span> <span class='ocrx_word' id='word_1_32' title='bbox 822 837 1026 906; x_wconf 87' lang='lat' dir='ltr'><strong>decreuimns</strong></span> <span class='ocrx_word' id='word_1_33' title='bbox 1052 837 1164 922; x_wconf 87' lang='lat' dir='ltr'><strong>eciam,</strong></span> <span class='ocrx_word' id='word_1_34' title='bbox 1191 841 1225 902; x_wconf 88' lang='lat' dir='ltr'><strong>ut</strong></span> 
     </span>
     <span class='ocr_line' id='line_1_6' title="bbox 92 929 1222 1036; baseline -0.004 -20"><span class='ocrx_word' id='word_1_35' title='bbox 92 929 181 1030; x_wconf 62' lang='lat' dir='ltr'><strong>iPia,</strong></span> <span class='ocrx_word' id='word_1_36' title='bbox 209 965 250 1014; x_wconf 87' lang='lat' dir='ltr'><strong>ne</strong></span> <span class='ocrx_word' id='word_1_37' title='bbox 266 946 341 1032; x_wconf 90' lang='lat' dir='ltr'><strong>ipsa</strong></span> <span class='ocrx_word' id='word_1_38' title='bbox 365 966 416 1014; x_wconf 91' lang='lat' dir='ltr'><strong>res</strong></span> <span class='ocrx_word' id='word_1_39' title='bbox 444 947 566 1015; x_wconf 87' lang='lat' dir='ltr'><strong>tociens</strong></span> <span class='ocrx_word' id='word_1_40' title='bbox 592 968 702 1036; x_wconf 76' lang='lat' dir='ltr'><strong>coram</strong></span> <span class='ocrx_word' id='word_1_41' title='bbox 717 947 879 1016; x_wconf 88' lang='lat' dir='ltr'><strong>iudicibus</strong></span> <span class='ocrx_word' id='word_1_42' title='bbox 905 948 1064 1016; x_wconf 88' lang='lat' dir='ltr'><strong>uentilata</strong></span> <span class='ocrx_word' id='word_1_43' title='bbox 1090 967 1149 1033; x_wconf 92' lang='lat' dir='ltr'><strong>per</strong></span> <span class='ocrx_word' id='word_1_44' title='bbox 1171 965 1222 1012; x_wconf 87' lang='lat' dir='ltr'><strong>ea-</strong></span> 
     </span>
     <span class='ocr_line' id='line_1_7' title="bbox 91 1053 1222 1145; baseline 0.003 -26"><span class='ocrx_word' id='word_1_45' title='bbox 91 1053 261 1141; x_wconf 85' lang='lat' dir='ltr'><strong>lumpnias</strong></span> <span class='ocrx_word' id='word_1_46' title='bbox 278 1075 497 1124; x_wconf 87' lang='lat' dir='ltr'><strong>successorum</strong></span> <span class='ocrx_word' id='word_1_47' title='bbox 508 1057 613 1142; x_wconf 88' lang='lat' dir='ltr'><strong>possit</strong></span> <span class='ocrx_word' id='word_1_48' title='bbox 629 1059 820 1145; x_wconf 86' lang='lat' dir='ltr'><strong>perturbari,</strong></span> <span class='ocrx_word' id='word_1_49' title='bbox 838 1057 867 1122; x_wconf 92' lang='lat' dir='ltr'><strong>si</strong></span> <span class='ocrx_word' id='word_1_50' title='bbox 887 1057 942 1142; x_wconf 90' lang='lat' dir='ltr'><strong>qui</strong></span> <span class='ocrx_word' id='word_1_51' title='bbox 952 1078 1010 1143; x_wconf 91' lang='lat' dir='ltr'><strong>per</strong></span> <span class='ocrx_word' id='word_1_52' title='bbox 1025 1055 1222 1141; x_wconf 87' lang='lat' dir='ltr'><strong>jobagiones</strong></span> 
     </span>
     <span class='ocr_line' id='line_1_8' title="bbox 92 1163 1222 1252; baseline 0.002 -24"><span class='ocrx_word' id='word_1_53' title='bbox 92 1163 204 1230; x_wconf 81' lang='lat' dir='ltr'><strong>Gastri</strong></span> <span class='ocrx_word' id='word_1_54' title='bbox 230 1165 400 1232; x_wconf 85' lang='lat' dir='ltr'><strong>memorati</strong></span> <span class='ocrx_word' id='word_1_55' title='bbox 414 1184 495 1232; x_wconf 88' lang='lat' dir='ltr'><strong>ausu</strong></span> <span class='ocrx_word' id='word_1_56' title='bbox 522 1167 695 1233; x_wconf 90' lang='lat' dir='ltr'><strong>temerario</strong></span> <span class='ocrx_word' id='word_1_57' title='bbox 711 1165 965 1252; x_wconf 82' lang='lat' dir='ltr'><strong>presumpserint</strong></span> <span class='ocrx_word' id='word_1_58' title='bbox 990 1165 1031 1231; x_wconf 89' lang='lat' dir='ltr'><strong>dc</strong></span> <span class='ocrx_word' id='word_1_59' title='bbox 1047 1171 1154 1231; x_wconf 88' lang='lat' dir='ltr'><strong>cetero</strong></span> <span class='ocrx_word' id='word_1_60' title='bbox 1177 1170 1222 1230; x_wconf 86' lang='lat' dir='ltr'><strong>at·</strong></span> 
     </span>
     <span class='ocr_line' id='line_1_9' title="bbox 90 1274 1224 1362; baseline 0 -26"><span class='ocrx_word' id='word_1_61' title='bbox 90 1277 266 1360; x_wconf 88' lang='lat' dir='ltr'><strong>temptare,</strong></span> <span class='ocrx_word' id='word_1_62' title='bbox 299 1274 432 1360; x_wconf 82' lang='lat' dir='ltr'><strong>dignam</strong></span> <span class='ocrx_word' id='word_1_63' title='bbox 459 1277 619 1362; x_wconf 88' lang='lat' dir='ltr'><strong>recipiant</strong></span> <span class='ocrx_word' id='word_1_64' title='bbox 644 1277 826 1344; x_wconf 81' lang='lat' dir='ltr'><strong>mercedem</strong></span> <span class='ocrx_word' id='word_1_65' title='bbox 853 1275 1155 1361; x_wconf 79' lang='lat' dir='ltr'><strong>calumpniatorum.</strong></span> <span class='ocrx_word' id='word_1_66' title='bbox 1182 1275 1224 1338; x_wconf 81' lang='lat' dir='ltr'><strong>Et</strong></span> 
     </span>
     <span class='ocr_line' id='line_1_10' title="bbox 92 1380 1222 1470; baseline 0.001 -25"><span class='ocrx_word' id='word_1_67' title='bbox 92 1380 137 1447; x_wconf 89' lang='lat' dir='ltr'><strong>ad</strong></span> <span class='ocrx_word' id='word_1_68' title='bbox 156 1382 304 1450; x_wconf 90' lang='lat' dir='ltr'><strong>eiusdem</strong></span> <span class='ocrx_word' id='word_1_69' title='bbox 329 1385 378 1450; x_wconf 89' lang='lat' dir='ltr'><strong>rei</strong></span> <span class='ocrx_word' id='word_1_70' title='bbox 393 1384 674 1453; x_wconf 87' lang='lat' dir='ltr'><strong>confirmacionem</strong></span> <span class='ocrx_word' id='word_1_71' title='bbox 699 1384 826 1451; x_wconf 89' lang='lat' dir='ltr'><strong>litteras</strong></span> <span class='ocrx_word' id='word_1_72' title='bbox 848 1387 1016 1470; x_wconf 86' lang='lat' dir='ltr'><strong>presentes</strong></span> <span class='ocrx_word' id='word_1_73' title='bbox 1041 1380 1222 1467; x_wconf 86' lang='lat' dir='ltr'><strong>sigillorum</strong></span> 
     </span>
     <span class='ocr_line' id='line_1_11' title="bbox 90 1490 1221 1580; baseline 0.001 -25"><span class='ocrx_word' id='word_1_74' title='bbox 90 1497 279 1558; x_wconf 89' lang='lat' dir='ltr'><strong>nostrorum</strong></span> <span class='ocrx_word' id='word_1_75' title='bbox 296 1493 475 1580; x_wconf 89' lang='lat' dir='ltr'><strong>patrocinio</strong></span> <span class='ocrx_word' id='word_1_76' title='bbox 496 1494 709 1562; x_wconf 88' lang='lat' dir='ltr'><strong>communitas</strong></span> <span class='ocrx_word' id='word_1_77' title='bbox 726 1493 878 1561; x_wconf 88' lang='lat' dir='ltr'><strong>duximus</strong></span> <span class='ocrx_word' id='word_1_78' title='bbox 898 1490 1132 1560; x_wconf 89' lang='lat' dir='ltr'><strong>concedendas.</strong></span> <span class='ocrx_word' id='word_1_79' title='bbox 1159 1492 1221 1556; x_wconf 89' lang='lat' dir='ltr'><strong>Da·</strong></span> 
     </span>
     <span class='ocr_line' id='line_1_12' title="bbox 90 1597 1221 1668; baseline -0.001 -3"><span class='ocrx_word' id='word_1_80' title='bbox 90 1606 163 1665; x_wconf 90' lang='lat' dir='ltr'><strong>tum</strong></span> <span class='ocrx_word' id='word_1_81' title='bbox 181 1599 313 1666; x_wconf 89' lang='lat' dir='ltr'><strong>Posonii</strong></span> <span class='ocrx_word' id='word_1_82' title='bbox 339 1599 480 1668; x_wconf 82' lang='lat' dir='ltr'><strong>infesto</strong></span> <span class='ocrx_word' id='word_1_83' title='bbox 506 1600 618 1668; x_wconf 82' lang='lat' dir='ltr'><strong>Sancti</strong></span> <span class='ocrx_word' id='word_1_84' title='bbox 634 1601 763 1668; x_wconf 86' lang='lat' dir='ltr'><strong>Nicolai</strong></span> <span class='ocrx_word' id='word_1_85' title='bbox 790 1622 874 1668; x_wconf 92' lang='lat' dir='ltr'><strong>anno</strong></span> <span class='ocrx_word' id='word_1_86' title='bbox 894 1600 1025 1667; x_wconf 92' lang='lat' dir='ltr'><strong>Domini</strong></span> <span class='ocrx_word' id='word_1_87' title='bbox 1052 1601 1097 1666; x_wconf 78' lang='grc' dir='ltr'><strong>Μ0</strong></span> <span class='ocrx_word' id='word_1_88' title='bbox 1107 1597 1172 1665; x_wconf 78' lang='lat'><strong>00⁰</strong></span> <span class='ocrx_word' id='word_1_89' title='bbox 1183 1598 1221 1664; x_wconf 86' lang='lat' dir='ltr'><strong>L·</strong></span> 
     </span>
     <span class='ocr_line' id='line_1_13' title="bbox 91 1709 218 1793; baseline -0.008 -18"><span class='ocrx_word' id='word_1_90' title='bbox 91 1709 218 1793; x_wconf 85' lang='lat' dir='ltr'><strong>quinto.</strong></span> 
     </span>
    </p>
   </div>
   <div class='ocr_carea' id='block_1_3' title="bbox 89 1863 1215 2048">
    <p class='ocr_par' dir='ltr' id='par_1_3' title="bbox 89 1863 1215 2048">
     <span class='ocr_line' id='line_1_14' title="bbox 89 1863 1215 1958; baseline -0.003 -18"><span class='ocrx_word' id='word_1_91' title='bbox 89 1891 231 1952; x_wconf 86' lang='lat' dir='ltr'><strong>(Eredctio</strong></span> <span class='ocrx_word' id='word_1_92' title='bbox 245 1886 420 1958; x_wconf 80' lang='lat' dir='ltr'><strong>bt&#39;rhr&#39;rrtydu,</strong></span> <span class='ocrx_word' id='word_1_93' title='bbox 443 1891 554 1958; x_wconf 80' lang='lat' dir='ltr'><strong>molyrol</strong></span> <span class='ocrx_word' id='word_1_94' title='bbox 567 1908 584 1942; x_wconf 85' lang='lat' dir='ltr'><strong>a</strong></span> <span class='ocrx_word' id='word_1_95' title='bbox 597 1890 643 1942; x_wconf 75' lang='lat' dir='ltr'><strong>ket</strong></span> <span class='ocrx_word' id='word_1_96' title='bbox 656 1863 793 1943; x_wconf 78' lang='lat' dir='ltr'><strong>kiuuldott</strong></span> <span class='ocrx_word' id='word_1_97' title='bbox 806 1887 863 1943; x_wconf 73' lang='lat' dir='ltr'><strong>bdd</strong></span> <span class='ocrx_word' id='word_1_98' title='bbox 887 1890 1015 1958; x_wconf 76' lang='lat' dir='ltr'><strong>pensdtjei</strong></span> <span class='ocrx_word' id='word_1_99' title='bbox 1029 1890 1088 1940; x_wconf 79' lang='lat' dir='ltr'><strong>zuld</strong></span> <span class='ocrx_word' id='word_1_100' title='bbox 1103 1889 1215 1954; x_wconf 84' lang='lat' dir='ltr'><strong>selyem-</strong></span> 
     </span>
     <span class='ocr_line' id='line_1_15' title="bbox 255 1981 1058 2048; baseline -0.001 -17"><span class='ocrx_word' id='word_1_101' title='bbox 255 1981 381 2032; x_wconf 82' lang='lat' dir='ltr'><strong>nsiudron</strong></span> <span class='ocrx_word' id='word_1_102' title='bbox 395 1982 524 2048; x_wconf 76' lang='lat' dir='ltr'><strong>fiiggnelr.</strong></span> <span class='ocrx_word' id='word_1_103' title='bbox 539 2000 555 2032; x_wconf 85' lang='lat' dir='ltr'><strong>a</strong></span> <span class='ocrx_word' id='word_1_104' title='bbox 568 1983 649 2034; x_wconf 85' lang='lat' dir='ltr'><strong>budai</strong></span> <span class='ocrx_word' id='word_1_105' title='bbox 663 1984 713 2034; x_wconf 83' lang='lat' dir='ltr'><strong>kir.</strong></span> <span class='ocrx_word' id='word_1_106' title='bbox 727 1985 851 2035; x_wconf 82' lang='lat' dir='ltr'><strong>kamarai</strong></span> <span class='ocrx_word' id='word_1_107' title='bbox 867 1981 1058 2046; x_wconf 74' lang='lat' dir='ltr'><strong>leviltdrbrrn.)</strong></span> 
     </span>
    </p>
   </div>
   <div class='ocr_carea' id='block_1_4' title="bbox 608 2813 690 2926">
    <p class='ocr_par' dir='ltr' id='par_1_4' title="bbox 608 2813 690 2926">
     <span class='ocr_line' id='line_1_16' title="bbox 608 2813 690 2926; baseline -0.024 -46"><span class='ocrx_word' id='word_1_108' title='bbox 608 2813 690 2926; x_wconf 48' lang='lat'><strong>284.</strong></span> 
     </span>
    </p>
   </div>
   <div class='ocr_carea' id='block_1_5' title="bbox 87 2983 1216 3316">
    <p class='ocr_par' dir='ltr' id='par_1_5' title="bbox 87 2983 1216 3316">
     <span class='ocr_line' id='line_1_17' title="bbox 92 2983 1216 3100; baseline -0.005 -22"><span class='ocrx_word' id='word_1_109' title='bbox 92 3015 214 3078; x_wconf 84' lang='lat' dir='ltr'><strong>Omode&#39;</strong></span> <span class='ocrx_word' id='word_1_110' title='bbox 223 3016 317 3100; x_wconf 70' lang='lat' dir='ltr'><strong>pydeu’</strong></span> <span class='ocrx_word' id='word_1_111' title='bbox 327 3011 448 3098; x_wconf 78' lang='lat' dir='ltr'><strong>pdapdlr</strong></span> <span class='ocrx_word' id='word_1_112' title='bbox 463 3012 638 3098; x_wconf 73' lang='lat' dir='ltr'><strong>binonpr&#39;rjo,</strong></span> <span class='ocrx_word' id='word_1_113' title='bbox 664 3011 742 3098; x_wconf 71' lang='lat' dir='ltr'><strong>kopp</strong></span> <span class='ocrx_word' id='word_1_114' title='bbox 757 3013 835 3074; x_wconf 80' lang='lat' dir='ltr'><strong>mint</strong></span> <span class='ocrx_word' id='word_1_115' title='bbox 850 2983 999 3075; x_wconf 76' lang='lat' dir='ltr'><strong>dr&#39;lrd&#39;lddtt</strong></span> <span class='ocrx_word' id='word_1_116' title='bbox 1017 3011 1134 3096; x_wconf 62' lang='lat' dir='ltr'><strong>coulpe·</strong></span> <span class='ocrx_word' id='word_1_117' title='bbox 1149 3011 1216 3076; x_wconf 74' lang='lat' dir='ltr'><strong>tiro</strong></span> 
     </span>
     <span class='ocr_line' id='line_1_18' title="bbox 88 3117 1211 3207; baseline -0.005 -21"><span class='ocrx_word' id='word_1_118' title='bbox 88 3123 110 3186; x_wconf 89' lang='lat' dir='ltr'><em>I</em></span> <span class='ocrx_word' id='word_1_119' title='bbox 113 3123 150 3188; x_wconf 86' lang='lat' dir='ltr'><strong>V.</strong></span> <span class='ocrx_word' id='word_1_120' title='bbox 169 3123 248 3188; x_wconf 70' lang='lat' dir='ltr'><strong>Belo</strong></span> <span class='ocrx_word' id='word_1_121' title='bbox 269 3121 434 3206; x_wconf 73' lang='lat' dir='ltr'><strong>ddudlynolr</strong></span> <span class='ocrx_word' id='word_1_122' title='bbox 452 3127 650 3207; x_wconf 83' lang='lat' dir='ltr'><strong>pararrcaa&#39;ro</strong></span> <span class='ocrx_word' id='word_1_123' title='bbox 671 3117 839 3204; x_wconf 70' lang='lat' dir='ltr'><strong>Gpdrpydt,</strong></span> <span class='ocrx_word' id='word_1_124' title='bbox 860 3118 1009 3204; x_wconf 83' lang='lat' dir='ltr'><strong>Olpcroelr</strong></span> <span class='ocrx_word' id='word_1_125' title='bbox 1024 3119 1089 3200; x_wconf 82' lang='lat' dir='ltr'><strong>finit</strong></span> <span class='ocrx_word' id='word_1_126' title='bbox 1118 3117 1211 3204; x_wconf 80' lang='lat' dir='ltr'><strong>Uplio</strong></span> 
     </span>
     <span class='ocr_line' id='line_1_19' title="bbox 87 3226 1210 3316; baseline -0.004 -22"><span class='ocrx_word' id='word_1_127' title='bbox 87 3231 238 3297; x_wconf 69' lang='lat' dir='ltr'><strong>roborum·</strong></span> <span class='ocrx_word' id='word_1_128' title='bbox 256 3242 384 3316; x_wconf 78' lang='lat' dir='ltr'><strong>caperrat</strong></span> <span class='ocrx_word' id='word_1_129' title='bbox 400 3230 479 3296; x_wconf 76' lang='grc' dir='ltr'><strong>άίίαί</strong></span> <span class='ocrx_word' id='word_1_130' title='bbox 501 3228 635 3294; x_wconf 69' lang='lat' dir='ltr'><strong>(tolonei</strong></span> <span class='ocrx_word' id='word_1_131' title='bbox 645 3226 778 3312; x_wconf 76' lang='lat' dir='ltr'><strong>so&#39;ldoolr</strong></span> <span class='ocrx_word' id='word_1_132' title='bbox 796 3227 953 3292; x_wconf 73' lang='lat' dir='ltr'><strong>birtoddba</strong></span> <span class='ocrx_word' id='word_1_133' title='bbox 972 3227 1088 3292; x_wconf 76' lang='lat' dir='ltr'><strong>r&#39;lrtatta.</strong></span> <span class='ocrx_word' id='word_1_134' title='bbox 1114 3226 1210 3290; x_wconf 83' lang='lat'><em>1255.</em></span> 
     </span>
    </p>
   </div>
   <div class='ocr_carea' id='block_1_6' title="bbox 87 3439 1212 4741">
    <p class='ocr_par' dir='ltr' id='par_1_6' title="bbox 87 3439 1212 4741">
     <span class='ocr_line' id='line_1_20' title="bbox 215 3439 1212 3531; baseline -0.002 -21"><span class='ocrx_word' id='word_1_135' title='bbox 215 3441 380 3511; x_wconf 88' lang='lat' dir='ltr'><strong>Omodeus</strong></span> <span class='ocrx_word' id='word_1_136' title='bbox 407 3443 469 3512; x_wconf 89' lang='lat' dir='ltr'><strong>Dei</strong></span> <span class='ocrx_word' id='word_1_137' title='bbox 495 3445 609 3528; x_wconf 86' lang='lat' dir='ltr'><strong>gracia</strong></span> <span class='ocrx_word' id='word_1_138' title='bbox 634 3443 817 3531; x_wconf 79' lang='lat' dir='ltr'><strong>Episcopus</strong></span> <span class='ocrx_word' id='word_1_139' title='bbox 840 3441 1020 3510; x_wconf 88' lang='lat' dir='ltr'><strong>Jenriensis</strong></span> <span class='ocrx_word' id='word_1_140' title='bbox 1051 3439 1212 3510; x_wconf 79' lang='lat' dir='ltr'><strong>uniuersis</strong></span> 
     </span>
     <span class='ocr_line' id='line_1_21' title="bbox 89 3550 1211 3641; baseline -0.004 -21"><span class='ocrx_word' id='word_1_141' title='bbox 89 3551 212 3620; x_wconf 74' lang='lat' dir='ltr'><strong>Christi</strong></span> <span class='ocrx_word' id='word_1_142' title='bbox 229 3550 378 3620; x_wconf 87' lang='lat' dir='ltr'><strong>fidelibus</strong></span> <span class='ocrx_word' id='word_1_143' title='bbox 402 3560 569 3641; x_wconf 88' lang='lat' dir='ltr'><strong>presentes</strong></span> <span class='ocrx_word' id='word_1_144' title='bbox 585 3553 710 3620; x_wconf 87' lang='lat' dir='ltr'><strong>litteras</strong></span> <span class='ocrx_word' id='word_1_145' title='bbox 736 3552 929 3639; x_wconf 90' lang='lat' dir='ltr'><strong>inspecturis</strong></span> <span class='ocrx_word' id='word_1_146' title='bbox 954 3551 1094 3618; x_wconf 88' lang='lat' dir='ltr'><strong>salutem</strong></span> <span class='ocrx_word' id='word_1_147' title='bbox 1110 3550 1143 3615; x_wconf 93' lang='lat' dir='ltr'><strong>in</strong></span> <span class='ocrx_word' id='word_1_148' title='bbox 1160 3569 1211 3616; x_wconf 89' lang='lat' dir='ltr'><strong>sa·</strong></span> 
     </span>
     <span class='ocr_line' id='line_1_22' title="bbox 89 3657 1211 3746; baseline -0.001 -20"><span class='ocrx_word' id='word_1_149' title='bbox 89 3661 168 3728; x_wconf 87' lang='lat' dir='ltr'><strong>lutis</strong></span> <span class='ocrx_word' id='word_1_150' title='bbox 194 3660 359 3746; x_wconf 80' lang='lat' dir='ltr'><strong>largitore.</strong></span> <span class='ocrx_word' id='word_1_151' title='bbox 385 3663 502 3729; x_wconf 88' lang='lat' dir='ltr'><strong>Vestra</strong></span> <span class='ocrx_word' id='word_1_152' title='bbox 527 3660 653 3729; x_wconf 88' lang='lat' dir='ltr'><strong>nouerit</strong></span> <span class='ocrx_word' id='word_1_153' title='bbox 677 3660 882 3744; x_wconf 77' lang='lat' dir='ltr'><strong>uniuersitas,</strong></span> <span class='ocrx_word' id='word_1_154' title='bbox 910 3659 994 3744; x_wconf 88' lang='lat' dir='ltr'><strong>quod</strong></span> <span class='ocrx_word' id='word_1_155' title='bbox 1020 3677 1131 3724; x_wconf 87' lang='lat' dir='ltr'><strong>cuma</strong></span> <span class='ocrx_word' id='word_1_156' title='bbox 1156 3657 1211 3725; x_wconf 92' lang='lat' dir='ltr'><strong>do-</strong></span> 
     </span>
     <span class='ocr_line' id='line_1_23' title="bbox 88 3767 1210 3861; baseline -0.004 -25"><span class='ocrx_word' id='word_1_157' title='bbox 88 3769 177 3838; x_wconf 87' lang='lat' dir='ltr'><strong>ruino</strong></span> <span class='ocrx_word' id='word_1_158' title='bbox 203 3775 312 3838; x_wconf 91' lang='lat' dir='ltr'><strong>nostro</strong></span> <span class='ocrx_word' id='word_1_159' title='bbox 338 3769 418 3836; x_wconf 88' lang='lat' dir='ltr'><strong>Bela</strong></span> <span class='ocrx_word' id='word_1_160' title='bbox 442 3770 505 3836; x_wconf 87' lang='lat' dir='ltr'><strong>Dei</strong></span> <span class='ocrx_word' id='word_1_161' title='bbox 524 3771 638 3855; x_wconf 86' lang='lat' dir='ltr'><strong>gracia</strong></span> <span class='ocrx_word' id='word_1_162' title='bbox 662 3770 783 3838; x_wconf 87' lang='lat' dir='ltr'><strong>Illustri</strong></span> <span class='ocrx_word' id='word_1_163' title='bbox 808 3772 896 3853; x_wconf 84' lang='lat' dir='ltr'><strong>Rege</strong></span> <span class='ocrx_word' id='word_1_164' title='bbox 921 3767 1088 3861; x_wconf 73' lang='lat' dir='ltr'><strong>liungarie</strong></span> <span class='ocrx_word' id='word_1_165' title='bbox 1112 3786 1210 3851; x_wconf 90' lang='lat' dir='ltr'><strong>super</strong></span> 
     </span>
     <span class='ocr_line' id='line_1_24' title="bbox 88 3875 1207 3966; baseline -0.005 -20"><span class='ocrx_word' id='word_1_166' title='bbox 88 3881 283 3948; x_wconf 89' lang='lat' dir='ltr'><strong>reuocandis</strong></span> <span class='ocrx_word' id='word_1_167' title='bbox 299 3887 333 3948; x_wconf 89' lang='lat' dir='ltr'><strong>ct</strong></span> <span class='ocrx_word' id='word_1_168' title='bbox 347 3879 554 3948; x_wconf 88' lang='lat' dir='ltr'><strong>restituendis</strong></span> <span class='ocrx_word' id='word_1_169' title='bbox 570 3881 676 3966; x_wconf 89' lang='lat' dir='ltr'><strong>terris,</strong></span> <span class='ocrx_word' id='word_1_170' title='bbox 702 3902 723 3946; x_wconf 92' lang='lat' dir='ltr'><strong>a</strong></span> <span class='ocrx_word' id='word_1_171' title='bbox 740 3879 855 3948; x_wconf 89' lang='lat' dir='ltr'><strong>castris</strong></span> <span class='ocrx_word' id='word_1_172' title='bbox 871 3878 1023 3946; x_wconf 86' lang='lat' dir='ltr'><strong>videlicet</strong></span> <span class='ocrx_word' id='word_1_173' title='bbox 1044 3875 1207 3958; x_wconf 82' lang='lat' dir='ltr'><strong>alienatis,</strong></span> 
     </span>
     <span class='ocr_line' id='line_1_25' title="bbox 87 3987 1211 4075; baseline -0.004 -19"><span class='ocrx_word' id='word_1_174' title='bbox 87 4009 147 4075; x_wconf 89' lang='lat' dir='ltr'><strong>per</strong></span> <span class='ocrx_word' id='word_1_175' title='bbox 160 3995 264 4057; x_wconf 88' lang='lat' dir='ltr'><strong>totam</strong></span> <span class='ocrx_word' id='word_1_176' title='bbox 289 3997 433 4057; x_wconf 87' lang='lat' dir='ltr'><strong>nostram</strong></span> <span class='ocrx_word' id='word_1_177' title='bbox 451 3990 638 4074; x_wconf 82' lang='lat' dir='ltr'><strong>Dyocesym</strong></span> <span class='ocrx_word' id='word_1_178' title='bbox 650 3989 753 4075; x_wconf 79' lang='lat' dir='ltr'><strong>Judex</strong></span> <span class='ocrx_word' id='word_1_179' title='bbox 781 3989 852 4056; x_wconf 91' lang='lat' dir='ltr'><strong>siue</strong></span> <span class='ocrx_word' id='word_1_180' title='bbox 869 3987 1040 4072; x_wconf 87' lang='lat' dir='ltr'><strong>inquisitor</strong></span> <span class='ocrx_word' id='word_1_181' title='bbox 1065 4003 1211 4053; x_wconf 88' lang='lat' dir='ltr'><strong>essemus</strong></span> 
     </span>
     <span class='ocr_line' id='line_1_26' title="bbox 88 4093 1210 4178; baseline -0.007 -12"><span class='ocrx_word' id='word_1_182' title='bbox 88 4097 294 4178; x_wconf 86' lang='lat' dir='ltr'><strong>constitutus,</strong></span> <span class='ocrx_word' id='word_1_183' title='bbox 314 4097 397 4164; x_wconf 85' lang='lat' dir='ltr'><strong>inter</strong></span> <span class='ocrx_word' id='word_1_184' title='bbox 412 4102 521 4164; x_wconf 89' lang='lat' dir='ltr'><strong>cetera</strong></span> <span class='ocrx_word' id='word_1_185' title='bbox 537 4097 693 4165; x_wconf 82' lang='lat' dir='ltr'><strong>mandato</strong></span> <span class='ocrx_word' id='word_1_186' title='bbox 717 4098 861 4166; x_wconf 88' lang='lat' dir='ltr'><strong>eiusdem</strong></span> <span class='ocrx_word' id='word_1_187' title='bbox 876 4094 1001 4165; x_wconf 90' lang='lat' dir='ltr'><strong>domini</strong></span> <span class='ocrx_word' id='word_1_188' title='bbox 1016 4093 1095 4160; x_wconf 88' lang='lat' dir='ltr'><strong>Rele</strong></span> <span class='ocrx_word' id='word_1_189' title='bbox 1109 4093 1210 4177; x_wconf 84' lang='lat' dir='ltr'><strong>Regis</strong></span> 
     </span>
     <span class='ocr_line' id='line_1_27' title="bbox 89 4200 1209 4292; baseline -0.007 -18"><span class='ocrx_word' id='word_1_190' title='bbox 89 4206 168 4274; x_wconf 89' lang='lat' dir='ltr'><strong>uiua</strong></span> <span class='ocrx_word' id='word_1_191' title='bbox 183 4225 263 4274; x_wconf 90' lang='lat' dir='ltr'><strong>noce</strong></span> <span class='ocrx_word' id='word_1_192' title='bbox 278 4205 440 4292; x_wconf 89' lang='lat' dir='ltr'><strong>primitus,</strong></span> <span class='ocrx_word' id='word_1_193' title='bbox 466 4213 499 4273; x_wconf 86' lang='lat' dir='ltr'><strong>et</strong></span> <span class='ocrx_word' id='word_1_194' title='bbox 514 4205 718 4291; x_wconf 90' lang='lat' dir='ltr'><strong>postmodum</strong></span> <span class='ocrx_word' id='word_1_195' title='bbox 744 4205 777 4272; x_wconf 91' lang='lat' dir='ltr'><strong>in</strong></span> <span class='ocrx_word' id='word_1_196' title='bbox 799 4203 914 4272; x_wconf 90' lang='lat' dir='ltr'><strong>litteris</strong></span> <span class='ocrx_word' id='word_1_197' title='bbox 938 4203 1007 4270; x_wconf 90' lang='lat' dir='ltr'><strong>suis</strong></span> <span class='ocrx_word' id='word_1_198' title='bbox 1030 4200 1209 4286; x_wconf 87' lang='lat' dir='ltr'><strong>recepimus</strong></span> 
     </span>
     <span class='ocr_line' id='line_1_28' title="bbox 87 4309 1203 4406; baseline -0.007 -22"><span class='ocrx_word' id='word_1_199' title='bbox 87 4316 242 4406; x_wconf 87' lang='lat' dir='ltr'><strong>speciale,</strong></span> <span class='ocrx_word' id='word_1_200' title='bbox 268 4323 303 4384; x_wconf 87' lang='lat' dir='ltr'><strong>ut</strong></span> <span class='ocrx_word' id='word_1_201' title='bbox 317 4324 438 4384; x_wconf 84' lang='lat' dir='ltr'><strong>terram</strong></span> <span class='ocrx_word' id='word_1_202' title='bbox 454 4315 613 4402; x_wconf 84' lang='lat' dir='ltr'><strong>Stephani</strong></span> <span class='ocrx_word' id='word_1_203' title='bbox 637 4323 669 4383; x_wconf 87' lang='lat' dir='ltr'><strong>et</strong></span> <span class='ocrx_word' id='word_1_204' title='bbox 687 4314 776 4382; x_wconf 85' lang='lat' dir='ltr'><strong>Petri</strong></span> <span class='ocrx_word' id='word_1_205' title='bbox 799 4312 1061 4381; x_wconf 90' lang='lat' dir='ltr'><strong>tubicinariorum</strong></span> <span class='ocrx_word' id='word_1_206' title='bbox 1087 4309 1203 4395; x_wconf 87' lang='lat' dir='ltr'><strong>ipsius,</strong></span> 
     </span>
     <span class='ocr_line' id='line_1_29' title="bbox 87 4420 1206 4510; baseline -0.008 -16"><span class='ocrx_word' id='word_1_207' title='bbox 87 4427 236 4495; x_wconf 88' lang='lat' dir='ltr'><strong>Obianch</strong></span> <span class='ocrx_word' id='word_1_208' title='bbox 260 4426 399 4510; x_wconf 89' lang='lat' dir='ltr'><strong>nomine,</strong></span> <span class='ocrx_word' id='word_1_209' title='bbox 426 4425 522 4493; x_wconf 87' lang='lat' dir='ltr'><strong>sitam</strong></span> <span class='ocrx_word' id='word_1_210' title='bbox 539 4425 572 4492; x_wconf 91' lang='lat' dir='ltr'><strong>in</strong></span> <span class='ocrx_word' id='word_1_211' title='bbox 588 4424 754 4492; x_wconf 82' lang='lat' dir='ltr'><strong>Comitatu</strong></span> <span class='ocrx_word' id='word_1_212' title='bbox 779 4424 886 4492; x_wconf 85' lang='lat' dir='ltr'><strong>Castri</strong></span> <span class='ocrx_word' id='word_1_213' title='bbox 912 4420 1034 4506; x_wconf 72' lang='lat' dir='ltr'><strong>Petrei,</strong></span> <span class='ocrx_word' id='word_1_214' title='bbox 1058 4421 1206 4505; x_wconf 87' lang='lat' dir='ltr'><strong>inspecta</strong></span> 
     </span>
     <span class='ocr_line' id='line_1_30' title="bbox 88 4527 1205 4632; baseline -0.009 -26"><span class='ocrx_word' id='word_1_215' title='bbox 88 4537 269 4632; x_wconf 77' lang='lat' dir='ltr'><strong>quantitate</strong></span> <span class='ocrx_word' id='word_1_216' title='bbox 299 4533 518 4618; x_wconf 82' lang='lat' dir='ltr'><strong>etqualitate</strong></span> <span class='ocrx_word' id='word_1_217' title='bbox 551 4534 696 4603; x_wconf 89' lang='lat' dir='ltr'><strong>eiusdem</strong></span> <span class='ocrx_word' id='word_1_218' title='bbox 726 4541 943 4603; x_wconf 88' lang='lat' dir='ltr'><strong>statueremus</strong></span> <span class='ocrx_word' id='word_1_219' title='bbox 974 4529 1115 4618; x_wconf 74' lang='lat' dir='ltr'><strong>Georgio</strong></span> <span class='ocrx_word' id='word_1_220' title='bbox 1138 4527 1205 4596; x_wconf 83' lang='lat' dir='ltr'><strong>filio</strong></span> 
     </span>
     <span class='ocr_line' id='line_1_31' title="bbox 89 4639 1206 4741; baseline -0.014 -22"><span class='ocrx_word' id='word_1_221' title='bbox 89 4654 197 4741; x_wconf 88' lang='lat' dir='ltr'><strong>Olper‚</strong></span> <span class='ocrx_word' id='word_1_222' title='bbox 224 4669 263 4718; x_wconf 87' lang='lat' dir='ltr'><strong>ac</strong></span> <span class='ocrx_word' id='word_1_223' title='bbox 280 4650 354 4734; x_wconf 90' lang='lat' dir='ltr'><strong>post</strong></span> <span class='ocrx_word' id='word_1_224' title='bbox 379 4663 452 4712; x_wconf 90' lang='lat' dir='ltr'><strong>eum</strong></span> <span class='ocrx_word' id='word_1_225' title='bbox 468 4642 536 4712; x_wconf 88' lang='lat' dir='ltr'><strong>suis</strong></span> <span class='ocrx_word' id='word_1_226' title='bbox 551 4643 732 4730; x_wconf 88' lang='lat' dir='ltr'><strong>heredibus,</strong></span> <span class='ocrx_word' id='word_1_227' title='bbox 761 4664 801 4712; x_wconf 85' lang='lat' dir='ltr'><strong>ex</strong></span> <span class='ocrx_word' id='word_1_228' title='bbox 818 4643 995 4713; x_wconf 86' lang='lat' dir='ltr'><strong>donacione</strong></span> <span class='ocrx_word' id='word_1_229' title='bbox 1015 4639 1121 4723; x_wconf 85' lang='lat' dir='ltr'><strong>Regia</strong></span> <span class='ocrx_word' id='word_1_230' title='bbox 1134 4654 1206 4724; x_wconf 91' lang='lat' dir='ltr'><strong>per-</strong></span> 
     </span>
    </p>
   </div>
   <div class='ocr_carea' id='block_1_7' title="bbox 0 0 1588 5186">
    <p class='ocr_par' dir='ltr' id='par_1_7' title="bbox 0 0 1588 5186">
     <span class='ocr_line' id='line_1_32' title="bbox 0 0 1588 5186; baseline 0 2"><span class='ocrx_word' id='word_1_231' title='bbox 0 0 1588 5186; x_wconf 95' lang='lat' dir='ltr'><strong> </strong></span> 
     </span>
    </p>
   </div>
  </div>
 </body>
</html>
