3186 5188
909 938 986 1005 189.

379 1121 441 1185 Pct
456 1119 700 1204 orszdpbirdnok
725 1121 993 1206 bironpsdplecele,
1018 1121 1099 1207 kopp
1123 1143 1143 1184 o
1159 1123 1331 1208 cornupyei
1349 1122 1510 1206 rdry'obbd·

375 1229 454 1314 ppok
470 1227 648 1308 elismertdlr,
676 1228 776 1314 milre'p
793 1251 850 1314 epp
864 1228 983 1314 Re'pcae
1006 1231 1131 1296 maeret
1147 1231 1260 1296 :colom
1276 1231 1404 1295 Artena
1420 1232 1511 1314 suaj-

837 1337 931 1401 domr.
951 1338 1045 1405 1248.

483 1531 552 1598 Nos
568 1531 690 1597 Paulos
711 1529 829 1596 Comes
845 1530 1052 1600 Zaladiensis
1068 1540 1100 1600 et
1116 1532 1223 1601 Judex
1239 1533 1322 1600 Aule
1336 1531 1443 1617 Regic
1468 1531 1511 1597 ad

378 1638 602 1705 uniuersorum
618 1645 684 1705 tam
702 1637 907 1723 presencium
927 1657 1025 1721 quam
1041 1638 1221 1706 futurorum
1246 1638 1402 1706 noticiam
1419 1638 1511 1704 uolu-

377 1765 449 1812 mus
474 1744 545 1812 fieri
564 1743 782 1827 manifestum,
809 1743 895 1829 quod
919 1743 1140 1834 (iobagiones)
1157 1746 1270 1814 Ferrci
1295 1744 1416 1830 Castri,
1433 1765 1511 1829 quo·

379 1875 451 1920 rum
466 1852 599 1919 nomina
616 1859 692 1918 sunt
706 1853 784 1936 beo;
802 1851 956 1918 videlieet
970 1853 1053 1920 Paul
1069 1853 1110 1922 de
1126 1851 1228 1939 Cboy,
1244 1855 1336 1921 Bana
1351 1853 1393 1920 de
1411 1853 1508 1936 Gely,

376 1961 537 2046 Georgius
554 1960 596 2026 de
612 1957 737 2045 Olody;
764 1959 920 2044 Syrnoum
945 1959 1030 2027 tilius
1056 1961 1188 2044 Belius,
1213 1962 1264 2046 Ly
1283 1997 1320 2008 ·-
1343 1997 1381 2007 -
1405 1997 1444 2007 -
1468 1997 1504 2008 -

381 2107 417 2118 -—
435 2104 480 2118 -
499 2105 536 2114 -
554 2103 599 2116 -
615 2066 720 2134 maior
735 2085 921 2152 precanum,
947 2066 1149 2134 Laurencius
1164 2068 1251 2135 tilius
1266 2067 1386 2154 Tyvan
1402 2070 1508 2154 major

376 2173 551 2262 (eiusdem)
569 2174 685 2258 Castri,
702 2194 763 2241 nec
779 2194 843 2242 non
859 2174 917 2260 alij
934 2173 1124 2260 iobagiones
1139 2176 1213 2264 pari
1229 2183 1324 2260 uoto;
1344 2178 1505 2244 Artunam

374 2283 476 2350 filium
491 2282 621 2350 Sandur
647 2281 690 2349 ad
713 2281 932 2370 pres(euciam
947 2282 1160 2370 Vi)ceiudicis
1183 2284 1287 2352 nostri
1310 2283 1344 2350 in
1369 2303 1504 2350 causam

375 2391 521 2477 legitima
546 2391 726 2458 traxissent
742 2410 840 2477 super
857 2412 920 2460 uno
947 2391 1144 2478 molendino,
1169 2390 1258 2476 quod
1274 2399 1324 2458 est
1339 2389 1435 2458 ioxta
1449 2389 1504 2456 flu·

376 2499 464 2567 uium
474 2498 632 2568 Rabacba
640 2498 792 2584 positum,
804 2496 949 2566 dicentes
958 2498 1040 2566 iilud
1049 2497 1157 2566 Castri
1172 2534 1503 2549 ------

373 2607 462 2676 idem
477 2609 603 2674 Artena
618 2605 821 2690 respondens
851 2605 943 2690 dixit,
970 2626 1065 2674 suum
1084 2625 1157 2674 essc
1175 2604 1256 2673 illud
1282 2605 1502 2674 molendinum

373 2713 605 2782 bereditarium
615 2713 658 2780 ab
668 2712 812 2798 antiquo,
826 2711 1021 2798 quodetiam
1032 2713 1130 2800 ydem
1140 2714 1238 2797 longe
1248 2711 1376 2780 antcab
1387 2711 1500 2780 eodem

372 2822 495 2908 requisi
508 2859 554 2870 -
569 2858 613 2870 -
629 2859 674 2872 -
689 2859 732 2870 -
750 2821 928 2888 venerabili
939 2830 1032 2908 patre
1052 2823 1223 2906 Heymone
1232 2823 1294 2888 Dei
1306 2821 1419 2908 gracia
1429 2821 1500 2886 Wa-

375 2929 511 3017 obyensi
528 2926 713 3016 Episcop03
740 2948 865 2996 necnon
881 2929 1016 2996 Herrico
1033 2927 1159 2998 Gemite
1175 2927 1288 2996 Ferrei
1303 2927 1412 2996 castri
1435 2928 1500 2996 exi·

375 3043 490 3122 stente,
507 3037 562 3120 qui
575 3042 651 3102 tunc
661 3043 805 3122 tempore
819 3035 943 3102 iudices
958 3042 1051 3103 erant
1067 3057 1163 3122 super
1178 3036 1371 3104 reuocandis
1382 3033 1441 3122 (—-
1455 3071 1498 3086 -·

373 3179 666 3197 -----
689 3140 797 3230 Re)ge
821 3143 1005 3232 constituti,
1030 3163 1103 3212 cum
1127 3143 1299 3230 priuilegio
1324 3143 1497 3212 eorundem

376 3251 440 3322 sibi
455 3251 677 3318 confirmatum
693 3248 880 3334 asserebat,
907 3248 995 3335 quod
1009 3249 1095 3316 idem
1114 3253 1240 3316 Artuna
1255 3250 1289 3316 in
1304 3248 1358 3316 die
1382 3249 1493 3334 proba·

374 3361 486 3442 cionis,
512 3359 636 3428 scilicet
653 3359 687 3425 in
713 3364 831 3427 octava
850 3359 965 3426 Sancti
980 3359 1081 3442 Regis
1095 3395 1492 3408 -------

370 3501 414 3516 -
425 3503 469 3514 -
484 3468 519 3532 iu
534 3467 651 3534 litteris
661 3465 859 3534 Viceiodicis
875 3466 978 3532 nostri
993 3475 1069 3533 ante
1079 3469 1247 3534 memorati
1263 3466 1493 3554 perspeximus,

371 3575 606 3660 comprobauit.
623 3572 748 3651 Quibus
759 3573 926 3660 inspectis,
944 3583 977 3643 ct
989 3574 1166 3642 earundem
1177 3575 1390 3660 continencijs
1401 3575 1492 3642 iidem

372 3681 503 3766 plenam
519 3680 723 3764 adhibentes,
741 3682 849 3768 ipsum
865 3719 909 3730 -
924 3719 969 3730 -
983 3719 1028 3731 -—
1043 3684 1170 3749 Artuna
1185 3701 1223 3748 eo
1239 3681 1318 3762 iure,
1339 3702 1404 3767 quo
1420 3692 1493 3750 ante

371 3788 573 3875 possederat,
600 3789 752 3856 duximus
768 3788 1034 3874 relinquendum
1053 3790 1186 3856 tandem
1203 3808 1274 3855 cunr
1293 3789 1491 3874 iobagioncs‚

370 3893 586 3982 prenominati
611 3896 644 3962 in
666 3905 785 3965 octava
809 3897 911 3964 Beate
935 3896 1081 3983 Virginis
1096 3930 1491 3946 -------

368 4040 413 4053 -
429 4041 473 4053 -
488 4041 533 4052 -
548 4040 593 4053 -
608 4004 707 4090 Regis
724 4005 949 4092 accessissent,
966 4026 1031 4072 una
1048 4025 1120 4072 com
1136 4006 1261 4073 Artuna
1277 4022 1386 4071 coram
1402 4004 1489 4071 nobis

370 4112 546 4196 constituti,
574 4131 612 4179 eo
637 4112 725 4194 quod
749 4112 902 4200 ampliori
926 4113 1110 4180 testimonio
1136 4131 1239 4178 causa
1262 4111 1366 4196 ipsius
1386 4113 1490 4178 confir·

368 4239 456 4285 mare
479 4217 600 4286 debeat
616 4256 1134 4272 —————————
1153 4218 1247 4285 nobis
1263 4217 1325 4284 fuit
1343 4217 1488 4303 debitum,

369 4325 415 4391 ad
430 4324 562 4394 eosdem
575 4325 711 4393 iacimus
727 4326 989 4412 inquisitionem;
1007 4346 1105 4412 super
1122 4347 1185 4411 quo
1195 4324 1296 4411 ijdem
1313 4326 1390 4391 riva
1406 4345 1487 4410 uoce,

368 4431 445 4516 quia
470 4431 553 4500 salso
570 4435 700 4502 tramite
725 4434 901 4519 procedere
926 4454 963 4502 se
988 4439 1318 4519 recognoscentes-
1338 4467 1374 4480 -
1394 4469 1434 4481 -
1447 4469 1486 4484 -—

365 4575 411 4588 -
426 4576 470 4586 -—
488 4575 531 4586 -
546 4576 589 4586 -
606 4540 763 4608 excedere
787 4540 946 4622 nolentes,
963 4557 1073 4606 coram
1099 4535 1193 4605 nobis
1210 4535 1410 4622 sepedictum
1428 4557 1485 4602 mo·

366 4645 535 4711 leudinum
561 4645 646 4714 dioto
671 4647 808 4732 Artena,
836 4653 932 4732 prout
948 4646 1095 4730 decebat,
1122 4644 1155 4710 in
1175 4664 1256 4731 pace
1275 4643 1485 4728 relinquerunt
