3168 5186
581 342 742 443 „es

84 534 179 602 lilios
195 535 335 602 liliorum
350 541 508 621 perpetuo
523 535 765 621 possidendam,
783 538 957 606 tenendam
974 547 1008 608 et
1028 542 1223 612 habendam.

85 642 179 709 Mete
195 644 299 710 eoiam
324 642 429 728 ipsius
445 644 674 728 possessionis,
701 645 786 713 siout
800 647 896 715 nobis
922 647 1010 716 idem
1025 650 1147 736 Symon
1162 651 1223 720 sub

87 752 280 821 testimonio
297 751 440 840 Oapitoli
455 750 631 820 Nitriensis
647 753 803 842 exhibuit,
822 754 891 846 *boo
907 754 1025 822 ordine
1042 755 1222 844 distingun-

85 867 164 926 tur:
189 859 380 945 lnoipiendo
403 858 436 924 in
452 863 545 945 parte
568 858 722 927 orientali
742 861 775 927 in
792 858 956 946 quoddam
972 861 1059 952 (tgy)
1077 872 1185 933 monte
1201 885 1224 930 a

85 967 238 1052 quadam
264 975 352 1035 meta
367 966 456 1034 oiroa
471 966 560 1034 mam
585 967 756 1054 existente,
783 988 846 1054 que
859 978 993 1056 separat
1007 991 1030 1038 a
1043 972 1224 1040 Keleobent

85 1084 126 1147 et
140 1077 271 1164 Dyoby,
297 1083 329 1144 et
345 1073 572 1144 deseendendo
587 1075 630 1142 de
646 1077 718 1161 ipso
734 1083 841 1144 monte
855 1076 889 1144 in
908 1076 1051 1163 quodam
1065 1078 1222 1147 vallioulo

86 1187 213 1253 transit
236 1184 404 1270 quandam
431 1184 519 1252 mam
544 1184 589 1251 ad
604 1183 769 1269 quoddam
784 1209 877 1274 impe,
903 1192 938 1254 et
952 1207 1011 1274 per
1035 1187 1172 1254 eundem
1191 1193 1223 1254 et

86 1316 194 1380 agros
208 1293 314 1362 tendit
338 1292 383 1361 ad
398 1293 486 1361 uiam
502 1294 680 1380 antiquam,
706 1313 805 1380 quam
819 1295 940 1362 transit
963 1295 998 1362 in
1014 1303 1124 1364 monte
1142 1315 1219 1380 qno·

87 1406 191 1492 dam;
207 1403 329 1470 abinde
338 1398 507 1470 deseendit
515 1420 632 1470 uersus
642 1401 757 1469 uillam
766 1401 801 1468 in
816 1402 958 1486 quodam
979 1426 1063 1492 saepe
1077 1410 1111 1471 et
1122 1422 1220 1486 agros

86 1513 184 1582 eirea
198 1513 333 1580 arbores
357 1509 497 1578 frustum
512 1509 601 1600 (tgy)
626 1509 831 1597 prosedendo
857 1510 1006 1596 peruenit
1029 1509 1073 1579 ad
1097 1511 1221 1593 uillam

88 1641 193 1706 quam
218 1619 335 1686 transit
358 1635 417 1704 per
442 1617 668 1702 latitudinem
695 1617 814 1685 abinde
839 1616 872 1684 in
895 1625 991 1704 parte
1016 1618 1223 1688 meridionali

88 1727 200 1798 tendit
215 1725 257 1794 ad
284 1729 427 1792 montem
453 1723 495 1790 ad
520 1723 687 1806 quandam
703 1723 803 1809 viam,
830 1723 886 1792 ubi
913 1724 947 1792 in
972 1726 1114 1812 quodam
1138 1750 1223 1814 mapa

88 1845 145 1906 est
167 1844 264 1921 meta,
290 1835 378 1902 eirea
392 1853 491 1918 quam
516 1833 550 1900 in
566 1831 686 1900 uallem
713 1832 879 1917 quoddam
904 1832 990 1922 (tgy)
1016 1833 1155 1902 fleotitur
1178 1833 1224 1901 ad

88 1963 257 2028 oooasum
283 1951 317 2011 et
330 1939 479 2030 peruenit
502 1939 704 2008 transeundo
730 1940 819 2007 eirea
833 1942 969 2010 arbores
993 1941 1153 2010 fruetuum
1178 1942 1223 2009 ad

89 2054 207 2121 alliam
222 2049 310 2140 (lgy)
327 2050 427 2134 mam,
452 2054 485 2114 et
497 2044 696 2116 transeundo
713 2066 772 2133 per
787 2067 886 2132 agros
910 2046 1079 2116 deseendit
1093 2067 1152 2134 per
1167 2047 1222 2117 sil·

89 2183 182 2246 uam,
199 2160 234 2228 in
249 2179 314 2245 qua
332 2164 382 2225 est
397 2163 485 2225 meta
500 2155 545 2224 ad
560 2153 728 2240 quandam
743 2154 876 2240 vallem,
899 2154 1016 2239 inqua
1032 2154 1120 2221 eirea
1135 2155 1222 2223 mam

89 2276 145 2337 est
161 2275 260 2352 meta,
286 2266 398 2350 ibique
413 2263 554 2331 lleetitur
578 2260 623 2330 ad
640 2261 827 2347 aquilonem
843 2262 877 2329 in
894 2263 950 2329 ria
973 2262 1134 2350 predicta,
1159 2283 1223 2347 que

90 2383 229 2463 separat
244 2374 327 2442 duas
352 2371 448 2441 uillas
462 2372 531 2455 Sag
547 2391 569 2438 a
585 2369 774 2455 Boymuob3
802 2375 837 2436 et
851 2370 885 2436 in
901 2369 1017 2438 eadem
1039 2370 1097 2438 nia
1110 2391 1223 2458 prooe-

91 2484 204 2554 dendo
221 2480 370 2570 peruenit
385 2480 429 2547 ad
446 2478 547 2546 aliam
563 2478 661 2564 niam,
679 2483 712 2544 et
719 2477 921 2545 transeundo
936 2476 1044 2564 ipsam
1063 2477 1225 2546 nioinatnr

90 2597 164 2679 Sag
178 2611 251 2660 eum
267 2591 386 2677 Dyehy
401 2595 435 2656 et
449 2587 633 2673 Boymoeb3
650 2583 772 2652 abinde
787 2583 964 2654 uieinando
980 2585 1099 2670 Dyeby
1114 2605 1224 2654 asoen

93 2703 145 2770 dit
159 2703 303 2768 montem
318 2705 352 2766 ot
366 2695 484 2764 transit
499 2693 587 2762 uiam
603 2693 638 2760 in
655 2693 727 2779 ipso
742 2700 863 2776 monte,
879 2709 943 2776 que
963 2691 1069 2760 tendit
1082 2711 1141 2778 por
1154 2692 1224 2778 pla·

93 2808 214 2876 nioiem
230 2807 330 2891 Regis
345 2803 566 2890 Kyralmeney
582 2800 724 2883 dietam3
750 2797 873 2867 abinde
888 2799 921 2865 in
937 2797 1096 2867 descensu
1119 2799 1225 2867 euius-

94 2917 172 2984 dam
189 2912 359 2982 montienli
374 2909 478 2980 tendit
494 2929 609 2979 uersus
624 2908 739 2976 uillam
754 2908 891 2992 Dyoby;
917 2904 1038 2974 abinde
1056 2904 1225 2974 deseendit

95 3025 139 3094 ad
163 3024 253 3093 niam
268 3040 434 3106 magnam,
458 3024 493 3087 et
511 3037 570 3104 per
594 3016 733 3084 eandem
755 3010 959 3101 procedendo
984 3013 1156 3080 reuertitur
1180 3014 1224 3080 ad

96 3139 217 3204 mamm
232 3128 380 3217 primam.
407 3127 450 3194 Et
466 3131 501 3192 ut
517 3141 656 3213 presens
672 3125 786 3189 nostra
810 3116 949 3185 donaoio
965 3118 1063 3184 robur
1078 3118 1225 3188 obtineat

96 3245 254 3329 perpetue
269 3235 442 3319 firmitatis,
465 3238 636 3319 presentes
652 3229 759 3296 eidem
769 3225 959 3294 Alexandro
975 3224 1124 3293 dedimus
1139 3227 1223 3295 litte

96 3369 152 3417 ras
162 3344 321 3432 dupplioy
330 3343 440 3427 sigillo
450 3344 562 3409 nostro
573 3337 750 3422 sigillatas.
767 3335 889 3401 Datum
897 3352 957 3420 per
966 3351 1082 3400 manus
1092 3333 1225 3402 disordi

96 3457 160 3524 niri
170 3450 320 3537 Magistri
329 3447 483 3534 Farlrasij
495 3443 658 3532 Prepositi
668 3442 824 3510 Albensis
837 3439 949 3508 dileod
965 3444 998 3506 et
1007 3437 1114 3510 fidelis
1123 3441 1226 3509 nostri

95 3583 181 3632 anno
202 3557 333 3627 Domini
353 3554 475 3624 Μ”ΟΟο
490 3553 760 3640 quinquagesimo
786 3556 901 3633 sexto,
927 3546 1040 3634 quinto
1063 3546 1226 3616 kalendas

96 3667 307 3757 Septembris,
323 3665 428 3751 Regni
443 3669 554 3731 autem
568 3660 674 3730 nostri
688 3679 775 3726 anno
792 3656 949 3724 rieesimo
964 3655 1117 3724 seeundo.

96 3868 238 3935 (Eredetie
250 3860 423 3931 bdrhtutyin,
445 3858 555 3928 melyrdl
568 3855 685 3926 alsirdly
698 3857 789 3912 kettbs
808 3852 984 3923 peesetjdnelr
1003 3851 1131 3906 tbreddke
1144 3860 1225 3908 verbs

241 3951 466 4022 selyemasindron
477 3952 552 4018 regg,
565 3965 583 4002 a
594 3950 677 4002 budai
689 3947 740 4000 luit.
754 3947 879 4000 kamarai
892 3938 1083 4010 levdltdrban.)

536 4251 790 4268 ψ
