3186 5188
553 345 711 447 ...ἓξὲ-

44 545 196 606 tororum
227 539 364 607 maiore
388 537 556 608 fidelitatis
572 559 676 627 opero
695 540 790 608 nobis
805 539 961 610 exhibuit.
986 539 1022 608 ln
1041 540 1133 608 cuius
1149 560 1196 608 rs-

45 646 373 731 compensaoionem
396 649 628 732 concessimus,
654 655 689 716 vt
704 654 858 732 omnum,
883 648 970 735 quod
984 649 1018 715 in
1034 654 1123 716 terrs
1137 668 1198 716 sus

47 753 208 820 edificare
227 753 414 842 inceperet,
431 753 561 824 edificet
575 754 695 843 ipsum,
711 765 745 825 st
760 763 827 824 tum
843 757 927 844 lpse,
948 775 1046 842 quem
1061 756 1112 824 sul
1127 775 1200 826 suc·

48 879 201 930 sessores
218 862 360 948 possint
377 870 411 931 et
424 863 560 932 valeant
574 861 608 930 in
624 872 817 951 perpetuum
833 863 1011 952 possidere.
1032 866 1075 932 Vt
1090 871 1199 932 sutem

46 969 142 1037 buius
156 975 287 1045 nostre
312 970 534 1040 concessionis
559 971 663 1041 nrbes
678 971 874 1041 inconcusse
898 973 934 1040 in
949 981 1114 1060 posterum
1131 991 1202 1060 per-

49 1084 204 1164 maneut3
235 1097 305 1148 nec
321 1098 464 1165 vuqusru
482 1079 594 1166 sliquo
620 1099 775 1150 suomsu
790 1087 971 1168 temporum
987 1087 1087 1165 quest
1101 1087 1201 1150 retre-

51 1186 132 1254 ctsri
144 1237 155 1271 ,
183 1187 246 1254 vel
275 1188 312 1255 iu
337 1187 463 1257 irritum
488 1188 656 1274 reuocari,
681 1188 725 1257 cu
743 1190 815 1258 eius
837 1188 963 1256 firmem
987 1187 1200 1256 stabilitatem

50 1301 227 1379 presentes
257 1293 369 1363 sidem
395 1295 619 1365 concessimus
644 1295 773 1366 litterss
799 1295 939 1383 duplicis
964 1296 1068 1384 sigilli
1099 1296 1202 1364 nostri

51 1401 240 1469 munimine
267 1403 452 1474 roboratus.
478 1405 600 1474 Dstnm
623 1423 710 1474 suno
736 1404 867 1474 Domini
883 1402 1004 1472 brom
1020 1403 1202 1492 quadrege-

53 1509 135 1578 mmo
150 1511 319 1598 septimo,
333 1511 556 1598 Regulum
569 1512 672 1582 nostri
688 1531 775 1581 suno
785 1509 989 1597 duodecimo,
1005 1511 1100 1580 nouis
1111 1511 1201 1595 llsji.

58 1710 171 1774 (Rbbsrt
184 1706 302 1776 merely
322 1709 467 1778 kirttynrs
480 1713 629 1780 ,Magister
646 1712 730 1766 Ector
743 1710 815 1764 tilius
827 1709 962 1764 Wltoslou
981 1725 1029 1761 suo
1048 1715 1076 1762 et
1088 1708 1202 1762 Comitis

57 1800 156 1867 Punyk
169 1816 206 1854 ne
220 1802 243 1854 J
245 1802 365 1854 obsnnis
378 1801 427 1869 filij
441 1801 552 1856 Gsrdun
565 1803 677 1855 lustrum
691 1817 801 1854 snorum
814 1803 938 1853 uomins“
952 1797 1076 1852 kbrtsero
1098 1797 1204 1850 lrisdott

61 1890 249 1959 privilsgirulis
275 1889 513 1959 megerostttstbtl
526 1893 644 1956 „Dstunr
656 1909 706 1960 per
718 1905 813 1944 munus
826 1890 936 1943 discreti
950 1891 1001 1940 riri
1013 1889 1138 1954 Magistri
1151 1888 1204 1939 Ls·

61 1978 142 2032 <lirici
152 1981 302 2049 Propositi
312 1981 470 2049 Tytnlensis
480 1982 607 2034 Albensis
617 1980 724 2033 simtu·
735 1981 814 2033 1842.
824 1985 940 2047 „quarto
949 1978 1010 2030 idus
1020 1977 1204 2041 Decembres,

63 2097 97 2109 -
107 2071 245 2138 melynelr
260 2071 382 2126 credetis
391 2069 566 2139 bbrhlrtyln,
585 2086 602 2123 ι
614 2069 709 2138 peccet
720 2068 780 2123 mir
791 2070 930 2134 elvessett,
942 2067 1082 2124 tsltltstilr
1094 2083 1111 2120 s
1123 2068 1205 2120 butiri

446 2165 499 2216 klr.
511 2163 635 2216 hamunt
646 2159 836 2229 levtlttrbsrr.)

512 2449 776 2470 ..ὰ-μ...

613 2933 689 3002 lbl.

86 3131 238 3203 lV.13e‘ta
254 3136 420 3224 luirdlyoak
451 3131 617 3202 Udoarnot
641 3139 720 3200 nost
735 3133 841 3218 soldet
865 3132 1019 3216 trirqpazo
1042 3130 1210 3213 odontdoy-

251 3245 342 3312 leoclc
362 3243 489 3327 Tamen,
505 3243 576 3308 Aba
592 3242 747 3326 oonsesfiu
762 3243 919 3308 szdmdra.
936 3235 1035 3302 1247.

187 3443 275 3510 Bele
289 3441 353 3510 Dei
369 3440 482 3528 grecie
497 3437 676 3524 Huugsrie,
693 3434 875 3521 Dalmseie,
892 3431 1082 3518 Oboroscie,
1099 3431 1210 3513 Romo,

14 3567 20 3586 ·
89 3547 205 3637 Seruis,
221 3549 376 3636 Gallicis,
391 3546 596 3633 Lodomerie,
613 3543 834 3628 Oumsuieque
847 3540 1077 3608 Rexomnibus
1093 3537 1213 3604 Christi

89 3653 232 3727 fidelibus
259 3666 442 3747 presentem
468 3653 624 3744 paginam
649 3651 847 3740 inspecturis
863 3650 1002 3718 salutem
1027 3649 1061 3716 in
1085 3668 1135 3733 eo,
1158 3646 1213 3732 qui

92 3765 144 3833 del
166 3770 306 3839 sulutem
330 3767 486 3852 Regibus.
512 3759 769 3848 Circumspeccio
791 3759 918 3846 Regum
940 3755 1079 3844 prouida
1102 3753 1213 3822 eondi-

92 3875 160 3956 guis
183 3877 317 3964 premiis
343 3875 407 3944 sibi
432 3870 685 3959 obsequentibus
710 3869 759 3938 sic
783 3867 882 3935 debet
896 3883 1074 3950 occurrere,
1100 3869 1135 3930 rt
1157 3863 1214 3945 slij

96 4000 196 4052 sorum
212 3985 363 4073 exemplo
379 3978 549 4071 prouocati
575 3979 619 4046 sd
644 3974 813 4046 fidelitatis
832 3973 942 4042 studia
958 3970 1078 4039 sorcius
1102 3986 1215 4034 eccon-

99 4087 216 4166 tmtur.
234 4095 307 4162 Hac
323 4093 434 4180 itaque
454 4088 721 4158 consideracione
739 4085 874 4170 iudueti,
890 4081 1008 4150 merite
1024 4098 1063 4145 nc
1079 4074 1217 4143 seruicia

98 4197 200 4270 dilecti
224 4210 260 4271 et
284 4200 390 4269 fidelis
414 4196 517 4268 nostri
540 4196 665 4262 'I'homs
691 4191 827 4260 (lomitis
852 4189 911 4275 filij
927 4189 1009 4271 Abs,
1034 4202 1098 4268 que
1122 4180 1217 4248 uobis

101 4325 170 4395 repe
192 4319 224 4379 et
248 4309 361 4398 sepius
385 4307 421 4375 in
441 4303 709 4394 expedicionibus
733 4321 773 4370 sc
798 4298 875 4383 ulijs
900 4293 1073 4363 euentibus
1097 4288 1218 4358 nostris

102 4415 228 4490 fideliter
261 4418 421 4502 exhibuit,
452 4413 638 4483 memoriter
668 4408 866 4492 retinentes,
898 4409 932 4469 ct
953 4397 1220 4468 remuneracione

106 4529 370 4616 maminotum
388 4545 430 4592 ex
445 4521 618 4605 condigno,
645 4537 718 4585 cnm
734 4529 862 4582 omnem
878 4507 1084 4578 slilueuoism
1098 4512 1220 4589 tompo-

106 4633 196 4704 rslen
209 4633 433 4717 transcendet,
459 4627 638 4716 rependere
664 4624 820 4708 volentes,
838 4619 1004 4706 quendem
1019 4625 1143 4684 terram
1162 4613 1222 4678 Os·

145 4771 239 4810 sorus.
256 4769 340 4808 nure.
356 4767 427 4806 msr.
442 4774 477 4784 —
493 4765 564 4800 nm„
580 4755 612 4792 12.
1019 4733 1055 4786 lo
