3168 5186
625 934 724 1020 ,aua

115 1109 203 1174 Buta
219 1111 317 1194 r'tjohb
332 1111 435 1197 lircilp
451 1137 469 1175 u
486 1113 684 1198 ppr'r'rmreppcu'
708 1115 859 1203 kdptoluo
874 1122 904 1179 e'a
918 1123 1043 1204 pupsa'p
1064 1119 1145 1184 lr'r'ztt'
1163 1143 1245 1206 eppe-

271 1219 482 1304 oetlenodqelut
498 1245 516 1283 a
533 1220 648 1285 tt‘zeriel·
664 1225 838 1309 tdrppdborr
855 1227 982 1290 ellole'zr'.
1001 1227 1098 1291 1255.

229 1419 298 1485 Nos
311 1421 390 1486 Bcla
399 1418 462 1485 Dei
473 1419 584 1504 gracia
593 1420 663 1487 Rex
672 1419 838 1505 Hungarie
849 1429 881 1488 et
890 1423 965 1488 Dux
974 1423 1071 1491 Stirle
1081 1425 1244 1509 signitica-

115 1547 194 1594 mus
212 1527 372 1594 uniuersis
383 1527 585 1614 presencium
603 1547 660 1615 per
673 1536 826 1616 tenorem,
839 1531 932 1614 *quod
948 1553 1019 1599 cum
1038 1534 1123 1600 inter
1135 1535 1244 1600 Archi·

114 1637 279 1704 diaconos
297 1637 443 1704 Ecclesie
460 1636 642 1705 Canonicos
658 1635 853 1706 (lentienses
871 1641 913 1706 ab
931 1662 995 1707 vna
1014 1647 1117 1728 parte,
1146 1648 1179 1708 et
1194 1662 1244 1707 sa·

113 1749 270 1818 cerdotes
295 1745 439 1813 eiusdem
465 1747 617 1814 Diocesis
643 1747 832 1815 (leunensis
856 1769 897 1815 ex
927 1751 1032 1816 altera
1064 1740 1243 1835 questionis

114 1855 260 1923 materia
285 1873 382 1940 super
408 1875 552 1940 congrua
577 1856 732 1942 porcione
760 1857 965 1924 sacerdotum
990 1866 1023 1925 et
1048 1857 1243 1943 quibusdam

113 1968 196 2053 aliJs
212 1965 329 2032 fuisset
344 1965 488 2050 suborta,
506 1966 627 2052 etipsa
643 1987 744 2034 causa
760 1967 887 2034 diucius
903 1968 1083 2055 protelata,
1110 1966 1241 2034 tandem

113 2075 244 2163 placuit
259 2073 341 2159 ipsis
357 2072 603 2142 Archidiaconis
628 2085 661 2142 et
678 2075 851 2144 Canonicis
876 2097 915 2144 ac
933 2076 1164 2143 Sacerdotibus
1188 2096 1242 2142 no·

112 2191 221 2252 stram
247 2201 344 2268 super
376 2183 436 2248 hoc
462 2182 702 2251 ordinacionem
735 2195 916 2271 acceptare.
949 2165 1109 2253 Partibus
1130 2185 1241 2269 itaque

114 2315 230 2362 coram
255 2292 351 2359 nobis
382 2294 627 2377 presencialiter
653 2295 854 2380 constitutis,
888 2295 1000 2364 habito
1026 2295 1240 2374 Prelatorum‚

113 2403 309 2489 Principum
326 2409 358 2468 et
373 2401 641 2470 llonsiliariorum
668 2413 850 2472 nostrorum
866 2411 1006 2471 tractatu
1035 2402 1192 2489 diligenti,
1209 2407 1241 2467 et

113 2511 255 2580 consilio
272 2517 305 2577 ct
321 2529 482 2577 consensu
499 2511 696 2578 venerabilis
714 2512 819 2599 patris
836 2513 874 2582 0.
886 2512 1040 2599 Episcopi
1050 2507 1239 2579 Gouriensis

113 2621 227 2689 taliter
243 2619 464 2687 ordinabimus
480 2619 563 2686 inter
579 2627 689 2706 portes
705 2621 788 2709 ipsis
811 2620 1059 2708 acceptantibus
1075 2627 1107 2688 ct
1122 2639 1239 2707 appro-

112 2729 292 2813 bantibus3
320 2725 405 2812 quod
421 2733 538 2813 quarta
554 2737 666 2814 quarte
682 2731 785 2816 partis
811 2731 951 2798 omnium
970 2727 1168 2797 decimarum
1196 2728 1239 2794 ad

113 2836 304 2906 sacerdotes
321 2836 494 2923 pertineat,
519 2844 586 2905 tres
602 2859 678 2906 vero
694 2845 804 2925 partes
820 2836 863 2905 ad
879 2839 1033 2906 Rectores
1058 2857 1117 2905 seu
1136 2837 1239 2923 blagi-

112 2957 201 3016 stros
227 2945 410 3013 Canonicos
440 2946 592 3013 videlicet
617 2947 765 3014 Ecclesie
792 2945 1019 3032 (lathedralis5
1052 2945 1237 3014 oblaciones

111 3064 224 3124 autem
240 3063 273 3124 et
288 3053 502 3124 obucnciones
518 3075 558 3122 ac
573 3055 749 3122 mortuaria
766 3061 798 3122 et
813 3060 922 3122 cetera
947 3055 1071 3121 minuta
1085 3054 1188 3122 libere
1205 3060 1237 3120 st

112 3164 319 3251 integraliter
343 3164 407 3250 ipsi
424 3161 610 3232 sacerdotes
636 3163 826 3249 percipiant,
854 3162 999 3249 exceptis
1024 3161 1236 3249 prouentibus

110 3283 145 3341 et
163 3270 418 3342 obucncionibus
434 3270 528 3338 unius
555 3271 633 3338 festi
650 3271 683 3337 iu
700 3292 796 3358 anno,
821 3271 908 3338 illius
924 3268 1076 3338 uidelicet
1100 3269 1185 3358 festi,
1203 3269 1236 3337 in

112 3383 207 3451 cuius
222 3383 345 3450 honore
355 3379 495 3447 ecclesia
510 3385 561 3445 est
576 3387 769 3468 constructa,
790 3397 871 3465 quas
882 3377 1032 3464 Magistri
1042 3377 1235 3466 percipiant,

110 3513 178 3560 non
192 3496 303 3559 tamen
319 3509 377 3577 per
401 3489 596 3556 submissam
613 3509 786 3574 personam
806 3489 968 3573 laicalem,
994 3487 1053 3555 sed
1069 3509 1129 3575 per
1144 3508 1190 3573 sc,
1207 3489 1236 3556 si

108 3600 259 3684 uoluerit,
286 3599 338 3666 rel
353 3617 413 3683 per
428 3617 521 3665 snum
546 3597 749 3665 sacerdotem
764 3605 820 3666 aut
844 3598 1007 3665 clericum.
1033 3597 1085 3664 Ad
1102 3598 1164 3665 hoc
1177 3599 1235 3666 Ar·

110 3707 297 3777 chidiaooni
314 3725 386 3774 cum
402 3727 495 3774 snam
511 3705 647 3774 visitant
667 3707 866 3794 parochiam,
883 3726 942 3774 sex
958 3704 1149 3790 equitaturis
1169 3705 1236 3773 sint

108 3815 263 3898 contenti,
280 3821 313 3883 ct
327 3815 592 3902 procuracionem
609 3817 710 3882 semel
725 3816 759 3882 in
776 3835 861 3882 anno
878 3815 1047 3901 recipiant,
1069 3820 1101 3881 et
1115 3811 1233 3879 medie-

107 3934 210 3995 tatem
228 3927 309 4011 eius‚
326 3924 413 4009 quod
430 3945 489 4010 pro
505 3922 726 3992 cathedratico
743 3923 888 4012 recipcre
904 3929 1149 4008 consueuerant,
1165 3931 1232 3990 tam

109 4037 151 4103 dc
168 4035 304 4103 matrice
319 4033 469 4118 ecclesia,
490 4053 587 4118 qnam
603 4031 645 4101 dc
660 4035 793 4121 capella
809 4033 975 4121 recipiant,
997 4040 1031 4100 et
1045 4053 1110 4101 non
1134 4030 1232 4116 vltra,

106 4146 150 4213 ah
166 4163 216 4232 eo,
243 4164 264 4209 a
279 4162 342 4231 quc
357 4151 589 4230 procurantur,
615 4144 741 4212 scilicet
757 4143 948 4212 demetrios
970 4143 1112 4210 ecclesia
1137 4140 1229 4207 dimi-

108 4255 197 4322 dium
223 4251 393 4340 fertonem,
421 4251 510 4318 etde
535 4251 664 4338 capella
679 4252 742 4317 tria
767 4250 932 4338 pondera;
957 4251 1000 4317 ab
1016 4269 1054 4316 eo
1074 4255 1193 4336 autem,
1211 4267 1232 4314 a

106 4384 170 4450 quo
187 4361 454 4450 procuracionem
466 4382 530 4428 non
546 4360 715 4446 recipiunt,
733 4358 988 4427 cathedraticum
999 4379 1091 4426 sunm
1102 4359 1230 4442 integre

106 4475 299 4564 percipiant,
317 4470 494 4542 secundum
510 4470 723 4556 quantitatem
739 4475 929 4555 protectam.
947 4469 1028 4535 Item
1041 4467 1228 4535 sacerdotes

106 4591 195 4655 mota
211 4583 381 4671 questione
396 4617 678 4633 -----
696 4577 844 4663 eeclesijs
860 4577 1072 4644 restituantur
1087 4576 1131 4643 ud
1150 4596 1227 4643 suas

106 4694 265 4764 ecclesias
282 4699 313 4762 et
330 4693 488 4764 beneficia
513 4691 601 4779 prius
617 4688 759 4772 obtenta,
787 4685 930 4774 dampna
946 4686 1049 4753 eciam
1075 4683 1227 4752 hincinde

1004 4805 1066 4862 25·
