3210 5194
371 1067 699 1153 Arooldaclameyyci
708 1064 857 1152 fdicpdn,
875 1063 975 1129 elcttt
987 1065 1125 1130 ite'lelere
1136 1062 1366 1149 vccctlcozdlup
1377 1058 1512 1142 Mttetp

371 1185 480 1239 merten
496 1171 649 1238 ellectban
672 1171 827 1259 Wyametlt
843 1169 1033 1236 tirrokcmt
1056 1171 1220 1236 erdaacleos
1235 1170 1445 1256 Mborpotdao
1462 1174 1510 1228 te-

373 1279 538 1346 timeretis
554 1279 736 1366 Epyctkmt
753 1277 1027 1344 tatolmaokodcsi
1041 1277 1235 1345 bilatettcbcn
1255 1275 1509 1358 elmurasatalja.

499 1415 501 1420 ¹
890 1387 988 1452 1239.

478 1579 644 1648 Arnoldus
662 1579 779 1649 (lomes
795 1581 838 1646 de
854 1581 937 1648 Mala
962 1581 1112 1648 omnibus
1128 1578 1248 1649 Christi
1263 1579 1413 1648 fidelibus
1428 1597 1508 1665 pre·

373 1707 448 1756 sens
464 1687 620 1775 scriptum
629 1687 826 1774 inspecturis
843 1691 981 1755 salutem
991 1687 1025 1754 in
1041 1688 1158 1757 salutis
1173 1689 1342 1774 largitore.
1366 1687 1419 1754 Ad
1433 1684 1508 1752 uni-

371 1815 538 1863 uersorum
554 1795 674 1862 Sancte
688 1794 805 1864 Matris
821 1795 969 1861 Eccleeie
993 1795 1134 1863 liliorum
1158 1796 1309 1865 uolumus
1328 1792 1508 1881 peruenire

371 1901 536 1986 noticiam,
563 1904 650 1987 quod
675 1901 771 1990 Opoy
796 1903 908 1971 Banus
934 1902 1040 1972 tocius
1065 1904 1238 1972 Sclauonie
1263 1920 1408 1986 eausam,
1437 1919 1508 1984 que

371 2010 561 2078 uertebatnr
584 2011 669 2078 inter
693 2011 886 2096 Magistrum
912 2010 1105 2079 Michaelem
1129 2010 1264 2079 fratrem
1288 2006 1401 2076 Burad
1417 2007 1506 2075 Bani

373 2135 414 2184 ex
429 2135 496 2183 una
510 2123 606 2204 parte
622 2137 721 2204 snper
736 2117 962 2185 destruccione
988 2117 1093 2204 predij
1110 2120 1165 2186 siti
1179 2119 1265 2186 iuter
1280 2119 1362 2184 duos
1381 2115 1507 2182 fluuios

371 2225 507 2291 Droaha
531 2223 685 2292 uidelicet
695 2232 734 2304 et
748 2224 917 2292 Zuratlrka
941 2226 1072 2293 nomine
1087 2224 1270 2312 Wyametlr,
1287 2232 1320 2291 et
1335 2223 1506 2309 Egyvtkw

372 2331 545 2419 Welclrylr,
563 2333 673 2402 Othok
690 2353 730 2401 ae
755 2342 968 2419 cognatorum
994 2334 1170 2402 eorundem
1195 2355 1236 2402 ex
1251 2335 1366 2421 altera,
1390 2338 1509 2402 nostre

372 2441 553 2509 transmisit
578 2443 743 2509 sentencie
769 2443 988 2528 iudicandam,
1016 2443 1231 2512 ordinandam
1257 2450 1289 2511 et
1303 2443 1378 2530 paci
1402 2441 1505 2509 refor—

372 2550 536 2617 mandam.
552 2549 622 2619 Nos
638 2549 738 2635 igitur
747 2551 895 2619 uolentes
907 2570 1042 2618 causam
1052 2559 1138 2619 terre
1152 2551 1303 2639 inprimis
1317 2549 1504 2636 exquirere,

372 2656 416 2723 ed
430 2663 552 2724 terram
579 2656 802 2744 supradictam
829 2659 1037 2742 accessimus,
1063 2659 1256 2728 descensum
1281 2657 1441 2726 iacientes
1465 2657 1504 2722 in

371 2762 470 2832 domo
494 2765 679 2847 Petruulov‚
705 2764 894 2832 conuocatis
917 2766 1066 2832 omnibus
1082 2767 1315 2835 commetaneis
1334 2771 1367 2832 et
1388 2783 1506 2851 parro-

372 2870 509 2958 chianis,
526 2879 559 2939 et
574 2872 724 2939 omnibus
742 2872 819 2957 aliJs
835 2873 916 2940 uiris
931 2872 1070 2960 ydoneis
1087 2879 1119 2940 et
1133 2871 1299 2941 nobilibus
1322 2869 1504 2939 circumad-

370 2978 565 3062 insentibus,
590 2978 754 3046 uoluimus
780 2997 914 3047 eausam
939 2978 1163 3066 supradictam
1189 2978 1344 3062 iudicare,
1365 2978 1504 3046 interro·

373 3094 490 3170 gantas
513 3085 707 3171 Magistrum
730 3086 935 3172 Michaelem,
961 3088 1103 3172 qualiter
1128 3095 1249 3155 terram
1274 3084 1504 3173 supradictam

371 3191 584 3280 possedisset.
603 3192 666 3270 Qui
683 3191 778 3280 dixit,
796 3211 832 3260 se
847 3193 918 3261 inre
934 3194 1366 3281 empcionispossessionem
1382 3210 1504 3260 meme

371 3308 476 3368 ratem
493 3300 700 3386 possedisse;
718 3308 752 3368 et
767 3319 865 3386 super
880 3300 942 3370 hoe
958 3301 1088 3370 litteras
1104 3302 1328 3388 priuilegiales
1346 3299 1504 3367 Illustria·

375 3407 450 3475 simi
466 3407 502 3473 B.
514 3408 578 3474 Dei
593 3409 705 3496 gracia
715 3407 816 3492 Regis
834 3409 1011 3494 Hungarie,
1031 3415 1064 3476 ct
1073 3409 1216 3495 Capituli
1225 3406 1504 3495 Wesprimiensi,

374 3531 515 3580 necnon
531 3520 563 3580 et
578 3512 736 3599 Episcopi
752 3512 898 3581 eiusdem
913 3517 976 3583 loci
992 3515 1189 3594 venerabilis
1212 3515 1316 3601 patris
1331 3510 1503 3598 exhibuit,

373 3637 455 3705 quas
465 3641 526 3688 nos
541 3621 575 3686 in
592 3619 764 3705 presencia
773 3622 915 3688 omnium
930 3623 977 3688 ibi
992 3624 1216 3708 existencium,
1238 3630 1271 3688 et
1285 3621 1319 3688 ln
1328 3618 1504 3708 presencia

371 3728 528 3815 Egyvtlrv
552 3747 592 3794 ae
617 3735 830 3812 cognatorum
855 3730 1010 3814 eiusdem,
1038 3732 1128 3798 etin
1153 3730 1325 3818 presencia
1348 3727 1502 3815 pristaldi

370 3835 652 3904 Excellentessimi
669 3833 705 3901 Ο.
722 3834 833 3922 Regis,
851 3837 953 3905 Ducis
971 3839 1075 3906 tocius
1091 3837 1276 3920 Sclauonie,
1300 3834 1431 3904 nomine
1447 3835 1502 3900 Al·

370 3943 453 4013 berti
479 3943 521 4012 de
535 3943 615 4010 villa
631 3942 742 4009 Sancti
758 3941 893 4029 Georgij
908 3965 968 4030 pro
985 3965 1036 4029 eo,
1053 3965 1117 4030 quo
1134 3945 1240 4011 dictus
1255 3944 1294 4010 Ε.
1312 3951 1345 4010 et
1366 3942 1502 4026 cognati

371 4052 422 4120 sui
446 4059 567 4119 terram
591 4050 736 4137 ipsorum
762 4050 795 4116 in
821 4051 881 4117 illa
906 4058 995 4118 terra
1018 4073 1078 4138 per
1094 4052 1287 4136 Magistrum
1305 4049 1502 4116 Michaelem

369 4160 530 4227 uiolenter
554 4163 719 4242 receptam
735 4176 810 4223 esse
827 4155 991 4242 dicebant,
1019 4159 1119 4225 uerbo
1137 4158 1180 4224 ad
1200 4157 1336 4223 uerbum
1360 4156 1501 4222 fecimus

370 4266 517 4353 perlegi,
534 4286 616 4350 quas
633 4284 707 4330 eum
724 4264 829 4333 omnis
840 4265 1012 4332 multitudo
1029 4285 1094 4332 una
1109 4285 1182 4331 cum
1196 4263 1279 4348 ipsis
1291 4264 1328 4328 Ε.
1345 4261 1501 4330 uidelicet

371 4382 403 4441 et
419 4374 568 4458 cognatis
594 4375 665 4442 eius
679 4373 868 4456 audiuisset‚
885 4374 1158 4460 interrogauimus
1183 4371 1324 4456 eosdem,
1351 4371 1380 4437 si
1395 4371 1501 4453 Magi·

370 4491 436 4550 ster
448 4483 532 4551 iuste
557 4489 589 4549 et
604 4483 748 4566 legitime
774 4482 867 4548 illam
883 4487 1003 4548 terram
1028 4481 1240 4566 possedisset,
1267 4486 1298 4545 et
1320 4477 1501 4562 priuilegia

370 4593 515 4676 perlecta
531 4597 640 4660 essent
664 4591 750 4656 iuste
766 4595 799 4656 et
813 4589 959 4672 legitime
973 4591 1105 4656 collata.
1130 4587 1194 4666 Qui
1208 4586 1242 4653 in
1257 4586 1347 4653 nullo
1363 4584 1500 4670 priuile-
