3210 5194
97 1077 201 1142 Diues
214 1077 321 1143 nctdor
342 1078 442 1144 Urias
452 1077 688 1163 punaonbcbmu‘
703 1079 847 1164 aposuak
866 1078 1006 1146 turam
1023 1079 1137 1164 Kuycr
1149 1079 1230 1166 belp-

97 1189 149 1272 είς
174 1187 510 1272 birtoituisaonyat'cclt
532 1186 693 1253 reuocat
717 1185 894 1273 corppubau
918 1187 1103 1256 ictdzkedilt.
1134 1189 1231 1254 1239.

216 1382 402 1468 Dionysius
428 1380 492 1450 Dei
516 1382 629 1466 gracia
653 1381 824 1451 Palatinus
851 1389 884 1448 at
908 1379 1024 1451 Comes
1048 1384 1090 1451 dc
1115 1383 1231 1452 Zonuk

99 1490 254 1560 omnibus
271 1495 444 1577 presentes
466 1488 592 1557 litteras
608 1488 802 1577 inspecturis
818 1490 958 1557 salutem
974 1491 1141 1560 inuolutis
1157 1512 1231 1559 auo-

96 1605 183 1666 torc.
204 1596 441 1665 Vniuersorum
457 1595 577 1664 noticia
591 1602 705 1665 tonorc
719 1597 926 1682 presencium
944 1595 1096 1666 duximus
1111 1600 1230 1685 signid-

96 1705 254 1792 candum,
269 1705 359 1790 quod
374 1703 578 1772 VrosAbbas
594 1704 707 1772 Sancti
718 1703 848 1772 Martini
865 1704 907 1771 de
921 1705 1091 1774 Pannonia
1111 1707 1155 1774 ad
1171 1725 1231 1775 nos

97 1814 276 1901 accedens,
302 1811 466 1882 hominem
483 1810 547 1880 sibi
572 1811 616 1878 ad
632 1810 852 1900 separandam
867 1819 986 1880 terram
1010 1833 1104 1880 suum
1120 1820 1154 1880 et
1168 1815 1232 1900 syl·

97 1941 179 1988 naun
194 1921 231 1989 iu
247 1921 329 1988 uilla
343 1921 459 2008 Kayar
474 1919 668 1988 existentem
683 1939 704 1986 a
719 1919 850 2006 populis
866 1917 1011 1988 eiusdem
1029 1920 1109 1987 ville
1122 1929 1231 2007 postu·

95 2031 205 2116 lauit;
231 2049 297 2116 quo
313 2036 460 2116 accepto,
476 2049 550 2098 cum
565 2028 608 2096 cd
624 2029 731 2115 ipsum
746 2034 867 2096 terram
891 2028 1140 2114 disiungendam
1156 2051 1231 2099 von-

93 2145 166 2206 tnm
184 2137 313 2223 fuisset,
329 2135 478 2206 homines
493 2135 581 2204 dicte
596 2135 686 2220 ville,
712 2135 796 2203 sicut
811 2136 907 2205 nobis
923 2135 1129 2223 postmodum
1148 2138 1230 2206 ralu-

93 2251 169 2312 tum
186 2252 249 2329 ost,
266 2243 512 2331 prohibuerunt.
537 2243 601 2321 Qui
616 2263 689 2310 cum
704 2243 796 2312 citati
812 2241 960 2328 tuissent,
981 2246 1230 2316 contradictum

92 2353 342 2440 responderunt
356 2352 519 2420 Abbatanu
534 2351 569 2418 in
585 2351 670 2420 hunc
685 2351 839 2420 niodum:
860 2353 948 2437 quod
963 2352 1062 2420 nichil
1077 2354 1180 2441 partis
1195 2355 1230 2422 in

94 2470 191 2532 terra
205 2461 262 2528 uel
278 2460 378 2546 sylua
392 2460 537 2544 haberet,
562 2465 672 2547 preter
686 2468 817 2545 terram,
834 2459 870 2528 in
885 2480 950 2545 qua
965 2461 1076 2530 Pouca
1093 2463 1230 2530 clericus

94 2578 130 2644 ct
145 2572 202 2639 sui
218 2569 411 2640 residebant
425 2568 566 2656 cognati,
582 2589 664 2655 quos
680 2569 834 2638 dicebant
852 2569 975 2638 dictum
989 2572 1150 2639 Abbatem
1168 2573 1230 2640 sub

94 2680 233 2750 nomine
241 2677 329 2764 juris
355 2697 414 2746 suo
429 2676 578 2746 Ecclesie
593 2677 743 2746 retinere.
767 2676 879 2745 Abbas
896 2698 972 2745 vero
995 2686 1028 2747 et
1042 2678 1161 2748 tratres
1179 2681 1230 2746 sui

94 2787 263 2873 Pcukam,
280 2791 313 2854 et
327 2786 462 2854 fratrem
476 2805 571 2854 suum
586 2787 716 2855 nomine
730 2785 826 2874 Pous,
843 2794 877 2854 et
890 2805 967 2855 suos
983 2793 1142 2872 cognatos
1153 2787 1230 2856 Gor-

95 2896 242 2979 uasium,
269 2894 464 2964 Micbaolom
487 2901 522 2962 ct
544 2895 782 2980 Lauroncium,
808 2893 978 2963 libertinos
1001 2915 1060 2963 suc
1082 2895 1230 2964 Ecclesie

96 3006 266 3074 instanter
281 3004 483 3072 asserebant.
509 3002 620 3072 Pouca
633 3022 712 3072 uero
727 3007 760 3069 ot
778 3002 830 3070 sui
845 3001 977 3087 cognati
1002 3022 1038 3070 sa
1052 3003 1174 3070 liberos
1198 3011 1230 3070 ct

97 3112 416 3200 propriauoluntate
426 3129 499 3178 cum
515 3130 575 3178 sua
590 3117 689 3195 terra,
706 3109 922 3194 quinquginta
930 3107 1055 3174 scilicet
1064 3109 1229 3194 jugorum,

97 3219 301 3288 monasterio
326 3218 492 3288 antedicto
517 3235 553 3288 sc
578 3217 765 3287 subdidisse
789 3216 1007 3285 affirmabant.
1039 3215 1108 3284 Nos
1130 3218 1231 3302 igitur

97 3329 226 3396 auditis
241 3334 311 3394 tuum
326 3325 477 3413 Abbatis,
493 3346 591 3411 qnam
605 3330 714 3396 Pouce
729 3333 762 3394 ct
777 3345 908 3393 suorum
927 3329 1138 3409 cognatorum
1152 3326 1230 3394 alle

97 3435 311 3522 gacicnibus,
336 3435 464 3522 utrique
488 3436 575 3522 parti
598 3434 641 3502 ad
666 3455 760 3503 suam
783 3435 987 3522 probandam
1011 3434 1229 3504 assercionem

97 3549 203 3612 tcstes
228 3543 433 3630 producendi
457 3542 630 3612 terminum
657 3542 908 3630 assignabimus.
935 3546 1049 3615 Abbas
1073 3543 1171 3629 igitur
1197 3551 1230 3612 et

95 3652 232 3736 fratres,
258 3652 401 3720 Pouoam
417 3659 450 3720 ct
465 3673 542 3720 suos
559 3640 728 3738 cognatos,
755 3653 932 3739 aqucdam
953 3654 1085 3723 domina
1099 3653 1230 3723 nominc

96 3760 304 3845 cuekqvend
319 3767 515 3829 testamento
532 3761 679 3829 ciusdem
695 3760 835 3846 domine,
857 3762 943 3848 quod
957 3764 992 3829 in
1007 3783 1138 3831 camera
1154 3765 1230 3830 Juu·

94 3869 219 3936 niensis
235 3867 385 3936 Ecclesia
409 3867 519 3938 iuerat
534 3869 728 3956 depositum,
755 3877 788 3937 ct
802 3870 941 3938 aliorum
966 3890 1064 3955 quam
1087 3869 1229 3956 plurium

93 3976 289 4046 testimonio
299 3976 529 4065 libertinorum,
542 3977 687 4045 eiusdem
697 3978 884 4064 monasterij
895 3979 1136 4047 condicionatos
1146 3995 1229 4044 com-

93 4084 263 4173 probauit.
290 4084 401 4152 Ponca
417 4083 522 4152 eciam
539 4092 572 4151 et
587 4085 639 4152 sni
654 4085 799 4169 cognati,
824 4085 964 4152 testibus
980 4084 1097 4170 quibus
1117 4091 1228 4170 potuc·

95 4200 184 4280 rant,
202 4213 240 4260 se
249 4192 371 4262 liberos
383 4193 451 4260 fore
467 4193 696 4280 probauerunt.
717 4193 786 4262 Nos
801 4192 901 4278 igitur
915 4191 1035 4261 auditis
1046 4190 1228 4278 responsio-

93 4291 194 4369 nibus
210 4300 345 4368 testium
361 4299 509 4386 parcium
524 4304 741 4386 utrarumque,
762 4301 840 4368 licet
854 4299 1075 4367 testimonium
1090 4295 1229 4364 Abbatiu

90 4418 184 4480 cusat
207 4406 458 4494 acceptabilius,
483 4413 516 4476 at
532 4427 635 4476 causa
657 4427 716 4494 per
731 4407 793 4476 hoc
816 4407 985 4474 terminari
1000 4411 1128 4492 posset3
1152 4425 1224 4492 pro-

91 4525 168 4604 pter
185 4517 346 4584 maiorem
371 4520 482 4582 tamen
497 4515 683 4600 cautellam,
709 4522 742 4582 et
753 4515 920 4601 justiciam
938 4511 1225 4598 abundanciorom,

91 4625 136 4692 de
152 4623 292 4693 testibus
307 4621 450 4690 abbans
467 4629 532 4691 tres
547 4623 694 4694 homines
713 4647 720 4689 ι
736 4623 811 4708 Apa
827 4621 996 4706 Comitem,
1013 4620 1227 4709 Ipolitum-da
