3252 5198
620 339 773 441 „ik

118 537 152 596 et
176 530 341 615 fenetum3
369 535 492 598 terram
516 551 594 600 uero
611 533 705 601 noso
730 535 774 603 ad
790 537 940 607 Castrum
964 543 1135 628 Golguocn
1161 551 1259 635 perti·

116 645 261 724 nentem,
278 639 324 705 ad
340 645 416 707 octo
427 647 538 707 aratra
552 641 775 731 sufficientem,
793 654 826 714 et
841 649 986 717 sonetum
996 652 1029 718 in
1045 657 1258 740 septuaginta

115 745 300 833 iugeribus,
326 753 360 814 et
376 748 539 833 piscinam
564 769 636 817 oum
661 753 733 823 loco
749 755 925 842 piscature,
950 760 1039 844 quod
1062 763 1161 846 uulgo
1181 777 1255 832 totu

116 851 251 938 dieitur,
268 861 302 920 et
316 853 460 923 insulam
485 877 686 926 communem
702 881 775 930 curn
793 865 868 932 aliis
884 868 1005 952 multis,
1030 869 1085 936 ubi
1103 879 1179 939 sunt
1194 875 1256 940 vir·

114 960 222 1047 gulta,
241 967 275 1028 et
288 961 408 1048 viginti
420 971 545 1050 septem
562 965 625 1052 piri
642 968 804 1038 silvestris
821 975 967 1057 arbores,
986 978 1028 1044 ab
1044 977 1113 1045 illis
1129 957 1254 1050 casoto
1334 1052 1338 1062 ,

113 1075 277 1152 exemtus,
305 1067 414 1136 eidem
430 1071 578 1138 Ecclesia
593 1075 800 1163 contulimus,
826 1081 896 1146 iure
911 1089 1068 1168 perpetuo
1085 1087 1252 1170 possiden-

113 1181 188 1248 das.
215 1179 261 1244 Vt
274 1177 375 1262 igitur
391 1178 488 1244 huius
504 1187 612 1247 nostre
629 1186 850 1254 concessionis
866 1191 965 1256 series
986 1192 1083 1258 salua
1098 1197 1131 1258 et
1145 1195 1253 1261 incon·

113 1306 216 1354 cussa
232 1292 445 1371 permaneat;
468 1295 653 1371 presentem
673 1291 830 1375 paginam
849 1295 1011 1382 dupplicis
1027 1298 1130 1383 sigilli
1148 1302 1252 1370 nostri

111 1395 294 1462 munimine
310 1393 464 1460 duximus
480 1395 707 1464 roborandam.
733 1401 855 1468 Datum
870 1403 904 1469 in
920 1405 1058 1474 Zonlom
1084 1426 1169 1476 anno
1186 1409 1251 1476 Do·

110 1504 230 1568 minine
255 1500 507 1569 incarnacionis
533 1504 708 1573 millesimo
734 1508 957 1580 ducentesimo
973 1513 1138 1582 tricesimo
1154 1517 1251 1604 septi·

111 1633 172 1694 mo,
198 1609 305 1676 tercio
333 1607 461 1675 decimo
487 1608 647 1678 kalendas
664 1612 866 1682 Decembris.
892 1617 998 1702 Regni
1018 1625 1127 1688 autem
1147 1625 1251 1690 nostri

108 1741 194 1788 anno
212 1717 330 1784 tercio.

338 1919 448 1986 (Knaus
462 1919 580 1986 Nindor,
594 1925 711 1990 Megyar
723 1924 789 1976 Sion
801 1927 840 1976 11.
854 1927 912 1978 ker.
925 1929 987 1977 teo.
1001 1926 1030 1994 1.)

544 2226 808 2239 ———-—

648 2715 704 2783 21.

105 2913 166 2980 11⁷.
184 2913 268 2978 Bora
285 2911 397 2997 kirtly
411 2933 431 2974 a
449 2909 570 2975 Garum
586 2910 713 2978 ramses·
736 2935 778 2977 az.
794 2912 942 2982 bmedalci
964 2927 1131 2981 monostort
1145 2941 1167 2981 a
1182 2920 1240 2984 Ζό·

108 3023 209 3110 lyomi
227 3020 368 3108 scirpos
384 3017 538 3084 elleneben
553 3019 663 3084 tdrom
679 3019 853 3108 tdyscpoot
864 3025 948 3110 juro
967 3023 1242 3090 namtas-madeat

428 3125 614 3191 br'rtolttiban
627 3129 815 3214 asportari.
837 3131 935 3194 1237.

215 3323 299 3390 Bela
314 3321 377 3388 Dei
402 3322 515 3404 gracia
530 3322 708 3407 Hungario,
724 3322 905 3409 Dalmaoie,
926 3319 1095 3408 (inmania,
1121 3324 1235 3408 Reme,

104 3431 232 3517 Seruis,
250 3430 400 3513 Galliae,
416 3427 842 3514 LodomerieOumanieque
861 3431 941 3514 Rex,
952 3429 1101 3497 omnibus
1119 3428 1238 3497 Christi

103 3539 260 3606 fidelibus
286 3536 443 3623 paginam
467 3541 653 3623 presentem
672 3536 869 3622 inspecturis
889 3539 1027 3604 salutem
1044 3539 1078 3604 in
1093 3557 1171 3604 uero
1187 3557 1237 3604 sa

103 3647 217 3732 iutarj.
233 3648 295 3728 Ea,
312 3663 376 3730 que
390 3643 535 3728 legitime
550 3644 750 3730 ordinantur,
776 3644 869 3712 firma
885 3645 1005 3713 debent
1021 3655 1054 3714 et
1076 3651 1235 3733 perpetua

104 3771 318 3840 permanere;
336 3759 369 3817 et
383 3771 425 3818 ne
439 3751 473 3817 in
488 3752 633 3818 redicine
645 3751 826 3836 questionis
837 3754 1022 3839 scrupulum
1038 3755 1234 3838 relabantur,

103 3861 305 3928 authoritate
322 3861 426 3943 Regia
451 3861 601 3925 conuenit
630 3861 797 3945 comunirj.
824 3861 910 3928 Hine
926 3868 986 3944 est,
1003 3862 1090 3945 quod
1111 3861 1155 3927 ad
1170 3861 1236 3926 vni·

103 3987 273 4035 uersornm
298 3966 454 4033 noticiam
479 3966 595 4031 harum
620 3973 730 4034 tenore
757 3968 905 4036 uolumus
930 3967 1118 4053 peruenire,
1151 3969 1238 4050 quod

100 4075 335 4145 accedentibus
352 4073 395 4138 ad
410 4075 614 4159 presenciam
630 4085 775 4143 nostram
792 4078 919 4144 Abbate
935 4084 967 4143 et
985 4077 1153 4143 Ganuenta
1168 4077 1233 4142 Mo·

100 4185 238 4269 nasterij
255 4184 368 4251 Sancti
385 4183 553 4250 Benedicti
579 4181 620 4249 de
637 4186 759 4269 Graue,
786 4206 922 4270 grauem
939 4183 1123 4252 eorumdem
1149 4201 1233 4249 rece·

100 4295 209 4381 pimus
225 4292 464 4380 querimoniam
481 4299 593 4360 contra
608 4292 767 4360 Comitem
789 4302 935 4361 nostrum
951 4294 991 4359 de
1007 4293 1121 4358 Zolum
1136 4311 1234 4377 super

96 4425 149 4488 eo,
167 4404 255 4490 quoti
272 4403 361 4469 idem
377 4401 512 4466 terciam
528 4407 653 4485 partem
670 4402 781 4468 tributi
798 4401 839 4468 de
856 4402 960 4467 tribus
975 4401 1083 4485 uillis,
1111 4401 1232 4467 Genne·
1251 4455 1255 4468 ,

98 4514 161 4578 cha
186 4509 325 4592 scilicet,
353 4505 526 4574 Gelednek
551 4514 584 4572 et
599 4505 735 4592 Oristur,
762 4505 806 4572 ad
829 4507 974 4591 ipsorum
998 4505 1232 4572 monasterium

97 4619 325 4703 pertinentem,
354 4613 527 4681 occasione
542 4613 682 4679 duarum
698 4613 844 4700 parcium
867 4611 1013 4679 eiusdem
1028 4611 1150 4695 tributi,
1168 4632 1234 4697 que

141 4774 242 4812 nom.
259 4773 345 4812 nuso.
361 4769 431 4806 urar.
451 4778 487 4790 —
507 4767 577 4803 nuru.
589 4757 623 4798 tt.
1050 4749 1068 4803 3
