3168 5186
863 878 941 950 821.

332 1079 489 1151 11⁴3AEst
503 1082 606 1169 titiis
621 1081 721 1169 Herm
736 1084 768 1148 u
785 1077 986 1168 01111111,
1003 1103 1018 1145 a
1034 1106 1056 1146 a
1072 1077 1189 1146 nara-r
1204 1077 1264 1144 err
1289 1075 1360 1141 ms·
1380 1073 1475 1160 josu-

546 1191 665 1280 19μαῦ,
680 1189 796 1258 Karka
812 1188 994 1258 birtelru‘ban
1009 1185 1194 1276 unquenti.
1213 1185 1310 1252 1257.

441 1385 523 1454 Bele
538 1387 599 1455 Dei
616 1385 728 1473 grseie
746 1386 926 1474 Huugarie‚
941 1384 1125 1467 Dulmseie,
1150 1383 1318 1468 Orouueie
1344 1383 1466 1447 Reme
1468 1445 1479 1480 ‚

301 1558 306 1566 .
333 1491 458 1578 Seruis,
475 1493 625 1580 Gallicis,
640 1493 834 1564 Ludomeris
849 1493 1072 1580 Oumuuieqne
1083 1492 1154 1562 Rex
1168 1489 1318 1561 omnibus
1334 1506 1475 1576 presen-

333 1608 383 1669 tes
399 1601 527 1670 litteras
543 1601 737 1690 inspecturis
764 1602 903 1671 sulutem
927 1603 962 1668 in
987 1600 1130 1670 omnium
1155 1599 1331 1670 salusture.
1355 1594 1477 1664 Exeel-

335 1710 444 1778 lenuis
467 1710 573 1798 Regia
599 1709 778 1793 inuigilsns
803 1708 958 1797 remedijs
983 1707 1184 1796 singulorum
1208 1706 1293 1774 solet
1317 1705 1478 1773 alienate

334 1817 455 1886 iniuste
469 1819 503 1886 in
529 1823 650 1888 statum
675 1819 849 1904 pristinum
865 1836 1037 1904 reuueure;
1062 1815 1142 1902 quin
1165 1815 1250 1884 sium
1274 1811 1397 1881 iustum
1424 1818 1480 1882 est

336 1931 467 2012 optentu
479 1925 626 2011 legitime
646 1926 858 2013 eomfirmare,
881 1926 931 1995 sie
948 1924 1317 1993 estreeioniuonsouum
1326 1919 1481 1988 alienatur

337 2032 483 2102 indebite
497 2033 531 2100 in
545 2040 667 2104 statum
683 2033 829 2103 (lubitum
844 2053 1009 2104 tenueere.
1026 2032 1170 2101 Proinde
1183 2031 1228 2101 ud
1243 2031 1477 2099 uniuersorum

340 2141 493 2210 noticiam
518 2149 630 2212 tenore
654 2145 858 2233 presencium
881 2143 1032 2214 uolumus
1057 2141 1250 2232 peruenire,
1283 2135 1370 2227 qnod
1398 2155 1478 2204 eum

336 2258 412 2337 post
428 2270 592 2321 recessum
606 2253 818 2322 'Perturorum
833 2273 893 2339 pro
908 2249 1102 2320 renueundis
1117 2251 1242 2318 iuribus
1258 2247 1361 2316 (taetri
1377 2243 1476 2314 inde·

337 2359 406 2428 bite
429 2359 584 2429 alienatis
608 2367 793 2450 pestutum
818 2361 967 2445 Regnum
990 2367 1136 2430 nostrum
1161 2359 1310 2427 diuersos
1343 2355 1481 2424 indieee

338 2467 549 2556 misissemus,
564 2469 647 2538 inter
661 2473 771 2538 cetere
785 2469 871 2537 tilius
885 2468 1001 2556 Heym,
1015 2476 1048 2538 et
1063 2467 1148 2536 tilios
1171 2465 1299 2552 (theyd,
1323 2483 1361 2532 ee
1389 2463 1480 2530 alius

339 2581 518 2660 conguetos
533 2595 645 2646 eorum
660 2575 701 2645 sle
716 2575 798 2646 uillu
813 2575 913 2644 Zeleh
929 2575 969 2646 de
986 2574 1149 2646 comitutu
1159 2573 1358 2657 Zelediensi,
1367 2572 1428 2658 qui
1440 2591 1479 2638 se

339 2682 382 2752 de
396 2684 625 2769 integionibus
641 2685 751 2754 (taetri
767 2684 972 2755 Zetudiensis
990 2685 1167 2754 translatos
1183 2703 1255 2753 esse
1280 2680 1479 2751 asserebant

340 2790 558 2861 innumerum
574 2793 801 2881 seruieneium,
817 2793 850 2861 in
876 2793 1068 2878 iubagienes
1091 2792 1199 2861 Oustri
1223 2789 1371 2862 duximus
1396 2788 1476 2856 reli·

342 2898 478 2987 gendos.
494 2899 560 2980 Qui
577 2901 670 2970 nubis
684 2899 889 2990 postmodum
905 2901 1119 2988 suplieurunt,
1137 2899 1224 2985 quod
1239 2917 1311 2966 eum
1327 2897 1392 2984 ipsi
1409 2915 1478 2962 nen

339 3007 483 3076 habeant
498 3012 618 3077 terrem
644 3007 865 3094 sufficientem,
889 3011 923 3078 in
947 3031 1014 3096 quu
1037 3009 1163 3096 possint
1188 3008 1306 3075 (taetro
1330 3005 1478 3073 seruicia

340 3115 501 3202 exhibere,
525 3122 645 3185 terrum
670 3117 813 3204 ipsorum
837 3117 1089 3204 hereditarium,
1114 3137 1214 3204 quum
1236 3115 1359 3185 hubent
1383 3115 1481 3184 iuxta

340 3223 465 3311 Karka,
482 3244 545 3309 que
559 3225 692 3311 quidem
708 3225 821 3296 Castro
837 3234 915 3294 tune
928 3225 1036 3296 fueret
1061 3226 1239 3311 assignem,
1263 3242 1337 3291 eum
1359 3243 1397 3292 se
1424 3243 1479 3310 ge·

340 3333 456 3400 rebant
469 3332 600 3402 nemine
615 3333 843 3416 seruieueinm,
856 3337 905 3403 eis
919 3331 1055 3404 reddere
1070 3333 1292 3420 dignaremur.
1316 3331 1384 3400 Nus
1411 3331 1477 3418 igi-

340 3445 393 3505 tur
405 3435 549 3524 ipserum
565 3440 718 3526 precibus
734 3440 891 3528 inclinati,
916 3440 1013 3508 Obuk
1038 3440 1193 3528 Magistro
1218 3437 1477 3508 Teuamieorum

342 3552 529 3615 nostrorum
546 3547 664 3616 comiti
678 3549 879 3638 Zutadiensi
895 3550 1104 3620 etFelieiuno
1114 3551 1284 3636 Prepesite
1295 3549 1476 3638 Ouioeensi,

342 3652 589 3738 inquisitoribus
602 3675 660 3726 seu
677 3657 909 3747 iudicibusper
924 3679 983 3728 nos
994 3657 1160 3747 deputetis
1178 3655 1370 3727 dedimusin
1381 3679 1474 3726 mun-

349 3759 447 3848 detis,
462 3761 548 3848 qued
564 3782 662 3851 super
678 3771 766 3834 terre
779 3764 923 3853 ipsorum
949 3766 1149 3837 hereditarie
1173 3764 1376 3852 inquirerent
1400 3765 1476 3833 ‹iili-

344 3869 479 3954 geneius
505 3871 684 3960 ueritatem,
709 3881 742 3942 et
765 3874 923 3961 inquisitu
946 3876 1085 3945 ueritum
1109 3881 1230 3944 terrum
1256 3873 1402 3962 ipsorum
1427 3871 1478 3944 eis

342 3975 519 4047 redderent
535 3978 668 4049 iusticie
681 3979 855 4052 mediante.
871 3981 975 4053 lidem
990 3989 1100 4052 eutem
1126 3983 1186 4068 filij
1213 3981 1330 4072 Herm,
1357 3985 1392 4048 et
1418 3979 1476 4066 filij

346 4085 470 4172 Cheyd,
496 4107 536 4156 au
560 4087 703 4176 ipserum
728 4093 869 4180 cognati,
893 4092 1021 4162 litteras
1038 4092 1197 4163 dictorum
1213 4090 1365 4180 Magistri
1383 4085 1476 4156 (thuin

344 4199 376 4263 et
391 4193 550 4266 Felieieni
565 4198 727 4286 Prepesiti
743 4199 804 4268 sub
819 4201 1035 4288 pendentibus
1050 4201 1173 4287 sigillis
1189 4219 1289 4288 super
1303 4205 1394 4267 terra
1417 4215 1476 4264 suu

343 4303 552 4394 hereditaria,
580 4326 644 4390 que
668 4313 718 4376 est
741 4327 800 4395 per
825 4309 968 4397 preiutus
992 4309 1187 4394 Magistrum
1212 4313 1246 4376 et
1272 4307 1476 4395 Prepueitum

345 4435 386 4486 ex
399 4422 511 4484 nostro
526 4414 683 4486 mundate
698 4417 858 4503 restituta,
882 4417 1046 4486 eonfeetas
1070 4419 1167 4488 nobis
1191 4413 1400 4505 postmodum
1424 4413 1476 4481 de-

343 4522 495 4609 tulerunt,
509 4523 721 4613 suplieantes,
736 4532 773 4593 ut
787 4524 921 4594 eusdem
936 4531 1047 4596 nestro
1064 4526 1274 4613 dignaremur
1299 4522 1474 4612 priuilegio

344 4630 544 4704 confirmare.
560 4631 704 4711 Quarum
721 4631 852 4715 quidem
868 4639 961 4701 tenor
975 4635 1050 4703 tetis
1067 4639 1135 4701 est:
