3162 5188
843 865 922 944 2'04.

318 1061 377 1129 Ράὶ
392 1059 642 1146 orezdpbirdnalc,
668 1056 880 1142 abakonybeli
902 1054 1036 1141 apcitodp
1060 1057 1090 1118 de
1114 1078 1135 1118 a
1149 1053 1274 1122 kerhooi
1287 1061 1348 1122 odr
1365 1058 1438 1143 job.

581 1165 696 1252 bdpyai
708 1164 788 1229 krizte'
801 1159 1062 1228 bittolrrendezdoe.
1077 1159 1176 1226 1249.

424 1363 544 1430 Paulus
565 1359 675 1429 Judex
688 1358 772 1426 Aule
787 1358 889 1443 Regio
905 1365 937 1425 et
953 1355 1070 1426 Comes
1095 1358 1300 1428 Zeladiensie
1315 1361 1446 1429 vniner-

316 1471 363 1540 sie
378 1490 512 1558 presens
538 1468 693 1554 seriptum
707 1467 906 1534 intuentibus
925 1469 1066 1534 salntem
1081 1467 1115 1532 in
1130 1487 1178 1552 eo,
1203 1468 1259 1552 qni
1277 1476 1328 1538 est
1351 1472 1444 1537 salus

316 1581 469 1648 omnium.
494 1578 546 1645 Ad
561 1579 783 1644 universorum
809 1574 957 1643 volumus
981 1574 1147 1660 peruenire
1163 1577 1327 1664 noticiam,
1355 1578 1445 1662 qnod

317 1687 500 1756 eonstitntis
516 1707 622 1754 cerem
640 1685 734 1753 nobis
750 1683 908 1770 partibus,
935 1683 1087 1752 videlieet
1101 1687 1230 1752 Abbate
1249 1693 1282 1752 et
1291 1687 1444 1773 jona-gie

316 1797 412 1864 nibus
429 1794 619 1863 Menanterii
634 1794 676 1860 de
691 1791 769 1859 Beel
785 1811 827 1858 ex
842 1811 908 1859 una
922 1799 1036 1878 perte;
1053 1793 1324 1879 etjobagionibne
1334 1794 1444 1863 castri

316 1905 454 1971 Korkon
481 1923 521 1969 ex
548 1902 671 1987 altore,
707 1899 927 1966 intelleximus
952 1900 1092 1986 portium
1117 1921 1289 1986 consensu,
1320 1913 1443 1970 terram

316 2011 395 2077 dieti
410 2010 611 2095 Monneterij,
637 2028 700 2093 que
716 2007 928 2074 oommnniter
944 2009 1009 2074 site
1024 2008 1131 2076 fueret
1146 2016 1232 2078 terre
1247 2011 1442 2098 populorum

317 2120 358 2186 de
373 2119 453 2186 ville
468 2118 593 2200 Seeleh,
610 2117 728 2182 eretria
744 2115 870 2184 duobus
887 2118 1078 2203 subjectam,
1093 2125 1240 2188 tredente
1255 2127 1288 2187 et
1303 2121 1444 2204 qnadra-

317 2227 410 2311 ginta
421 2227 540 2313 jugere
555 2226 588 2292 in
604 2245 641 2292 se
657 2223 883 2309 continentem,
899 2224 995 2310 juxto
1013 2231 1160 2295 tenorem
1175 2227 1340 2313 privilegij
1365 2229 1444 2296 Illu-

316 2336 391 2404 strie
418 2342 494 2400 tuno
512 2332 612 2416 Regin
637 2331 718 2399 Belo
744 2330 850 2400 ielioie
874 2334 1039 2418 memorie,
1065 2340 1189 2401 eterra
1212 2333 1339 2421 pretate
1363 2334 1444 2400 ville

315 2440 431 2510 Soeloh
447 2439 566 2508 debere
581 2439 759 2526 segregari.
784 2439 853 2506 Nos
872 2440 982 2525 itaque
998 2440 1152 2526 oongruin
1169 2441 1318 2529 paroinm
1333 2444 1443 2526 eequi-

316 2550 721 2635 moenem-voluntatibus,
746 2549 909 2617 mediante
925 2549 1056 2617 homino
1080 2557 1190 2618 nostro
1215 2551 1373 2618 Miohoele
1399 2551 1442 2618 de

316 2661 400 2745 Gely
416 2665 535 2725 terrem
554 2658 598 2724 nd
623 2657 687 2725 duo
705 2665 817 2724 aratra
841 2666 965 2724 aterne
989 2658 1156 2744 repediote
1181 2660 1260 2726 ville
1284 2659 1442 2727 facientes

315 2767 464 2854 separari
479 2774 612 2853 propter
628 2765 803 2834 cautellam
818 2766 1046 2834 eltermoionie
1062 2767 1158 2851 juxte
1173 2766 1313 2852 priorem
1329 2787 1440 2833 nume·

315 2894 386 2942 rnm
415 2877 569 2960 jtrgerum
601 2875 750 2962 aplega
779 2875 1038 2962 septemtrionali
1072 2875 1189 2964 sitam,
1221 2875 1325 2942 tribue
1350 2873 1441 2942 villis

315 2984 424 3051 Oestri
442 2984 680 3072 Sopronieneie,
699 2985 854 3053 videlieet
874 2986 1040 3072 Keyonoh,
1065 2987 1187 3071 Geztey
1211 2992 1244 3053 et
1257 2985 1359 3054 Snroh
1382 3004 1441 3072 per

314 3093 448 3160 orebree
464 3092 558 3160 binos
583 3099 700 3177 metae,
725 3111 828 3178 reque
844 3112 908 3177 qno
924 3093 1051 3160 venitur
1074 3093 1119 3159 ad
1134 3091 1292 3176 Grenohe,
1317 3093 1352 3158 in
1367 3113 1441 3177 poe-

314 3199 495 3269 eeseionem
512 3199 589 3267 dioti
606 3201 795 3285 Monesterij
821 3200 956 3268 fecimus
977 3199 1140 3284 assignari
1165 3206 1320 3287 perpetuo
1334 3199 1440 3286 posei-

315 3307 465 3375 dendnm.
492 3308 541 3374 Ne
556 3306 656 3392 igitur
671 3325 769 3394 snper
784 3309 871 3374 teoto
896 3306 981 3375 dicte
1005 3314 1091 3373 terre
1106 3305 1262 3392 temporis
1286 3326 1440 3392 processu

313 3417 451 3485 noueoio
466 3418 520 3483 vel
535 3417 577 3482 lis
594 3415 707 3501 aliqua
722 3417 845 3485 orietur
860 3436 920 3502 pro
936 3414 1087 3483 distinete
1096 3421 1181 3483 terre
1196 3421 1294 3503 stetu,
1310 3415 1354 3481 ed
1369 3435 1442 3502 per·

315 3523 401 3590 oium
416 3524 610 3610 peticionem
636 3524 784 3593 dedimus
800 3531 969 3612 presentes
984 3525 1111 3592 litteren
1135 3524 1238 3609 sigilli
1254 3525 1356 3592 nostri
1373 3545 1439 3590 mn-

313 3631 435 3698 nimino
458 3631 638 3700 roboratas.
665 3637 757 3700 Anno
774 3633 944 3701 Dominiee
969 3633 1210 3702 Inoamaoionie
1227 3631 1349 3700 M⁰dc⁰
1364 3651 1436 3715 qna·

314 3737 500 3826 dragesimo
519 3761 615 3812 nono.

417 3935 554 4004 (Eredetie
566 3931 731 4001 bdrhdrtydn
744 3948 761 3984 a
773 3932 966 4000 pennonhnlmi
978 3929 1121 4000 idepdtetg
1134 3929 1340 4000 lovtlttrtben.)

739 4201 1003 4213 mh-
