3162 5188
685 335 749 401 aab

638 426 797 436 -——.

130 529 203 611 qui
226 531 350 598 dicitur
367 532 487 616 Mlata3
514 532 590 597 hinc
606 532 754 597 aseendit
770 552 868 618 super
885 531 990 614 berea,
1017 537 1048 595 et
1065 531 1212 616 peraenit
1238 529 1280 596 ad

126 645 216 706 tres
240 642 375 709 arbores
391 641 481 724 ffagi,
504 644 536 705 et
553 661 650 726 super
666 641 797 708 easdem
815 647 890 706 sunt
909 641 1004 722 signa
1021 641 1135 724 craieis,
1157 647 1189 704 et
1204 639 1281 704 inde

129 749 306 814 aseendit
332 749 375 814 ad
390 748 544 815 verticem
561 749 718 834 eiusdem,
746 758 778 815 et
795 751 942 836 peruenit
958 749 1001 814 ad
1020 748 1168 814 arborem
1186 746 1279 829 ilicis,

131 859 202 923 vbi
225 866 278 924 est
303 867 392 925 meta
408 866 533 942 terrea;
561 858 636 923 inde
663 858 832 924 descendit
848 858 891 922 ad
917 877 1044 923 cursum
1072 857 1163 922 vnins
1179 853 1279 940 putei,

130 973 171 1030 et
193 967 323 1031 transit
347 967 494 1050 eundem,
525 974 557 1031 ct
583 967 732 1032 ascendit
748 968 782 1031 in
802 967 916 1049 beroz;
944 967 1016 1032 hine
1042 963 1210 1029 descendit
1237 959 1280 1026 ad

135 1095 255 1139 vnum
272 1075 411 1140 rivulum
427 1075 557 1141 nomine
574 1076 732 1159 Treztem,
758 1074 955 1142 transeundo
972 1073 1107 1140 cundem
1133 1067 1280 1137 ascendit

132 1187 172 1244 et
205 1183 360 1268 peruenit
385 1183 428 1248 ad
444 1184 534 1248 viam
549 1184 724 1269 publicam,
751 1185 842 1250 iuxta
868 1204 966 1268 quam
992 1189 1148 1248 astructa
1173 1187 1279 1246 terrea

132 1289 174 1352 iu
196 1290 322 1357 arbore
338 1291 433 1378 ilicis,
460 1293 515 1358 vbi
529 1293 563 1356 in
581 1293 713 1359 sinistro
741 1299 816 1358 sunt
839 1293 1035 1376 jobagioncs
1052 1290 1176 1373 Castri3
1204 1289 1278 1355 inde

132 1397 257 1464 tendit
275 1419 386 1464 versus
409 1399 594 1482 aquilonem
611 1422 669 1487 per
685 1402 824 1466 eandem
843 1401 930 1466 uiam
947 1401 979 1464 in
1006 1400 1090 1465 bono
1107 1399 1228 1485 spacio,
1247 1403 1280 1461 ct

132 1507 304 1592 peruenit
320 1508 362 1572 ad
379 1508 567 1591 indaginem
584 1509 735 1592 Budyua,
754 1509 808 1575 vbi
825 1508 858 1573 in
875 1509 1006 1575 sinistro
1023 1511 1128 1574 Mereo
1150 1514 1199 1571 est
1214 1505 1278 1571 sibi

132 1621 411 1700 commetaneus3
439 1617 515 1682 inde
534 1617 626 1683 radit
647 1617 858 1702 pereundam
874 1619 961 1684 viam
978 1616 1179 1699 longitudine
1200 1614 1275 1681 duo·

135 1742 220 1786 rum
235 1723 401 1806 jugerum,
428 1731 461 1788 et
475 1724 622 1808 peruenit
639 1725 682 1789 ad
698 1744 795 1789 vnum
812 1724 983 1789 rotundum
1000 1724 1153 1808 lapidem,
1180 1741 1277 1806 super

137 1851 214 1913 quo
232 1835 283 1897 est
298 1839 385 1897 meta
400 1838 525 1918 terrea,
549 1832 625 1897 hinc
641 1834 787 1919 procedit
803 1834 836 1899 in
853 1832 967 1898 eadem
986 1833 1039 1896 via
1056 1853 1113 1917 per
1130 1831 1277 1914 spacium

135 1939 248 2004 trium
259 1941 423 2025 jugerum,
441 1945 474 2004 et
488 1940 636 2024 peruenit
652 1939 696 2006 ad
712 1944 861 2008 arborem
878 1961 1025 2024 quercus,
1052 1939 1106 2003 vbi
1124 1943 1173 2002 est
1191 1944 1277 2001 meta

137 2053 279 2131 terrea;
307 2047 381 2112 binc
397 2047 515 2114 transit
533 2049 629 2133 viam,
656 2055 689 2114 et
703 2049 822 2116 transit
838 2069 951 2114 versus
969 2048 1134 2128 orientem,
1156 2053 1188 2109 et
1204 2065 1275 2129 pro·

140 2155 240 2221 eedit
257 2156 300 2220 ad
315 2154 453 2240 foueam,
481 2177 543 2240 que
559 2163 694 2222 vocatur
709 2159 811 2243 Rapa,
835 2177 894 2241 per
911 2177 1007 2239 quam
1024 2155 1112 2220 cadit
1127 2153 1171 2218 ad
1187 2158 1274 2218 ante-

142 2262 274 2327 dictum
291 2262 411 2327 iontem
428 2263 614 2346 Prichayni,
632 2273 664 2328 et
680 2265 798 2331 transit
813 2264 935 2330 fontem
952 2265 994 2330 ad
1015 2265 1163 2330 arborem
1180 2261 1273 2342 ilicis,

140 2369 205 2433 vbi
224 2373 275 2432 θεῖ
290 2376 378 2434 meta
392 2375 520 2451 terrea;
537 2369 613 2435 binc
624 2370 799 2455 pertransit
814 2392 909 2436 vnam
921 2371 1049 2452 siluam,
1065 2391 1127 2454 que
1140 2373 1275 2435 vocatur

141 2475 266 2560 Jalezi,
297 2481 329 2540 et
353 2475 502 2561 peruenit
519 2477 561 2540 ad
578 2497 675 2541 vnum
701 2497 837 2562 paruum
858 2477 1002 2563 fluuium,
1027 2497 1123 2561 quem
1147 2475 1274 2556 transit,

142 2592 178 2648 et
195 2582 232 2650 in
260 2585 370 2651 stricto
397 2585 469 2651 loco
495 2584 583 2650 eadit
607 2584 651 2650 ad
677 2605 797 2668 aquam
814 2588 999 2673 Oupchyna,
1027 2587 1119 2654 vbia
1144 2585 1274 2651 sinistro

142 2692 321 2774 generacio
350 2692 489 2776 Graysig
520 2699 570 2758 θεῖ
595 2700 835 2780 commetanea;
868 2695 943 2761 indo
974 2715 1034 2780 por
1061 2693 1273 2780 Cupelrynam

144 2797 323 2863 reuertitur
348 2797 391 2862 ad
408 2798 547 2882 priorem
565 2805 693 2865 metam.
720 2801 800 2867 Item
817 2802 923 2886 prima
949 2809 1036 2866 meta
1055 2806 1141 2866 terre
1157 2800 1275 2866 Machi-

145 2907 215 3002 cin,
231 2925 294 2987 que
310 2911 359 2972 est
374 2905 508 2989 Thome,
535 2907 650 2993 incipit
665 2909 699 2973 in
716 2909 841 2975 duabus
859 2909 1029 2975 arboribus
1047 2933 1106 2995 aya
1122 2914 1154 2973 et
1170 2910 1276 2972 bornat

145 3013 338 3092 nominatis,
365 3013 453 3079 circa
469 3033 550 3097 quas
577 3015 704 3081 duevie
729 3017 827 3082 simul
853 3017 1101 3101 coniunguntur,
1129 3024 1161 3080 et
1183 3015 1275 3083 vadit

146 3143 266 3208 parum
283 3121 315 3186 in
334 3142 397 3188 vna
413 3122 587 3187 earundem
604 3123 738 3209 viarum,
766 3129 798 3187 et
813 3127 963 3208 peruenit
978 3125 1021 3190 ad
1039 3146 1134 3190 vnum
1158 3127 1273 3202 bornat,

146 3234 180 3298 in
199 3251 263 3313 quo
281 3231 468 3314 estsignum
486 3232 611 3315 orucis3
631 3231 704 3296 binc
720 3230 812 3296 vadit
828 3232 859 3296 in
872 3232 978 3318 fouea,
996 3233 1027 3298 in
1046 3252 1110 3316 qua
1126 3231 1274 3317 procedit

146 3341 256 3405 siccus
282 3337 410 3424 fluuius,
436 3345 469 3404 et
492 3360 549 3425 per
576 3340 713 3405 eundem
738 3341 858 3406 siccum
880 3341 1013 3406 fluuium
1039 3341 1127 3405 vadit
1153 3358 1274 3420 magna

146 3445 365 3530 longitndine,
382 3453 415 3510 et
429 3447 578 3533 peruenit
594 3444 637 3510 ad
653 3447 786 3512 fluuium
802 3448 995 3528 Machicnm,
1021 3448 1074 3513 vbi
1090 3447 1124 3513 in
1141 3445 1272 3513 sinistro

146 3554 315 3638 Hyrecbik
329 3555 467 3639 jobagio
485 3555 593 3620 Castri
614 3563 664 3620 est
680 3563 929 3640 commetaneus,
957 3577 979 3622 a
994 3556 1107 3622 dextro
1124 3576 1201 3621 vero
1225 3560 1274 3621 est

145 3668 236 3727 terra
251 3663 375 3728 Thomu
391 3661 567 3746 antedicti;
594 3663 669 3728 hinc
685 3663 718 3729 in
734 3665 819 3731 dicto
847 3663 946 3730 fluuio
963 3664 1053 3729 vadit
1076 3662 1120 3730 ad
1143 3664 1271 3746 siluam,

146 3770 181 3836 in
198 3790 264 3853 qua
279 3769 365 3836 idem
383 3770 526 3836 Thomas
543 3777 593 3838 θεῖ
608 3773 784 3858 particeps,
808 3773 904 3856 juxta
920 3791 1017 3855 quam
1032 3772 1140 3857 pergit
1159 3791 1271 3836 versus

146 3878 333 3962 aquilonem
360 3880 446 3945 bona
472 3880 674 3964 longitudine
701 3882 743 3947 ad
770 3880 850 3947 duos
875 3881 1001 3966 fluuios,
1034 3900 1168 3964 quorum
1190 3898 1271 3943 vnus

146 3994 196 4054 est
223 3987 311 4052 eirea
336 3987 485 4053 Orehouz
512 3990 731 4073 nominatum;
764 3989 882 4055 debinc
913 4009 972 4075 per
1000 3991 1106 4075 ipsum
1138 3986 1269 4051 fluuium

144 4096 296 4162 ascendit
311 4095 344 4160 in
361 4097 456 4180 valle,
483 4097 538 4162 vbi
555 4097 768 4164 commetanei
793 4104 867 4164 sunt
886 4097 1014 4182 Bogdai
1041 4104 1073 4162 ct
1098 4093 1271 4180 generacio

146 4206 287 4288 Marcus,
315 4211 445 4289 aparte
471 4207 617 4289 Beroen,
645 4212 677 4270 et
694 4206 807 4270 exiens
833 4205 874 4270 de
900 4205 985 4282 valle
1008 4205 1098 4270 cadit
1124 4203 1156 4267 in
1173 4205 1269 4288 viam,

148 4330 208 4397 per
225 4331 322 4393 quam
332 4311 504 4377 reuertitur
520 4311 563 4377 ad
581 4319 698 4378 metam
715 4313 917 4398 priorem.th
933 4318 1040 4378 autem
1060 4311 1154 4377 huius
1171 4309 1272 4393 inqui·

145 4417 279 4485 sicionis
297 4425 329 4484 et
346 4419 601 4486 confirmacionis
619 4419 723 4485 series
741 4419 983 4485 irretractabilis
1004 4420 1170 4501 consistat,
1188 4419 1270 4483 litte-

145 4546 200 4592 ras
216 4531 346 4593 ncstras
364 4526 408 4591 ad
422 4527 616 4612 peticionem
633 4527 779 4611 parcium
795 4527 1022 4612 concessimus„
1052 4525 1153 4610 sigilli
1169 4530 1269 4596 nostri
