3168 5186
816 338 980 440 „proo-

333 542 499 628 quendum
523 540 653 622 vollem,
678 543 712 604 et
733 555 792 622 per
819 554 893 602 euru
918 533 1120 604 descendens
1144 534 1233 602 cadit
1257 531 1292 600 id
1317 534 1463 602 riunlum

333 633 508 734 Deonicbc,
534 653 567 715 et
580 667 637 734 per
653 646 760 733 ipsum
776 641 883 712 eundo
898 642 967 712 exit
982 641 1016 710 in
1031 643 1153 710 veliem
1176 642 1308 710 nomine
1324 643 1461 727 Hymel·

334 759 426 827 tinne
439 759 496 844 (t),
515 763 548 824 et
563 755 655 823 redit
678 754 723 822 cri
738 758 840 839 ceput
865 750 1022 836 eiusdem,
1047 752 1160 836 ibique
1175 755 1250 819 sunt
1275 751 1340 818 due
1364 759 1465 835 mete,

334 886 470 952 querum
486 887 553 934 vno
568 862 709 946 Gordus,
734 862 840 930 altere
855 860 1014 946 Stephani
1030 859 1174 946 Vngui,
1199 857 1276 926 inde
1303 860 1347 926 ed
1372 861 1466 928 niem

334 973 398 1040 itur
422 973 539 1039 iterum
564 969 607 1038 nd
624 970 708 1037 riuus
724 973 846 1053 meter,
873 967 992 1034 abhinc
1017 985 1076 1052 per
1101 966 1190 1033 uiam
1214 967 1320 1036 eundo
1347 987 1465 1036 uersus

335 1079 503 1147 meridiem
519 1078 707 1165 peruenitur
721 1074 766 1143 nd
781 1074 865 1143 dnus
880 1080 993 1160 metes,
1014 1093 1151 1159 quumnr
1167 1093 1232 1142 rna
1247 1082 1298 1142 est
1316 1075 1463 1162 Gordus,

335 1187 439 1254 ultera
454 1167 630 1272 Stephcui3
655 1183 774 1251 deinde
799 1185 893 1250 iuxta
915 1182 1067 1250 siluulem
1091 1201 1149 1270 per
1173 1202 1311 1270 paruum
1338 1187 1464 1254 nullom

335 1293 503 1362 descendit
518 1293 562 1360 ud
585 1299 706 1360 metum
721 1291 782 1359 snb
798 1291 913 1358 arbore
927 1292 1073 1378 pertonsa
1081 1317 1095 1368 ,·
1120 1289 1240 1358 abhinc
1255 1291 1349 1360 iuxta
1367 1294 1460 1362 fene-

333 1408 401 1469 tum
416 1401 520 1488 ipsius
537 1400 667 1470 Gordus
683 1421 742 1488 per
767 1407 872 1467 metus
887 1399 921 1465 in
938 1419 1070 1468 nemore
1093 1401 1199 1468 eundo
1224 1403 1315 1470 cudit
1329 1404 1363 1471 in
1380 1406 1464 1471 Gru-

335 1510 446 1593 senob,
471 1510 527 1594 qui
543 1507 691 1594 distingit
715 1508 835 1576 limites
852 1506 1074 1576 Grussnnicho
1090 1514 1123 1574 et
1138 1507 1261 1597 (ἠπίῃ
1284 1531 1345 1598 per
1361 1513 1460 1582 crus-

335 1619 434 1686 seuch
450 1625 558 1686 eutem
582 1618 688 1686 eundo
708 1616 896 1704 peruenitur
921 1615 964 1684 ud
990 1625 1089 1704 eaput
1110 1616 1257 1686 eiusdem
1283 1620 1463 1690 iterumad

335 1734 454 1794 metum
469 1726 571 1814 ipsius
586 1725 721 1793 Martini
746 1723 891 1808 Comitis,
914 1723 1025 1809 ibique
1040 1725 1101 1792 sub
1117 1723 1262 1810 quodum
1276 1728 1375 1796 vinea
1390 1753 1463 1818 pro-

335 1833 488 1919 grediens
504 1833 593 1901 cudit
608 1835 642 1900 in
659 1853 812 1919 magnum
828 1831 927 1917 rium,
943 1839 977 1900 et
992 1849 1051 1918 per
1066 1832 1174 1918 ipsum
1184 1834 1292 1903 eundo
1311 1837 1413 1924 longe
1426 1840 1464 1907 iu

334 1944 422 2010 ber-ct
448 1944 636 2029 peruenitur
660 1941 705 2008 nd
720 1945 840 2008 metum
864 1940 925 2007 sub
942 1939 1058 2007 arbore
1073 1942 1176 2026 rubim
1200 1950 1235 2011 et
1256 1943 1378 2013 ubbiuc
1402 1967 1464 2034 per

335 2050 455 2118 vollem
471 2051 561 2118 eadit
574 2051 607 2118 in
624 2051 775 2134 Leonum,
791 2058 825 2118 et
840 2068 899 2135 per
914 2047 1016 2115 ubam
1032 2048 1151 2116 vellem
1166 2052 1317 2119 escondit
1335 2054 1380 2120 ed
1396 2075 1464 2121 ma-

336 2178 436 2243 gnam
451 2158 540 2224 viam
556 2160 600 2227 od
616 2166 736 2226 metum
761 2157 929 2241 antiquum
954 2175 1157 2224 communem
1181 2157 1266 2225 inter
1288 2159 1465 2229 ormnem-

335 2265 429 2330 cbem
446 2273 479 2332 et
494 2262 610 2350 Gurig,
636 2265 747 2350 ibique
762 2262 961 2332 transeundo
977 2263 1065 2330 viem
1090 2283 1150 2351 per
1166 2283 1261 2332 unum
1281 2267 1404 2335 vellem
1419 2291 1465 2337 ux

335 2379 428 2458 purte
453 2371 631 2440 occidentis
657 2370 827 2440 descendit
851 2371 885 2438 in
901 2372 1094 2458 Cotynnam,
1112 2378 1146 2437 et
1158 2373 1361 2440 transeundo
1386 2395 1464 2444 eum

334 2477 380 2545 nd
396 2477 478 2547 dous
504 2480 637 2548 arbores
654 2481 696 2547 de
719 2479 844 2548 cerasis
859 2477 953 2546 vadit
977 2477 1022 2544 nd
1037 2485 1178 2546 montem
1194 2478 1237 2545 ud
1263 2489 1384 2550 ructum
1401 2487 1464 2553 sub

336 2588 453 2656 arbore
467 2607 585 2656 nucum
597 2613 616 2675 ς.
630 2586 707 2654 inde
723 2589 886 2674 perberci
901 2585 1114 2673 progrediens
1136 2606 1196 2672 por
1211 2587 1347 2674 longum
1362 2595 1396 2659 in
1412 2596 1464 2662 ln-

335 2707 403 2767 tere
418 2697 513 2764 vuius
539 2696 659 2766 montis
673 2693 842 2763 descendit
856 2694 898 2762 ad
914 2701 1035 2763 metum
1050 2694 1112 2762 sub
1129 2694 1246 2762 arbore
1264 2700 1381 2784 tczy‘or
1406 2704 1466 2769 ab

335 2807 410 2873 binc
426 2806 471 2874 ud
487 2806 637 2874 arborem
653 2805 850 2890 berekenefc;
864 2802 984 2870 deinde
999 2821 1057 2889 per
1071 2803 1179 2870 relies
1195 2811 1227 2870 et
1242 2805 1342 2875 colles
1358 2830 1465 2897 prope

336 2917 501 2984 sessiones
517 2915 621 3002 ipsius
637 2914 770 2981 Martini
786 2911 879 2979 vadit
893 2911 937 2978 ad
952 2912 1081 2979 rincum
1091 2911 1182 2997 Jelk,
1198 2920 1231 2980 et
1246 2912 1323 2982 indo
1338 2915 1465 2985 directe

334 3022 380 3090 ud
404 3024 544 3109 priorem
570 3029 700 3107 metum,
726 3023 782 3088 rbi
806 3020 868 3088 ruit
887 3019 1027 3106 incepta,
1052 3019 1164 3104 ibique
1189 3023 1393 3092 terminetur.
1420 3029 1467 3095 Vt

335 3133 435 3218 igitur
460 3131 626 3219 predictus
642 3131 811 3214 Martinus,
837 3134 871 3195 et
885 3127 985 3195 freter
1001 3127 1106 3213 ipsius
1125 3128 1264 3217 Gordus,
1290 3152 1331 3199 ae
1349 3153 1465 3202 eorum

336 3242 490 3327 beredes3
517 3249 549 3311 ot
571 3243 729 3330 sepedicti
754 3247 946 3325 cestrenses,
973 3239 1029 3323 qui
1052 3245 1166 3306 contro
1189 3238 1281 3326 ipsos
1307 3241 1464 3328 egebunt,

335 3369 417 3437 pace
432 3356 591 3436 perpetuu
616 3348 830 3432 gratulentur,
855 3353 1024 3434 presentes
1040 3346 1168 3413 littores
1183 3346 1218 3412 in
1242 3347 1465 3417 testimonium

336 3463 492 3543 perpetuo
515 3455 678 3523 firmitatis
693 3454 766 3522 duri
781 3455 928 3538 fecimus,
954 3453 1056 3538 sigilii
1071 3452 1176 3521 noemi
1194 3452 1333 3539 duplicis
1358 3457 1465 3524 muni·

338 3565 614 3632 mineroborutcs.
631 3568 751 3632 Deturn
767 3584 827 3651 per
836 3582 953 3631 manus
961 3561 1112 3648 Magistri
1121 3561 1296 3648 smaragdi
1306 3565 1466 3632 Albeneis

337 3672 485 3740 Ecclesie
500 3673 662 3758 Propositi
677 3673 752 3738 aule
767 3677 879 3740 nostre
895 3668 1185 3756 vice-Guncellurij
1210 3669 1320 3738 dilecti
1336 3681 1370 3739 et
1386 3673 1465 3740 fide-

335 3779 378 3846 lis
394 3779 506 3866 nostri,
533 3799 619 3848 anuo
637 3779 768 3846 Domini
784 3781 829 3846 br
840 3777 905 3846 00⁰
915 3776 1002 3844 Lvr
1016 3783 1132 3862 quurto
1156 3775 1236 3846 Idus
1254 3777 1465 3866 Nouembris,

334 3887 441 3973 Regni
456 3893 564 3955 autem
579 3888 683 3955 nostri
699 3907 785 3956 anno
801 3886 956 3955 vicesimo
972 3884 1127 3954 secundo.

335 4083 472 4152 (Eredotie
484 4082 656 4154 biirbtrtyin,
675 4085 788 4152 molyrbl
800 4102 818 4139 e
830 4085 922 4138 kettb's
934 4081 1026 4152 peccet
1038 4081 1167 4138 tbredtke
1185 4079 1365 4152 verbs-sirpe
1376 4087 1465 4140 nuinb-

542 4194 592 4228 rou
604 4177 681 4244 sugg,
694 4193 711 4229 c
723 4173 824 4230 rombli.
834 4176 879 4244 hg.
890 4171 1037 4242 Butthyrini
1049 4169 1255 4242 loveletrtbcn.)
