3162 5188
80 1107 130 1172 Aa
146 1110 218 1192 cyri
232 1105 446 1194 ldptdnnnak
463 1105 731 1191 bizcrrpaa'plcecle,
757 1103 838 1186 lrcqy
863 1102 1039 1186 Bermion-i
1058 1099 1165 1163 lotario
1181 1103 1211 1160 e'e

78 1217 194 1296 teirsar‘,
212 1221 333 1280 temnere
343 1215 376 1279 F
371 1214 440 1300 pile
459 1214 635 1300 nrepo‘lcacre
650 1220 738 1276 ue'zec
749 1213 875 1277 Moneri
891 1209 1023 1297 Clyzzel
1040 1213 1211 1298 eppeeae'pre

539 1321 643 1408 epta.
661 1320 756 1386 1252.

201 1521 326 1588 Amicis
352 1523 420 1590 suis
445 1521 644 1590 Reuerendis
670 1521 849 1588 Conuentui
875 1521 1021 1588 Ecclesie
1047 1520 1088 1587 de
1113 1521 1210 1587 Lelez

79 1629 241 1696 Nicolaus
267 1627 307 1696 de
323 1628 413 1696 Gara
429 1631 533 1713 Regni
549 1629 717 1713 Hungan'e
733 1629 902 1696 Palatinus
922 1635 954 1693 ct
970 1627 990 1694 J
994 1627 1077 1694 udcx
1094 1627 1208 1697 Coma-

80 1757 196 1804 norum
215 1737 398 1805 amiciciam
425 1747 576 1825 paratam
592 1758 663 1804 cum
680 1737 812 1806 honore.
838 1736 1014 1820 Noucritis,
1033 1737 1209 1822 quodcum

81 1865 139 1910 nos
156 1845 200 1910 ad
219 1843 399 1930 legitimam
415 1846 609 1932 peticionem
621 1847 722 1912 Marei
738 1845 796 1930 iilij
813 1845 954 1912 Mathius
971 1843 1012 1910 dc
1027 1843 1117 1930 Isiph
1134 1861 1208 1908 cum

79 1952 231 2021 Yilbcrto
248 1951 315 2021 lilio
333 1953 494 2022 Johannis
511 1954 552 2021 dc
568 1955 643 2020 Wal
659 1953 771 2040 Regio,
789 1974 850 2020 nec
868 1955 932 2020 n'ou
949 1954 1098 2021 Jchanne
1114 1949 1209 2035 (lapi-

82 2059 139 2125 tuli
156 2059 305 2127 Ecclesie
320 2051 474 2129 Albensis
491 2063 687 2146 hominibus,
712 2067 857 2131 nostrum
877 2062 1038 2130 hominem
1056 2059 1210 2128 videlicet

82 2167 277 2251 Grcgcrium
293 2169 394 2236 filium
410 2169 540 2237 Nicolai
555 2169 596 2236 dc
612 2171 735 2237 lnanch
761 2170 804 2236 ad
820 2169 1062 2256 infrascriptam
1081 2185 1209 2255 posscs-

82 2275 569 2346 sionariamrcambulacicncm
586 2284 619 2344 et
634 2285 792 2345 metarum
804 2276 1004 2346 creccionem
1023 2274 1207 2342 faciendam

82 2381 122 2448 dc
137 2378 408 2467 Congregacionc
424 2391 535 2451 nostra
546 2382 702 2450 Generali
712 2381 924 2450 Vniuersitati
940 2381 1107 2449 Nobilium
1119 2382 1209 2448 Zem-

83 2489 256 2574 plinicnsis
272 2498 304 2557 et
321 2492 362 2558 dc
376 2493 451 2576 Vng
467 2493 683 2559 Comitatuum
708 2492 792 2559 feria
808 2490 952 2560 secunda
968 2491 1116 2578 proxima
1135 2498 1210 2577 post

83 2597 203 2665 lectum
219 2599 314 2666 Beati
325 2599 458 2685 Georgij
475 2598 619 2668 martiris
635 2601 667 2666 in
685 2621 771 2668 anno
790 2601 939 2686 proxime
955 2606 1120 2667 transacto
1137 2619 1207 2686 prc-

83 2707 181 2774 terita
198 2727 300 2794 propc
326 2708 492 2776 ciuitatem
516 2709 624 2775 Patak
650 2708 815 2775 celebr-uta
840 2709 1115 2793 destinassemus3
1136 2713 1205 2774 tan·

85 2813 157 2881 dem
182 2814 287 2900 ijdem
303 2815 420 2882 exinde
444 2814 488 2882 ad
503 2815 642 2882 candem
668 2815 966 2901 congregacionem
992 2821 1137 2882 nostram
1164 2814 1207 2882 ad

85 2942 142 2990 nos
158 2925 285 2991 reuersi
302 2924 504 2994 concorditer
519 2925 696 2991 retulerunt
711 2926 774 2991 stb.
793 2924 895 3010 (hogy
913 2923 1023 2990 midtn
1039 2923 1128 2991 Scnk
1144 2923 1205 3008 bir3

83 3029 230 3099 toltnak
241 3033 398 3118 Zemplcn
412 3033 592 3118 megytbcn
611 3032 753 3100 hattrait
768 3033 910 3098 akarttlr
922 3033 1092 3119 mcgjarni
1113 3037 1208 3117 „tunc

86 3137 289 3224 Benedictus,
322 3141 466 3208 Jacobus
493 3149 526 3207 ct
550 3139 727 3206 Ladizlaus
752 3140 809 3224 filij
838 3140 971 3226 Gyapal
996 3140 1038 3206 dc
1062 3137 1205 3206 Morwa“

89 3246 320 3332 cllcmondtalr,
347 3267 368 3312 a
383 3247 483 3314 miool
499 3267 556 3333 per
572 3247 780 3332 lrclctlezctt,
808 3246 896 3333 mely
913 3267 933 3312 a
949 3245 1053 3314 ntdor
1071 3250 1108 3314 es
1124 3246 1208 3312 orro-

86 3355 185 3422 nnat
196 3355 277 3423 elon
291 3353 482 3443 leffilyvtn),
501 3390 544 3401 -
555 3392 598 3403 —
615 3359 647 3419 et
663 3354 784 3421 ibidem
797 3355 940 3422 Jacoous
951 3354 1051 3440 (filins
1068 3353 1207 3420 Michae-

86 3460 124 3526 lis
148 3459 191 3529 de
216 3462 334 3549 Isiph)‚
360 3462 521 3546 quasdam
545 3462 672 3528 litteras
697 3461 841 3548 Capituli
866 3461 1013 3528 Ecclesic
1038 3460 1207 3545 Agricnsis

86 3569 306 3654 priuilegiales
322 3570 499 3656 alphabeto
518 3569 690 3636 intercisae
707 3589 793 3637 anuo
810 3567 943 3637 Domini
963 3569 1135 3637 millesimo
1151 3571 1206 3636 du·

86 3677 262 3746 centesimo
279 3677 550 3763 quinquagesimo
568 3674 710 3744 secundo
726 3684 857 3745 exortas
871 3676 967 3744 nobis
992 3686 1139 3746 curassct
1154 3679 1206 3746 dc·

85 3793 262 3853 monstrare
286 3787 501 3869 continentes,
528 3785 616 3870 quod
632 3786 818 3872 Stephanus
834 3786 875 3854 dc
890 3786 1068 3872 Berechey,
1094 3787 1203 3855 Domi-

85 3891 172 3960 uicus
189 3893 230 3960 dc
249 3893 382 3982 Chclcy,
398 3895 521 3961 Stanch
539 3891 580 3960 dc
594 3893 696 3980 Isiph‚
712 3895 811 3979 llogh
828 3895 870 3963 de
889 3897 1004 3980 Lozou,
1028 3897 1149 3980 Symon
1165 3895 1207 3962 dc

84 4000 179 4088 Luch,
198 4003 345 4070 Radwan
363 4004 404 4070 dc
415 4003 636 4088 Mcggcsehw,
652 4004 775 4090 Syrnon
792 4005 879 4072 filius
895 4004 1041 4072 Marcelli
1058 4004 1099 4072 dc
1114 4003 1208 4071 Zada

84 4106 257 4193 degenere
272 4110 439 4194 Begad-
453 4147 494 4159 --
505 4133 577 4180 wan
595 4133 635 4179 cx
645 4134 710 4178 vna
726 4119 829 4199 parte,
849 4114 892 4180 ab
908 4117 1013 4180 altera
1027 4132 1105 4179 vcro
1117 4112 1206 4197 (lhyz

85 4213 257 4284 dcllorwa
272 4215 313 4283 de
331 4217 443 4282 eodem
462 4237 582 4302 genere
598 4219 815 4304 personaliter
825 4240 934 4286 coram
955 4218 1043 4286 dicto
1054 4217 1206 4306 Capitulo

85 4325 255 4406 constituti,
282 4323 423 4391 confessi
441 4325 635 4408 extitissent,
662 4325 748 4409 quod
765 4345 823 4410 per
840 4327 1008 4393 arbitrium
1033 4328 1206 4413 proborum

85 4429 221 4498 virorum
247 4452 307 4518 pro
324 4437 428 4498 mortc
443 4432 551 4515 Fyllre
565 4432 676 4499 fratris
691 4432 850 4517 Stephani
876 4430 1032 4500 antedicti
1056 4434 1090 4501 in
1106 4435 1205 4502 talem

87 4538 171 4620 pacis
185 4540 337 4606 vnionem
348 4540 575 4625 deuenisscnt3
596 4539 683 4624 quod
699 4539 785 4607 idem
796 4540 887 4626 Ohyz
903 4541 1067 4626 quandam
1084 4549 1206 4610 terram

85 4663 170 4714 suam
186 4683 280 4696 --
298 4647 358 4716 che
374 4645 492 4715 dictam
508 4683 769 4698 -----
780 4647 819 4716 ch
836 4653 1073 4736 nuncupatam,
1097 4656 1129 4717 et
1146 4656 1206 4717 ter·
