3252 5198
370 1131 401 1197 A
418 1129 684 1215 rz6kesfeh6rodri
708 1129 930 1215 koptatannot
945 1127 1208 1214 bizonyrdpleoelu
1222 1152 1243 1192 o
1261 1127 1346 1204 Quor
1368 1139 1503 1192 aemam·

370 1237 523 1324 sepheliek
539 1239 571 1300 o
586 1235 680 1300 Iasdk
696 1259 794 1300 eomes
809 1236 893 1298 torti
914 1234 1180 1320 epyeoetlease'pek
1202 1233 1419 1320 kiepyenliteoo
1436 1240 1503 1297 ntr-

418 1346 421 1356 ’
809 1343 943 1429 pydban.
963 1342 1060 1405 1237.

684 1519 1189 1586 ABGDE

480 1713 650 1781 Vniuersis
666 1714 699 1779 in
716 1714 845 1782 Christo
869 1716 993 1782 renatis
1009 1723 1077 1782 tam
1101 1714 1307 1801 presentibus
1332 1735 1431 1800 quam
1446 1735 1506 1799 po·

373 1821 470 1890 steris
486 1829 669 1907 presentem
696 1822 854 1908 paginam
878 1822 1073 1910 inspecturis
1089 1823 1233 1889 Albense
1250 1821 1436 1908 Capitulum
1452 1843 1506 1888 sa-

373 1931 473 1996 lutem
499 1930 533 1993 in
558 1928 676 1994 salutis
701 1937 843 1996 auotore.
869 1929 990 1997 Notum
1010 1931 1053 1995 rit
1076 1939 1145 1996 tam
1170 1931 1375 2017 presentibus
1401 1950 1505 2014 quam

373 2035 515 2122 posteris
541 2040 724 2119 presentem
750 2035 907 2122 paginam
932 2035 1146 2121 inspecturis,
1176 2057 1236 2104 nos
1261 2037 1387 2104 litteras
1413 2038 1506 2104 Chao

375 2140 510 2207 Comitis
526 2140 757 2230 Snpruniensis
774 2142 835 2208 sub
851 2141 914 2207 bao
930 2142 1035 2210 forma
1050 2143 1224 2228 recepisse.

484 2246 634 2334 Capitulo
654 2248 809 2315 Albensis
833 2249 982 2315 Euolesie
1009 2250 1099 2316 Chao
1123 2249 1240 2317 Comes
1262 2250 1504 2337 Snpruniensis‚

375 2356 520 2422 inolitum
539 2362 572 2420 et
596 2352 790 2422 famulatum
806 2354 912 2422 fidele.
937 2356 990 2421 Au
1005 2377 1065 2424 uos
1081 2359 1155 2424 Isao
1171 2358 1287 2425 (tomes
1311 2364 1344 2424 et
1353 2359 1506 2442 jobagio-

376 2481 435 2528 nes
453 2460 561 2528 Casiri
576 2463 808 2547 Snpruniensis
823 2463 951 2530 iverant
967 2485 1026 2550 pro
1043 2465 1130 2533 faoto
1146 2475 1230 2532 terre
1245 2465 1356 2548 Mihal,
1381 2472 1415 2532 et
1430 2486 1505 2532 oum

374 2569 456 2657 ipsis
473 2571 559 2654 (ing,
575 2577 722 2636 nostrum
738 2571 839 2638 filium
855 2571 1058 2656 miseramus,
1084 2580 1120 2638 ut
1135 2593 1269 2640 oausam
1285 2571 1390 2658 ipsius
1406 2579 1506 2656 terre,

243 2711 259 2736 .
377 2675 547 2743 sioutante
563 2697 622 2744 ιιοι
639 2678 899 2764 compositafuit,
917 2686 1095 2766 enarraret,
1117 2680 1194 2765 quia
1203 2678 1348 2764 sigillum
1357 2687 1506 2746 nostrum

373 2802 475 2871 penes
501 2803 561 2852 nos
588 2804 653 2852 non
678 2785 863 2868 habuimus,
891 2791 922 2851 et
947 2807 1005 2852 vos
1030 2786 1061 2852 ei
1087 2788 1273 2854 fidemnon
1299 2785 1505 2852 adhibuistis.
1584 2801 1589 2808 ·

380 2889 489 2967 Quare
505 2910 591 2958 nuno
606 2890 729 2958 fantum
754 2891 857 2978 ipsius
874 2901 958 2959 terre
974 2895 1008 2959 in
1023 2893 1143 2960 nostris
1167 2895 1283 2960 litteris
1301 2893 1417 2960 nestris
1433 2913 1507 2979 pro-

379 3000 532 3082 palamus
546 2997 825 3082 universitatibus,
843 2999 929 3082 quod
934 2999 1131 3084 jobagiones
1144 2999 1254 3068 Oastri
1264 3001 1506 3087 Snpruniensis‚

378 3103 421 3171 de
435 3124 555 3188 genere
572 3103 669 3190 Quor,
686 3105 741 3189 qui
757 3112 833 3172 sunt
848 3106 978 3172 oonnati
992 3106 1099 3192 Paulj,
1119 3107 1163 3174 ad
1179 3107 1255 3173 Isao
1271 3108 1429 3175 Comitem
1443 3129 1506 3195 pro

378 3211 481 3279 tribus
508 3212 656 3298 partibus
681 3219 767 3280 terre
791 3213 893 3279 Mibal
916 3214 1006 3298 loqui
1026 3215 1065 3304 in¹
1078 3220 1191 3280 tenore
1215 3213 1313 3299 litigij
1339 3215 1505 3298 volebant,

380 3338 515 3402 quorum
535 3319 751 3403 jobagionum
776 3321 909 3387 nomina
932 3320 993 3386 heo
1009 3328 1104 3387 sunt:
1130 3320 1163 3385 S.
1180 3320 1322 3406 Symeon
1338 3327 1371 3386 et
1385 3323 1505 3404 Dama,

382 3432 414 3492 et
428 3425 487 3508 filij
505 3426 609 3510 Syrti,
626 3427 736 3512 Mique
752 3432 784 3492 et
799 3447 910 3494 omnes
929 3428 1163 3512 generacionos
1179 3426 1276 3512 Quor,
1298 3436 1330 3494 et
1345 3430 1400 3512 qui
1414 3429 1508 3514 ipsos

377 3532 573 3616 jobagiones
589 3532 623 3597 in
639 3533 702 3598 bao
712 3553 813 3600 oausa
829 3533 1039 3620 adiuvabant,
1056 3554 1166 3602 eorum
1176 3534 1352 3621 sororiarij,
1369 3556 1507 3620 quorum

382 3638 514 3706 nomina
529 3638 589 3704 heo
605 3646 698 3705 runt:
715 3639 748 3704 S.
764 3639 893 3705 Endere
909 3647 940 3706 et
955 3642 1083 3724 Valent,
1100 3647 1132 3706 et
1148 3641 1205 3726 filij
1222 3641 1362 3726 Andros,
1378 3644 1412 3710 S.
1428 3645 1509 3710 Far-

381 3746 490 3812 oasius
506 3750 538 3811 et
553 3744 784 3811 clementinus.
801 3745 896 3810 Nnno
906 3752 1015 3812 autem
1032 3748 1175 3814 omnium
1190 3734 1326 3815 istorum
1335 3750 1507 3816 voluntate

383 3857 415 3918 et
430 3871 591 3919 consensu
606 3859 681 3919 ante
701 3872 892 3939 responsum
907 3852 1015 3937 litigij,
1037 3859 1111 3920 ante
1127 3873 1187 3922 nos
1203 3875 1276 3921 oum
1291 3856 1365 3920 Isao
1381 3856 1508 3923 Comite

381 3981 442 4047 pro
460 3960 550 4028 diota
563 3968 652 4028 terra
676 3953 928 4030 oouvenoionem
952 3961 1097 4028 fecerunt
1112 3965 1233 4046 talem,
1256 3963 1343 4048 quod
1357 3965 1432 4030 Isao
1449 3964 1509 4033 (io

381 4088 449 4136 mss
459 4068 557 4136 dietis
568 4069 803 4154 jobagiouibus
813 4070 907 4136 daret
922 4069 1161 4156 quinquaginta
1172 4089 1308 4156 mareas,
1324 4071 1386 4136 tali
1396 4078 1508 4137 tamen

381 4195 477 4263 pena,
494 4183 530 4242 ut
544 4177 653 4243 nullus
676 4176 812 4243 istorum
822 4176 1046 4262 jobagionum,
1072 4195 1134 4242 nee
1148 4175 1267 4259 aliquis
1287 4177 1433 4263 ipsorum
1452 4199 1510 4262 po-

381 4290 592 4367 stremorum,
613 4295 660 4349 ne
677 4283 765 4348 ullus
789 4282 920 4370 penitus
947 4283 1053 4367 ipsam
1077 4289 1198 4348 terram
1222 4283 1264 4349 ab
1288 4285 1363 4349 Isau
1382 4283 1510 4352 Comite

383 4396 495 4479 posset
510 4389 682 4474 inquirere,
709 4409 769 4454 neo
787 4409 808 4454 a
823 4409 882 4456 suo
897 4397 1061 4476 postremo
1085 4408 1189 4473 usqne
1212 4389 1322 4455 mundi
1347 4390 1510 4458 stabilita-

381 4504 458 4566 tem.
482 4499 524 4564 Et
539 4496 656 4564 Comes
671 4499 745 4562 Isao
770 4515 929 4562 summam
955 4495 1074 4562 dietam
1089 4497 1227 4582 peouuie
1250 4497 1410 4565 innostro
1435 4517 1509 4566 oon·

384 4611 495 4691 speetu
519 4611 623 4670 totam
648 4601 805 4690 persolvit
819 4602 1054 4688 prenominatis
1074 4603 1319 4687 jobagionibus.
1343 4606 1425 4670 Item
1449 4625 1509 4692 pro
