3226 5194
606 275 760 382 „⁵3⁷-

114 492 153 540 eo
170 471 419 544 benedictiones
435 475 623 544 monialium
640 475 833 544 auctoritate
848 473 943 542 Sedis
959 475 1148 562 Apostoliee
1164 475 1244 544 reci·

113 603 196 669 pere
210 583 363 652 valeatis.
390 585 472 652 Cum
488 588 599 650 antem
624 583 778 668 generale
804 581 1012 650 interdictam
1037 589 1124 651 terre
1138 582 1245 667 inerit,

114 692 217 760 liceat
233 694 336 779 vobis,
353 694 474 761 clausis
490 691 609 779 ianuis,
636 690 926 761 excommnnicatis
943 701 976 760 et
996 692 1178 762 interdictis
1194 713 1249 760 ex-

114 799 228 888 clusis,
254 821 317 870 non
335 800 474 886 pulsatis
500 800 681 887 campanis,
708 800 872 867 submissa
887 819 980 886 voce,
997 799 1119 866 Divina
1138 799 1249 868 officia

114 909 296 977 celebrare.
323 909 474 976 Obennte
488 928 566 975 vero
582 915 626 992 tc,
641 927 728 975 nunc
744 907 890 976 eiusdem
908 908 972 974 loci
988 908 1177 998 Abbatissa,
1193 911 1249 978 vel

113 1025 247 1085 tuarum
272 1019 420 1102 qualibet
444 1017 649 1102 succedente,
675 1017 766 1084 nulla
783 1016 829 1082 ibi
854 1016 1001 1102 qualibet
1025 1018 1246 1105 subreptionis

115 1125 243 1193 astutia
256 1146 315 1194 seu
341 1126 498 1194 violentia
513 1131 722 1214 preponatur,
747 1125 811 1193 nisi
828 1145 924 1211 quam
940 1145 1070 1194 sorores
1086 1128 1248 1196 communi

116 1256 292 1321 consensu,
319 1239 374 1304 vel
390 1257 502 1304 earnm
518 1235 622 1304 maior
646 1256 723 1322 pars
739 1235 868 1303 consilii
893 1235 1045 1322 sanioris,
1069 1235 1247 1304 secundnm

116 1345 227 1411 Deum
253 1352 285 1410 et
301 1346 447 1430 regulam
473 1342 675 1431 providerint
700 1343 899 1431 eligendam.
925 1346 1026 1413 Porro
1046 1345 1075 1412 si
1091 1344 1249 1433 Episcopi

118 1452 174 1518 vel
198 1452 257 1517 alii
283 1451 506 1521 Ecclesiarum
531 1454 684 1520 Rectores
700 1451 735 1518 in
759 1451 993 1519 Monastcrium
1017 1459 1172 1539 vestrum,
1199 1453 1249 1521 vel

119 1578 284 1647 personas
299 1562 469 1645 regulares
485 1559 566 1628 inibi
577 1561 717 1628 Domino
733 1559 931 1628 famulantes
941 1560 1178 1648 suspensionis,
1196 1581 1250 1628 cx-

119 1669 423 1740 communicationis
456 1670 510 1738 vel
538 1667 703 1736 interdicti
734 1669 929 1736 sententiam
959 1669 1249 1755 promulgaverint,

119 1777 227 1864 ipsam
257 1785 426 1863 tamquam
452 1784 566 1849 eontra
591 1776 685 1846 Sedis
711 1777 899 1866 Apostolice
928 1776 1056 1846 indulta
1087 1779 1250 1865 prolatam

120 1885 325 1953 decernimus
350 1906 416 1953 non
432 1892 552 1954 tenere.
578 1885 659 1952 Paci
684 1904 813 1970 qnoque
836 1892 869 1953 et
887 1884 1116 1971 tranquillitati
1142 1895 1248 1955 vestre

121 2002 260 2081 paterna
274 1995 485 2082 imposterum
501 1993 722 2064 sollicitudine
738 1993 911 2082 providere
925 1994 1085 2082 volentes,
1109 1997 1250 2064 auctori·

121 2108 191 2170 tate
215 2104 410 2192 Apostolica
432 2102 662 2193 probibemus,
691 2109 727 2170 nt
750 2103 838 2171 iutra
864 2104 1034 2172 clausurae
1059 2105 1251 2174 Monasterii

120 2213 224 2281 vestri
250 2213 359 2281 nullus
384 2211 537 2300 rapinam
563 2230 621 2280 sen
643 2209 763 2279 lurtum
787 2213 916 2298 facere,
942 2211 1051 2298 ignem
1074 2233 1250 2300 apponere,

119 2324 317 2409 sanguinem
342 2320 489 2406 fundere,
514 2321 678 2390 hominem
703 2326 825 2390 temere
841 2341 959 2409 capere
983 2323 1036 2390 vcl
1057 2322 1250 2411 interlicere,

121 2452 183 2500 sen
198 2431 374 2498 violentias
393 2428 515 2497 audeat
540 2447 702 2497 exercere.
730 2429 883 2497 Preterea
898 2449 1009 2499 omnes
1034 2431 1203 2502 libertates
1219 2441 1253 2500 et

120 2541 358 2624 immunitates,
376 2537 666 2625 quasdlonasterio
682 2543 794 2605 vestro
810 2538 1008 2606 venerabilis
1025 2539 1127 2610 trater
1141 2549 1252 2610 noster

122 2699 131 2716 .
151 2700 160 2715 .
178 2701 187 2716 .
203 2648 482 2735 Archiepiecopus
497 2645 670 2715 Jadrensis
696 2645 737 2714 de
752 2646 896 2733 Capituli
919 2647 971 2715 sni
987 2667 1126 2717 assensu
1149 2649 1254 2718 indul·

120 2757 207 2826 sisse
234 2755 434 2841 dinoscitur,
460 2756 545 2823 sicut
569 2755 603 2821 in
630 2774 740 2822 eornm
764 2754 882 2824 litteris
906 2754 1035 2842 plenius
1061 2757 1253 2844 continetur,

121 2865 320 2934 anctoritate
336 2865 534 2953 Apostolica
554 2865 781 2932 confirmamus
795 2869 829 2931 et
843 2864 1005 2951 presentis
1028 2866 1141 2952 scripti
1157 2865 1254 2953 privi-

120 2971 213 3060 legio
230 2972 482 3041 communimus:
502 2975 663 3042 'Pauorem
687 2977 796 3038 antem
811 2971 995 3040 litterarum
1020 2972 1165 3061 ipsarum
1184 2980 1266 3061 pre

122 3081 229 3152 sentis
246 3081 411 3170 privilegii
426 3082 526 3149 inseri
542 3081 688 3169 fecimus,
706 3081 762 3167 qui
777 3079 854 3149 talis
870 3087 921 3148 est
938 3104 946 3146 ε

235 3191 323 3271 Quia
337 3190 429 3257 iuxta
453 3210 616 3259 canonum
640 3189 825 3258 sanctiones
849 3190 934 3256 bone
949 3187 998 3256 rei
1022 3188 1102 3257 dare
1127 3189 1254 3258 eonsul-

122 3307 195 3368 tam
211 3299 274 3366 stb.
292 3295 507 3385 (kevetkezik
523 3297 659 3366 Ldrinea
680 3296 792 3384 jadrai
808 3295 973 3366 erselrnelr
992 3297 1127 3368 126cki
1143 3297 1255 3367 okmt·

123 3429 205 3495 nya,
222 3407 303 3474 mint
318 3407 417 3475 alabb
433 3408 511 3474 378.
528 3425 574 3476 sn.
590 3406 635 3493 a.)

236 3517 450 3584 Decernimus
466 3535 555 3601 ergo,
582 3523 618 3582 ut
633 3514 717 3583 nulli
734 3514 901 3585 hominum
923 3514 1024 3585 liceat
1037 3517 1126 3586 idem
1147 3520 1256 3588 Mona·

126 3621 262 3694 sterium
278 3632 400 3693 temere
416 3623 615 3711 perturbare,
642 3630 698 3691 aut
714 3623 783 3692 cius
799 3626 1026 3712 possessiones
1041 3627 1178 3716 auferre,
1202 3629 1256 3696 vel

128 3731 262 3801 ablatas
277 3733 426 3820 retinere,
443 3733 588 3800 minnere
598 3732 652 3798 vel
669 3733 850 3802 temerariis
865 3733 1094 3803 vexationibus
1103 3735 1256 3823 fatigare,

127 3840 189 3910 sed
204 3839 315 3909 omnia
330 3843 458 3928 integra
473 3847 704 3910 conserventur
719 3862 840 3930 eorum,
866 3863 927 3929 pro
944 3862 1079 3927 qnorum
1095 3844 1254 3928 guberna-

128 3952 223 4020 tione
239 3956 272 4018 et
295 3950 531 4018 sustentatione
544 3968 701 4018 concessa
715 3957 800 4037 sunt,
826 3949 937 4018 usibus
962 3949 1155 4019 omnimodis
1179 3972 1256 4037 pro-

126 4057 247 4144 lutura,
266 4059 361 4128 salva
377 4059 411 4126 in
427 4059 575 4152 omnibns
585 4058 681 4128 Sedis
690 4058 878 4146 Apostolice
887 4059 1089 4130 anctoritate.
1102 4059 1154 4126 Ad
1168 4059 1251 4128 indi-

128 4168 217 4235 cium
231 4173 340 4236 antem
356 4168 453 4236 huius
468 4171 622 4256 precepto
638 4166 753 4234 aSede
763 4166 956 4254 Apostolica
967 4165 1137 4253 libertatis,
1154 4188 1253 4237 unam

129 4273 248 4344 libram
273 4296 347 4344 cere
372 4275 466 4344 nobis
478 4328 488 4362 ,
514 4275 698 4362 nostrisque
724 4274 967 4343 successoribus
994 4275 1089 4344 annis
1117 4276 1257 4362 singulis

128 4384 335 4472 persolvetis.
355 4383 391 4452 Si
407 4406 472 4471 qna
487 4385 588 4472 igitur
602 4383 638 4450 in
653 4381 796 4452 futurum
812 4381 1039 4452 ecclesiastica
1058 4383 1257 4453 secularisve

130 4511 273 4580 persona
288 4493 373 4560 hanc
383 4499 493 4563 nostre
509 4491 750 4561 constitutionis
765 4491 923 4579 paginam
933 4493 1039 4560 aciens
1056 4497 1168 4559 contra
1184 4512 1258 4561 earn

129 4613 254 4672 temere
269 4600 382 4669 venire
406 4599 628 4690 temptaverit,
654 4598 807 4688 secundo,
832 4601 977 4670 terciove
1000 4600 1206 4689 commonita,
1230 4600 1262 4668 si
