3168 5186
881 959 959 1028 304.

360 1164 381 1228 1
388 1163 419 1228 V.
431 1163 510 1226 Be'lo
525 1157 691 1246 kirdlynulc
701 1158 792 1224 Seeck
809 1154 988 1242 (Statana)
999 1155 1131 1224 timetur
1146 1159 1296 1244 tu'rpyazd
1305 1159 1498 1245 admncinya

743 1267 813 1334 Fila
827 1271 983 1332 creatora.
1004 1265 1098 1330 1256.

319 1547 322 1558 .
475 1485 557 1552 Bela
579 1477 642 1550 De'i
666 1481 780 1567 gracia
798 1479 976 1566 Hungarie,
1000 1481 1180 1579 Dalmatio,
1201 1479 1347 1567 Oroatia,
1370 1485 1497 1564 Rame‚

358 1593 482 1678 Samia,
498 1590 645 1675 Galliae,
657 1588 861 1674 Lodomarie‚
877 1585 1098 1673 Oumanieqne
1110 1591 1180 1656 Rex
1196 1591 1346 1657 omnibus
1363 1590 1496 1656 curisti

358 1704 509 1772 fidelibus
532 1706 600 1766 tam
626 1696 833 1784 presentibus
858 1716 954 1782 quam
979 1697 1095 1764 tuturis
1122 1707 1306 1784 presentem
1326 1701 1495 1786 paginam

359 1807 553 1897 inspecturis
578 1809 718 1874 salutem
740 1805 775 1870 in
801 1804 944 1872 omnium
969 1804 1142 1873 saltatore.
1169 1805 1263 1884 Quod
1287 1807 1393 1890 Regia
1414 1805 1493 1872 Gei-

361 1918 469 1986 situdo
485 1912 529 1980 ad
545 1912 722 1979 remedium
740 1911 959 1978 subiectorum
969 1911 1104 1997 prouida
1119 1911 1249 1980 duxerit
1258 1911 1493 1994 ordinandum,

360 2026 541 2093 litterarum
557 2020 726 2089 consueuit
751 2018 934 2086 testimonio
952 2018 1145 2102 confirmari,
1171 2041 1213 2086 ne
1228 2039 1381 2106 processu
1408 2025 1492 2085 tem-

360 2151 473 2220 pornm
489 2131 522 2196 in
538 2129 663 2196 irritum
679 2127 885 2212 aliquatenus
900 2131 1079 2194 reuocetur.
1100 2126 1241 2195 Proinde
1257 2127 1301 2194 ad
1319 2129 1491 2194 uniuerso-

359 2261 430 2306 rum
445 2237 601 2304 noticiam
627 2236 776 2302 volumus
793 2234 974 2320 peruenire,
1001 2234 1174 2319 quodcum
1190 2255 1250 2302 nos
1274 2233 1490 2302 consideran-

359 2355 409 2414 tes
424 2344 521 2412 fidele
547 2341 718 2410 seminium
735 2342 819 2427 Pylo
835 2341 893 2426 filij
910 2341 1015 2426 Filey,
1040 2341 1233 2410 contulimus
1249 2341 1313 2409 sibi
1329 2342 1362 2407 in
1377 2342 1488 2410 Seeck

359 2463 480 2522 terram
495 2450 539 2517 ad
554 2450 619 2517 tria
633 2457 747 2515 aratra
762 2447 986 2532 sufficientem,
1013 2448 1054 2516 de
1069 2467 1135 2533 qua
1150 2449 1255 2516 fidelis
1274 2457 1384 2518 noster
1399 2450 1489 2534 Aba,

360 2581 456 2649 quem
472 2580 531 2646 pro
543 2555 734 2624 ordinandis
748 2556 847 2623 terris
857 2557 891 2622 in
902 2555 1025 2640 Scepus
1036 2555 1237 2640 miseramus,
1259 2557 1487 2640 retulitnobis,

359 2665 446 2752 quod
471 2666 505 2732 in
522 2665 636 2749 aliqua
661 2669 753 2750 parte
769 2669 856 2731 esset
872 2683 1053 2744 nemorosa,
1079 2661 1241 2749 lapidosa,
1266 2683 1326 2730 nec
1347 2664 1487 2750 piscinis

359 2773 491 2858 babilis,
509 2791 570 2838 nec
585 2768 800 2856 molendini13
827 2770 932 2837 dictus
949 2771 1015 2838 iam
1035 2769 1105 2836 nite
1121 2771 1179 2836 tali
1205 2771 1396 2839 condicione
1413 2790 1485 2837 earu

352 2864 549 2966 assmpsit,
576 2879 663 2965 quod
683 2899 742 2965 pro
767 2879 871 2945 tribus
896 2881 1016 2946 aratris
1041 2879 1082 2947 de
1107 2899 1148 2946 ea
1168 2879 1314 2960 sarciret,
1341 2886 1373 2947 et
1396 2879 1485 2963 quod

360 2988 490 3057 racione
516 2987 661 3055 eiusdem
676 2992 761 3054 terre
781 2986 875 3054 nobis
893 2991 1038 3053 teneatur
1052 2985 1095 3052 ad
1114 2987 1291 3053 exercitum
1307 2984 1481 3073 proficisci,

359 3115 399 3162 ac
415 3093 600 3183 peremnia
623 3093 711 3160 idem
728 3093 900 3162 seruicinm
927 3093 1092 3179 exhibere,
1116 3093 1201 3179 qnod
1218 3093 1274 3178 alij
1288 3092 1484 3178 jobagiones

360 3203 401 3270 de
426 3204 548 3288 Soepus
574 3200 682 3268 facere
709 3205 965 3286 oonsnevomnt,
986 3200 1070 3268 sient
1094 3201 1127 3266 in
1152 3199 1296 3288 ipsorum
1322 3202 1482 3267 communi

360 3308 533 3397 priuilegio
545 3327 643 3394 super
658 3307 809 3375 libertate
820 3327 882 3374 sua
896 3307 1020 3392 habita,
1037 3308 1166 3394 plenius
1176 3306 1366 3376 continetur.
1383 3307 1481 3375 Cuius

360 3423 445 3483 terre
470 3413 578 3501 prima
602 3421 706 3500 meta,
738 3422 834 3500 prout
859 3413 892 3480 in
917 3414 1036 3482 titteris
1059 3415 1210 3500 Magistri
1235 3415 1306 3482 Abe
1332 3415 1480 3498 uidimus,

359 3521 473 3610 incipit
498 3526 638 3608 aprato,
665 3521 824 3588 veniendo
850 3520 891 3587 da
906 3522 991 3589 Foro
1010 3523 1170 3590 Sabbathi
1195 3525 1229 3591 in
1254 3524 1371 3590 semita
1392 3523 1482 3590 vadit

360 3650 419 3718 per
436 3638 577 3698 montem
589 3628 879 3697 Cost'transenndo
891 3629 1029 3698 riunlnm
1039 3629 1160 3714 Sennis,
1177 3629 1325 3698 aseendit
1340 3630 1385 3696 ad
1396 3651 1479 3698 mon·

359 3746 425 3806 tem
441 3756 544 3823 usque
559 3737 602 3803 ad
619 3737 728 3821 riam3
745 3735 866 3804 ibidem
882 3737 999 3806 transit
1014 3739 1115 3804 alium
1135 3745 1275 3805 montem
1291 3737 1379 3820 Cost,
1396 3735 1479 3804 cadit

358 3846 392 3912 in
409 3844 550 3911 rinulnm
565 3842 753 3930 Melpotok3
772 3843 847 3912 inde
863 3843 979 3911 transit
994 3863 1108 3912 versus
1126 3845 1273 3911 Saxones
1298 3843 1339 3910 de
1354 3844 1477 3930 Poprad

359 3952 402 4019 ad
419 3951 582 4036 quoddam
598 3957 739 4038 pratum,
765 3952 846 4018 etin
862 3951 1008 4020 eiusdem
1023 3951 1109 4039 prati
1124 3951 1229 4020 riuulo
1255 3950 1421 4020 descendit
1435 3952 1475 4018 ad

358 4060 527 4145 quandam
543 4057 715 4147 paludem;
744 4059 821 4125 inde
836 4060 941 4126 tendit
956 4059 999 4127 ad
1014 4059 1146 4145 fontem,
1173 4069 1206 4128 et
1221 4060 1305 4128 re'dit
1320 4061 1364 4127 ad
1380 4065 1476 4128 metas

358 4167 552 4234 antedictas.
579 4166 621 4232 Vt
637 4166 736 4250 igitur
751 4171 864 4234 nostra
887 4168 1089 4234 confirmacio
1105 4167 1200 4236 fidem
1225 4166 1389 4253 roburque
1411 4186 1472 4253 per-

359 4281 456 4361 petue
483 4273 644 4342 firmitatis
661 4273 815 4359 obtineat,
842 4281 1010 4362 presentes
1025 4275 1153 4344 litteras
1178 4282 1307 4344 nostras
1333 4273 1474 4342 dedimus

359 4383 521 4470 dupplicis
537 4381 639 4467 sigilli
655 4382 758 4450 nostri
774 4383 950 4450 munimine
966 4382 1149 4451 roboratas.
1165 4385 1286 4452 Datum
1299 4401 1472 4469 permanes

358 4491 508 4574 Magistri
534 4488 707 4573 Smaragdi
723 4487 876 4557 Albensis
901 4490 1063 4576 Prepesiti
1087 4493 1163 4560 aule
1186 4499 1294 4560 nostre
1311 4489 1472 4558 Viae-Oan-

358 4595 495 4680 celtarij,
522 4614 607 4664 anno
625 4597 757 4664 Domini
775 4596 948 4665 millesimo
973 4596 1195 4668 ducentesimo
1211 4597 1471 4686 quinquagesimo
