3168 5186
533 367 691 466 ..337-

39 562 246 631 ridionalem
263 565 396 651 plagam
412 563 445 630 in
460 564 560 632 fluuio
576 564 712 651 Ruioba,
737 573 769 631 et
786 565 887 632 tendit
904 563 947 631 ad
964 561 1175 646 ooeidentem,

40 670 95 737 rbi
113 681 170 741 est
188 679 391 742 metaterrea
403 673 440 753 ‚in
456 674 545 758 tilia;
565 673 641 740 inde
657 673 700 739 ad
715 673 814 740 aliam
824 673 947 758 tiliam;
966 672 1173 740 inderemus

38 780 246 849 oeeidentem
261 782 305 849 ad
322 783 471 850 arborem
488 785 549 868 ayt,
565 782 626 848 eub
642 801 707 865 qua
724 788 774 848 est
790 788 876 848 meta
891 789 1017 866 terrea;
1036 780 1112 846 inde
1130 780 1172 845 ad

40 889 198 958 arborem
214 916 316 980 epum
332 891 406 958 inde
422 891 465 957 ad
481 891 647 974 quandam
662 892 750 956 viam
762 891 804 956 ad
821 891 950 976 epwqfa,
967 889 1027 956 nub
1044 910 1110 974 qua
1125 895 1175 956 est

40 1005 130 1065 meta
147 1007 278 1087 terrea,
295 999 372 1068 inde
388 1020 501 1068 verens
518 999 684 1066 meridiem
700 996 743 1064 ad
761 999 927 1083 angulum,
948 999 1005 1064 vbi
1020 1005 1070 1066 eat
1086 1004 1173 1066 meta

41 1108 102 1174 sub
119 1109 243 1177 arbore
259 1111 397 1198 equorfa3
416 1109 492 1176 inde
503 1128 614 1175 versun
630 1107 885 1186 occidentemque
899 1107 1033 1175 fluuium
1046 1107 1173 1192 Volika,

40 1223 73 1282 et
87 1216 138 1282 ibi
157 1224 211 1285 eet
226 1223 312 1284 meta
324 1219 385 1286 sub
401 1237 508 1303 pomo,
526 1219 636 1303 ibique
652 1223 894 1284 eommetanene
911 1224 961 1283 eet
976 1218 1123 1298 Morton;
1140 1217 1173 1282 in

40 1325 159 1393 eodem
177 1327 278 1396 fluuio
295 1323 413 1394 velika
428 1327 532 1396 tendit
547 1328 590 1395 ad
605 1335 731 1413 partem
747 1328 1047 1414 septemtrionalem
1061 1352 1069 1412 ;
1095 1326 1173 1393 inde

40 1436 196 1521 peruenit
210 1435 253 1502 ad
269 1436 434 1521 angulum,
454 1437 509 1503 vbi
525 1437 585 1503 sub
601 1458 697 1523 pomo
709 1443 758 1503 est
775 1443 860 1503 meta
876 1443 1001 1523 terrea,
1020 1436 1096 1504 inde
1114 1454 1173 1523 per

44 1564 203 1629 magnam
221 1543 425 1613 viamtendit
440 1545 659 1628 adorientem,
678 1553 709 1611 ot
725 1547 871 1633 pervenit
888 1547 929 1612 ad
946 1545 1080 1614 fluuium
1090 1547 1173 1631 Roy-

42 1654 114 1738 eba‚
133 1653 249 1740 ibique
264 1661 315 1723 eet
330 1659 427 1738 meta,
454 1661 487 1720 et
502 1655 605 1722 tendit
620 1655 662 1721 ad
689 1655 829 1741 priorem
845 1663 974 1740 metam,
1000 1662 1033 1721 et
1049 1662 1172 1724 conter—
1297 1652 1305 1682 ⁸

41 1762 192 1829 minatur
207 1783 336 1850 semper
351 1763 429 1830 ville
443 1763 505 1832 fori
522 1765 563 1830 de
579 1764 715 1846 Ruioba,
741 1763 851 1848 ibique
867 1767 1066 1833 terminatur.
1091 1767 1172 1832 ltem

43 1877 129 1939 mete
145 1879 240 1938 terre
254 1873 395 1958 Margya
411 1879 444 1938 et
460 1871 615 1940 Gerdoua
630 1873 769 1942 liliorum
785 1875 895 1960 Dotyn
914 1873 1098 1958 diriguntur
1112 1873 1171 1940 tali

42 1977 140 2048 modo
160 2002 169 2044 :
187 1980 297 2048 Prima
313 1987 400 2048 meta
416 1981 529 2068 incipit
543 1981 586 2047 ab
603 1981 772 2051 oeeidente
788 1983 821 2049 in
839 1981 937 2050 fluuio
948 1981 1096 2069 Konzlra,
1117 1981 1172 2048 vbi

44 2087 173 2157 rinulue
188 2089 290 2176 Sulyo
317 2091 406 2157 eadit
422 2091 455 2156 in
471 2090 579 2178 ipsam
596 2092 753 2178 Konnka;
779 2091 856 2159 inde
872 2113 929 2179 per
945 2091 1050 2179 ipsum
1070 2093 1172 2178 Sulyo

45 2195 87 2263 ad
103 2198 296 2282 aquilonem
321 2199 427 2267 eundo
444 2199 478 2267 in
495 2201 579 2268 bono
604 2200 718 2287 spaeio
735 2200 883 2287 peruenit
908 2201 951 2268 ad
975 2202 1091 2287 looum,
1118 2200 1173 2268 vbi

45 2305 129 2372 ulter
154 2305 283 2374 riuulue
309 2307 467 2375 Teutonik
493 2308 582 2376 eadit
606 2309 639 2374 in
666 2309 699 2376 in
716 2309 823 2396 ipsum
848 2308 986 2396 Suloob3
1013 2309 1088 2376 inde
1112 2330 1171 2396 per

46 2414 153 2500 ipsum
162 2413 342 2482 'Perutenik
358 2416 391 2482 in
405 2415 531 2484 modioo
543 2418 656 2504 speeie
672 2416 777 2485 eundo
788 2417 876 2484 venit
886 2437 986 2504 penes
996 2417 1172 2486 Jeebmene

47 2522 86 2587 ab
103 2521 296 2609 oeeideute;
314 2521 390 2590 inde
407 2525 515 2610 pergit
531 2536 562 2594 et
579 2525 666 2592 venit
682 2525 726 2592 ad
741 2525 873 2593 demum
889 2530 1034 2614 reqoeeie,
1051 2524 1092 2592 de
1109 2545 1172 2611 quo

48 2650 183 2715 paruum
204 2631 309 2699 eundo
326 2631 416 2699 venit
431 2632 476 2699 ad
492 2641 590 2719 eaput
600 2632 769 2701 euiuedam
785 2634 884 2721 putei,
902 2633 942 2701 de
959 2654 1022 2720 quo
1039 2633 1172 2702 diuertit

48 2737 273 2826 adorientem,
290 2747 322 2806 et
338 2739 483 2826 procedit
498 2760 556 2828 per
572 2743 645 2808 looa
659 2741 828 2828 spinarum
845 2741 878 2808 in
896 2741 980 2810 bono
997 2741 1122 2828 apaoio,
1138 2752 1172 2810 et

7 2893 15 2916 .
51 2845 135 2914 eadit
150 2847 198 2914 ad
223 2866 359 2933 paruam
376 2847 594 2936 Konuebiebe,
620 2868 679 2936 per
693 2869 790 2933 quam
816 2850 924 2936 pergit
939 2850 983 2916 od
1006 2847 1172 2917 meridiem

50 2954 197 3042 inlongo
212 2957 334 3042 epaoio,
352 2956 406 3024 vbi
422 2977 523 3044 prope
533 2957 701 3026 Konzkam
718 2977 871 3042 magnam
889 2957 1022 3026 diuertit
1036 2978 1172 3045 paruum

52 3061 278 3150 adorientem,
295 3071 327 3131 et
343 3064 431 3131 eadit
445 3085 505 3153 per
521 3086 649 3134 eorsum
666 3065 769 3152 ipsius
785 3065 882 3133 riuuli
903 3067 1039 3133 Konuka
1054 3068 1086 3133 in
1106 3089 1173 3135 ma·

53 3192 147 3256 qnam
164 3173 349 3262 Konukam,
375 3192 433 3261 per
449 3195 547 3259 quam
571 3175 604 3241 in
622 3175 719 3258 longo
745 3174 857 3261 spacio
883 3173 988 3242 eundo
1015 3175 1106 3242 eadit
1128 3177 1172 3243 ad

52 3280 191 3366 priorem
208 3287 338 3368 metam,
356 3289 388 3349 et
403 3281 448 3348 ibi
465 3282 664 3350 terminatur.
682 3284 719 3349 ln
737 3281 827 3350 euius
844 3282 891 3349 rei
907 3283 1120 3352 stabilitatem
1136 3287 1170 3352 in

54 3397 277 3476 argumentum
291 3389 458 3478 amplioris
474 3390 550 3458 fidei
574 3391 618 3460 ad
634 3391 829 3459 instanciam
845 3392 994 3477 superine
1013 3391 1171 3462 dietomm

53 3499 202 3586 virorum,
220 3507 253 3568 et
267 3498 427 3569 lobannis
442 3499 501 3585 filij
517 3499 678 3598 Vrbanue,
695 3500 837 3584 Dragos,
860 3499 1007 3586 Porebie,
1025 3500 1170 3587 Vydoea,

54 3607 195 3695 llergye,
211 3613 246 3677 et
260 3606 416 3676 Gordoba
432 3607 557 3675 litteras
574 3615 741 3695 presentes
768 3608 877 3693 sigillo
893 3613 1004 3676 nostro
1028 3610 1169 3679 munitae

11 3775 16 3790 ,
56 3714 202 3785 duximus
225 3716 459 3785 ooneetleudae.
485 3718 605 3784 Datum
631 3737 716 3783 anno
732 3714 901 3782 Dominiee
927 3716 1170 3787 lnearnaeiouie

56 3823 95 3889 ll⁰
104 3825 325 3894 ducentesimo
335 3827 605 3913 quinquagesimo
621 3825 742 3911 quinto.

57 4024 185 4086 (birodetle
198 4025 371 4096 bbrlu'rrtytn,
386 4023 523 4082 ebinnalr
536 4024 611 4078 t'ehbr
620 4023 849 4092 eelyemueinbron
862 4025 947 4092 itiggb
959 4026 1077 4094 peeebtja
1089 4028 1167 4090 alati.

354 4133 371 4168 a
383 4119 466 4169 burlai
479 4119 530 4169 kin.
544 4119 667 4169 kamaroi
680 4113 869 4183 lovelttrban.)

480 4403 743 4426 w
