3210 5194
97 1133 149 1200 IX.
167 1130 310 1217 Gerpety
329 1135 423 1220 pcipe
439 1153 459 1192 u
477 1131 564 1195 oderi
577 1129 732 1216 ptlrptllco't
743 1126 947 1216 fclazolla‘tju,
963 1130 1043 1216 kopp
1062 1151 1082 1194 α
1099 1125 1227 1193 tcta'rolc

291 1238 371 1304 ella
387 1239 535 1304 kereaztes
552 1238 684 1303 haumar
699 1235 909 1304 tia-detranat.
936 1238 1032 1304 1241.

199 1434 387 1519 Gregorius
412 1435 593 1522 Episcopus
625 1455 740 1502 seruus
766 1453 932 1502 seruorum
956 1433 1019 1500 Dei
1046 1431 1226 1500 venerabili

97 1542 184 1608 tratri
203 1595 253 1610 ...
273 1544 441 1629 Episcopo
453 1543 616 1609 Waoiensi
634 1542 773 1608 salutem
790 1547 822 1609 et
838 1539 1061 1629 Apostolieam
1080 1538 1227 1606 benedie-

97 1651 225 1717 tionem.
256 1652 381 1718 Vocem
398 1650 432 1716 in
449 1650 578 1716 excelso
604 1649 847 1715 lamentationis
863 1656 896 1714 et
919 1647 1013 1714 flotus
1030 1646 1226 1730 audivimus,

98 1763 201 1825 ctnos
228 1757 344 1824 multis
371 1756 542 1824 amaricati
558 1756 723 1822 doloribus
750 1754 968 1842 deploramus,
995 1754 1081 1840 quod
1105 1753 1228 1820 iacula·

99 1874 161 1931 tum
178 1864 221 1931 de
239 1866 314 1931 celo
332 1861 485 1930 iudicium
497 1864 562 1928 iam
580 1863 797 1948 depopulatur
814 1861 955 1948 undique
976 1864 1131 1949 populum
1149 1861 1229 1928 chri·

98 1971 250 2057 stianum,
287 1970 375 2053 quod
401 1971 577 2037 infidelium
603 1969 733 2055 gladius
759 1969 929 2037 infideles
954 1970 1122 2057 reciproca
1147 1967 1227 2035 eodo

99 2079 318 2162 convertitur,
345 2078 435 2143 etin
461 2077 663 2144 christicolas
689 2097 892 2163 paganorum
917 2097 1026 2143 mucro
1055 2074 1228 2142 crudeliter

102 2185 316 2253 debachatur.
344 2183 475 2252 Clamor
491 2187 577 2251 enim
604 2187 761 2252 scelerum
777 2187 911 2252 humani
927 2186 1055 2270 generis
1075 2183 1228 2269 multipli-

97 2301 197 2379 catus,
217 2293 404 2361 ascendens
417 2295 450 2360 in
467 2314 561 2361 aures
572 2294 715 2362 omnium
728 2293 915 2377 conditoris,
932 2293 1050 2380 ipsum,
1067 2293 1122 2376 qui
1133 2293 1227 2377 quasi

99 2423 160 2469 non
170 2401 293 2469 videns
309 2402 372 2468 buc
383 2420 486 2484 usque
502 2403 615 2485 tacuit,
632 2404 687 2487 qui
703 2405 933 2470 correctionem
945 2401 1056 2489 populi
1073 2401 1124 2466 sui
1139 2400 1229 2466 velut

98 2509 226 2594 patiens
252 2509 451 2596 expectavit,
476 2512 614 2578 ultorem
630 2511 834 2596 iniquitatum
853 2510 998 2598 gladium
1024 2510 1131 2594 coegit
1155 2527 1226 2573 exe-

99 2637 186 2701 rere,
215 2625 251 2684 et
278 2619 320 2684 ab
347 2618 450 2685 oculis
476 2619 633 2704 patientie
659 2638 716 2685 sue
742 2619 1023 2686 abhominationes
1052 2615 1227 2684 emundare

101 2725 320 2809 flagitiorum,
348 2726 495 2811 expetita
520 2726 655 2809 gravide
680 2728 907 2813 peecatoribus
933 2728 1070 2810 ultione3
1095 2730 1229 2811 propter

100 2832 185 2914 quod
202 2853 328 2917 omnes,
347 2851 480 2916 quorum
497 2833 596 2899 eorda
612 2835 707 2901 timor
723 2834 854 2900 Domini
871 2834 989 2918 tetigit,
1016 2839 1145 2920 opertos
1162 2832 1228 2900 cili-

102 2941 157 3010 ciis
174 2951 208 3010 ct
223 2962 382 3027 aspersos
399 2942 507 3008 cinere
524 2943 558 3008 iu
574 2943 713 3028 suspirio
739 2953 770 3009 et
788 2944 929 3011 lacrimis
947 2944 1100 3010 Divinam
1116 2961 1228 3009 eonve-

102 3048 145 3114 nit
170 3050 431 3116 miscricordiam
447 3049 630 3135 implorare,
660 3052 764 3133 utqui
781 3071 907 3137 semper
928 3051 973 3116 ad
997 3051 1228 3134 ignoscendum

103 3156 218 3224 multus
249 3157 364 3244 extitit,
393 3156 447 3241 qui
463 3157 652 3242 prestabilis
679 3177 777 3243 super
793 3158 921 3224 malitia
948 3159 1034 3225 omni
1054 3177 1127 3224 esse
1152 3165 1229 3222 tem-

102 3247 177 3349 pore
191 3265 375 3349 consuevit,
402 3272 547 3330 exertum
564 3265 709 3348 gladium
727 3267 769 3331 ad
789 3267 941 3351 vaginam
963 3265 1072 3331 iubeat
1089 3265 1228 3350 regredi,

105 3375 233 3440 stiram
252 3373 419 3458 ingentes,
437 3392 498 3454 que
513 3373 604 3438 illum
621 3382 862 3458 nonnoverunt,
881 3371 1058 3458 effundens,
1079 3373 1230 3455 dignetur

105 3477 221 3564 populo
242 3478 300 3543 filii
317 3480 366 3544 sui
383 3479 536 3561 insignito
558 3486 725 3545 caractere
742 3481 897 3546 misereri.
919 3479 1092 3566 Speremus
1108 3485 1228 3565 autem,

104 3586 186 3668 quod
202 3587 267 3652 etsi
279 3586 368 3652 Deus
384 3592 494 3651 noster
509 3606 570 3652 nos
586 3585 668 3652 dura
687 3587 909 3673 increpatione
921 3587 1116 3671 redarguere
1135 3607 1227 3673 oepe-

106 3692 154 3775 rit,
179 3695 297 3777 Regna
322 3698 441 3776 tamen,
469 3711 532 3776 que
558 3692 661 3778 ipsius
687 3712 804 3759 nomen
830 3693 991 3776 invocant,
1016 3713 1036 3758 a
1059 3692 1145 3761 facie
1169 3715 1230 3761 sua

108 3799 294 3886 disperdere
319 3821 382 3867 non
399 3799 555 3885 intendit,
582 3803 658 3884 quin
676 3802 774 3866 immo
791 3821 812 3866 a
828 3821 913 3887 pena
932 3809 1093 3886 perpetua
1118 3821 1229 3888 pecca-

106 3914 187 3976 tores
213 3916 308 3975 aurat
324 3909 461 3995 eripere,
489 3909 605 3993 quibus
621 3909 811 3995 temporalis
828 3909 936 3977 studet
961 3909 1091 3975 ultionis
1112 3909 1229 3975 benefi-

105 4017 185 4082 cium
201 4017 247 4084 ad
258 4016 508 4102 castigationem
522 4019 625 4085 nostri
635 4019 766 4103 generis
783 4017 957 4103 adhibere,
973 4017 1051 4101 quia
1067 4016 1128 4084 etsi
1144 4015 1228 4082 lilios

104 4125 233 4193 Israelis
261 4128 432 4212 temptatio
459 4129 571 4194 mortis
588 4131 620 4194 in
637 4129 768 4196 heremo
795 4126 989 4212 quandoque
1015 4125 1167 4211 tetigerit,
1194 4125 1227 4190 in

107 4233 149 4300 eis
165 4243 276 4302 tamen
292 4234 342 4301 ira
357 4235 487 4302 Domini
503 4234 625 4304 diutius
641 4257 706 4303 non
731 4237 918 4323 permansit.
947 4237 1064 4301 Verum
1081 4233 1141 4302 etsi
1157 4254 1229 4319 gra-

106 4341 183 4408 viter
198 4342 241 4410 de
258 4343 401 4409 omnium
418 4343 560 4412 fidolium
581 4344 793 4431 oppressione
819 4345 994 4427 turbemur,
1012 4362 1110 4428 super
1130 4339 1229 4407 afflic-

108 4448 189 4518 tione
204 4459 319 4518 tamen
335 4453 439 4536 Regni
450 4453 602 4540 Ungarie,
621 4453 707 4538 quod
723 4474 744 4519 a
761 4452 909 4518 Tartaris
930 4451 1080 4518 invasum
1091 4456 1123 4516 et
1139 4468 1228 4516 oceu-

108 4565 213 4642 patum
238 4581 300 4648 pro
317 4579 442 4645 magna
466 4571 569 4650 parte,
590 4563 624 4628 in
650 4563 791 4629 lectione
806 4561 987 4628 litterarum
1012 4567 1140 4626 tuarum
1163 4576 1228 4623 nou

110 4667 174 4733 sine
189 4671 365 4736 multarum
391 4669 598 4738 lacrimarum
615 4671 772 4738 effusione
799 4668 979 4753 didicimus,
998 4689 1036 4736 eo
1053 4666 1227 4755 specialior
