3186 5188
623 369 688 431 ‘259

73 563 171 648 quasi
199 563 438 631 circumeundo
464 563 627 631 modicum
651 582 710 650 per
730 582 828 630 vnum
853 565 1115 652 ncrharstbalto;
1142 568 1220 636 inde

75 672 160 738 inste
176 671 326 738 tenendo
341 669 385 736 cd
397 675 501 738 metas
512 669 648 738 Comitis
658 670 860 757 Boglrumirij
878 691 1007 759 semper
1021 674 1065 741 ad
1079 681 1220 761 septem

75 778 220 845 trionem
248 778 354 845 tendit
379 777 513 863 ibidem,
539 778 595 844 vbi
622 786 817 866 separantur
842 787 927 848 mete
951 782 995 848 ab
1020 781 1169 866 inuicem,
1186 787 1221 849 et

77 887 202 952 intrant
229 885 368 952 fluuium
383 885 559 953 Werbicbe
576 883 620 952 ad
646 887 803 952 orientem
820 887 919 972 solis;
937 888 1054 955 deinde
1073 886 1222 976 procedit

75 993 162 1060 infra
177 1013 245 1079 per
274 995 381 1081 ipsum
397 993 574 1061 Werbiche
599 1000 713 1062 contra
736 995 917 1080 meridiem,
943 1002 976 1062 et
999 996 1076 1072 inde
1099 997 1217 1064 iterato

76 1101 165 1168 uenit
182 1100 231 1168 ad
249 1120 351 1168 snam
375 1101 526 1168 arborem
543 1100 665 1185 salicis,
691 1101 725 1168 in
741 1121 807 1185 qna
822 1104 891 1170 fixa
905 1112 956 1170 est
980 1103 1086 1171 clauis
1110 1109 1143 1171 et
1158 1123 1217 1170 sex

78 1208 238 1278 clauiculi
266 1209 386 1293 serrei3
412 1207 489 1276 inde
503 1209 683 1296 pertransit
708 1209 844 1276 fluuium
859 1209 1035 1277 Werbicbe
1057 1216 1090 1277 et
1112 1211 1218 1279 tendit

79 1327 164 1383 recto
182 1317 287 1384 modo
305 1316 349 1384 ad
364 1316 497 1384 fluuium
507 1316 628 1401 Wagb,
643 1315 701 1382 vbi
717 1325 767 1382 est
782 1335 866 1402 pons
880 1316 993 1401 Bosin,
1010 1319 1043 1384 in
1059 1320 1124 1384 fine
1139 1338 1216 1403 pon-

79 1426 119 1491 tis
134 1431 204 1490 stat
220 1424 323 1490 arbor
339 1423 463 1509 salicis,
489 1425 522 1490 in
538 1443 604 1507 qua
620 1421 677 1488 bxi
700 1430 778 1489 sunt
792 1424 944 1490 clauiculi
963 1424 1117 1509 Bobatis;
1138 1425 1214 1492 inde

79 1529 255 1598 descendit
271 1550 331 1618 per
346 1529 481 1598 fluuium
495 1530 604 1615 Wagh
621 1527 665 1596 ad
679 1530 808 1616 priores
823 1537 937 1615 metas,
954 1538 987 1597 et
1002 1530 1048 1598 ibi
1063 1530 1215 1599 termina-

81 1649 139 1706 tur.
155 1638 229 1705 Nos
246 1658 328 1706 vero
341 1636 499 1723 inspectis
514 1636 664 1721 seruicijs
674 1637 903 1722 predictorum,
919 1655 982 1720 que
998 1636 1093 1704 nobis
1109 1673 1153 1686 -
1170 1675 1209 1684 —

78 1781 121 1794 —
136 1783 182 1794 -
196 1783 246 1796 -
263 1783 309 1793 —
325 1743 545 1831 imperciendo
561 1745 785 1828 exhibuerunt,
803 1761 867 1829 que
879 1763 1032 1811 enarrare
1047 1763 1111 1810 non
1127 1743 1213 1812 suifi-

84 1855 193 1938 cimus,
210 1850 407 1938 inquirendo
424 1859 457 1919 et
472 1849 670 1918 debellando
685 1851 906 1919 ferocissimos
913 1850 1071 1918 Tartaron
1087 1849 1212 1917 crudeli

85 1963 228 2046 periculo
246 1960 362 2028 mortis
378 1979 414 2026 se
430 1959 522 2044 ipsos
538 1964 750 2044 opponentes,
769 1977 830 2026 nec
844 1979 909 2027 non
926 1957 967 2023 ob
983 1957 1099 2023 merita
1113 1957 1211 2024 serui-

85 2069 214 2154 ciornm,
242 2069 286 2136 de
310 2067 448 2134 consilio
465 2073 497 2132 et
511 2103 556 2116 -
569 2101 614 2116 -
629 2102 674 2114 -
691 2103 730 2112 —
748 2063 854 2149 Regni
877 2064 980 2134 nostri
1004 2061 1160 2130 nobilium
1180 2069 1212 2130 ct

84 2177 262 2260 llaronum,
280 2175 321 2242 de
337 2173 540 2258 benignitate
549 2169 655 2256 Regia
669 2169 755 2238 banc
768 2170 915 2258 graciam
925 2169 1049 2237 eisdem
1061 2169 1211 2236 duximus

88 2281 318 2350 conferendam
342 2281 377 2348 in
401 2280 610 2366 possessione
638 2279 769 2362 collata,
794 2277 941 2362 rogando
966 2283 998 2343 et
1026 2276 1210 2342 mandando

85 2387 168 2458 fideli
193 2397 321 2472 nostro,
345 2389 449 2475 primo
474 2386 701 2473 principaliter
724 2385 841 2454 domiti
864 2387 907 2452 de
922 2386 1035 2454 Zolom
1050 2387 1084 2451 in
1100 2383 1211 2451 secula

87 2499 268 2566 seculorum
293 2496 541 2566 succedentibus
556 2513 615 2580 pro
640 2493 723 2580 ipsis
748 2500 781 2560 et
805 2514 877 2562 cum
901 2493 993 2580 ipsis,
1019 2498 1055 2557 vt
1078 2490 1209 2560 eosdem

88 2613 234 2691 protegat
259 2612 294 2674 et
317 2605 479 2691 gubernet
503 2602 536 2669 in
556 2601 791 2687 temporalibus
816 2608 924 2686 preter
948 2599 1087 2666 seruicia
1103 2597 1211 2683 Regia

88 2723 116 2782 et
134 2713 273 2782 Comitis
296 2715 337 2780 de
353 2713 484 2797 Zolom;
512 2712 589 2778 item
617 2711 660 2776 ab
684 2708 772 2777 omni
797 2709 932 2792 negocio
960 2706 1209 2793 prouincialium

89 2833 229 2911 excepto,
247 2833 357 2912 preter
372 2822 542 2906 negocium
558 2819 695 2887 Comitis
717 2819 758 2886 de
773 2819 904 2902 Zolom5
931 2838 991 2886 nec
1006 2837 1070 2884 non
1085 2817 1128 2882 ab
1143 2835 1210 2884 om·

90 2933 179 3000 nibus
214 2929 447 2999 exaccionibus
482 2935 515 2994 et
539 2926 684 2994 collectis
719 2931 828 3011 preter
851 2923 987 2992 Comitis
1022 2921 1208 3008 supradicti.

90 3039 240 3108 Volumus
268 3047 302 3106 et
316 3037 402 3104 hano
426 3025 611 3102 libertatem
636 3031 759 3100 eisdem
784 3031 950 3113 allcuiare,
976 3029 1063 3112 quod
1090 3027 1208 3094 nullius

92 3152 253 3234 presencie
271 3151 482 3233 compareant
497 3144 551 3212 vel
566 3141 713 3222 nitentur,
730 3147 839 3226 preter
849 3139 986 3220 Regiam
1003 3135 1208 3202 Preseneiam

91 3269 119 3322 ct
144 3256 281 3324 Comitis
305 3255 348 3322 dc
372 3252 505 3336 Zolom,
531 3251 596 3316 imo
622 3248 651 3316 si
678 3247 826 3314 inducias
851 3265 1023 3338 causarum
1048 3241 1209 3310 voluerint

91 3361 205 3449 differe,
232 3363 400 3431 biennium
416 3361 468 3426 vel
485 3356 660 3425 trienninm
682 3355 772 3422 licite
787 3353 912 3421 eisdem
937 3350 1079 3418 debeant
1100 3368 1209 3433 proro·

91 3489 173 3555 gare,
189 3473 285 3538 salno
301 3469 371 3538 inre
387 3466 522 3536 Comitis
538 3464 579 3532 dc
594 3464 717 3532 Zolom.
745 3463 865 3530 Volens
881 3457 988 3526 adbuc
1001 3456 1089 3523 idern
1108 3457 1207 3525 Bosin

93 3578 204 3666 scripta
219 3599 282 3647 sua
308 3577 414 3662 magis
441 3578 475 3642 in
492 3575 596 3640 lucem
613 3571 764 3656 prolerre,
790 3569 875 3636 lilios
900 3585 975 3634 suos
995 3565 1091 3632 (lurie
1106 3566 1207 3650 Regie

94 3685 335 3754 commendauit.
351 3685 390 3750 In
400 3683 490 3751 cuins
505 3681 553 3748 rei
563 3677 749 3746 memoriam
760 3683 793 3742 et
807 3677 904 3742 robur
914 3681 1071 3760 perpetue
1082 3674 1206 3740 stabili-

93 3792 161 3859 tatis
185 3800 354 3880 presentes
380 3791 507 3858 litteras
532 3792 662 3853 nostras
690 3782 910 3850 concessimus
935 3779 1075 3866 duplicis
1106 3779 1207 3862 sigilli

95 3903 185 3968 nostri
201 3901 377 3969 munimine
393 3897 575 3966 roboratas.
592 3893 712 3958 Datum
728 3908 786 3975 per
801 3907 917 3956 manus
927 3885 1037 3954 dilecti
1053 3893 1085 3953 et
1100 3884 1205 3950 tidelis

96 4007 286 4077 Venerabilis
302 4001 471 4072 Benedicti
488 3995 734 4084 Archiepiscopi
750 3993 937 4062 colocensis
953 3992 1039 4081 (lgy)
1060 3988 1134 4056 anle
1149 4010 1204 4056 no-

96 4123 153 4180 stre
162 4113 354 4196 Cancellarij
366 4129 450 4178 anno
465 4106 596 4176 Domini
606 4102 801 4172 millesimod
812 4101 1011 4169 ucentcsimo
1027 4097 1205 4183 quadrage

95 4223 306 4290 sinooctano.

371 4379 420 4450 (az
434 4373 607 4442 Olrolicsdnyi
620 4370 710 4426 caaldd
722 4367 917 4435 levdltdrrlbdl.)
1017 4435 1021 4440 Ι

552 4559 775 4576 nun—“t-
