3186 5188
12 400 15 487 Ι(

635 296 792 400 „¹2³1-

141 493 236 560 Petri
254 493 437 580 Budensis;
464 503 593 580 aparte
617 513 695 561 uero
720 492 917 564 occidentali
940 501 991 562 est
1015 495 1171 580 contigua
1194 503 1280 564 terre

137 603 341 690 populorum
366 604 409 670 de
427 602 507 670 uillu
523 603 683 686 Baseneu,
709 609 742 668 et
757 603 790 668 in
809 600 925 669 eedem
941 608 1029 670 terra
1045 597 1174 673 Pardeu
1190 603 1278 671 dedi·

140 730 216 778 mus
233 711 300 779 duo
317 711 506 780 molendina
523 710 610 778 circa
626 710 759 778 fluuium
780 709 904 778 Bakus.
930 707 1013 777 Item
1027 717 1094 779 tres
1114 729 1228 780 seruos
1244 714 1277 780 in

139 821 264 887 eadem
280 827 369 888 terra
385 819 512 886 Pardeu
530 819 718 903 residentes,
737 817 888 886 videlicet
903 819 1044 902 Simoun‚
1063 825 1095 885 et
1111 820 1277 887 Montanus

140 927 250 995 filium
267 929 348 1012 eius,
366 927 600 1012 aonmeonem
617 927 748 993 tratrem
759 925 839 992 cius.
857 925 938 993 Item
953 926 1076 994 inuitla
1090 965 1127 975 —
1142 965 1183 974 —
1194 947 1276 994 eueu

139 1033 228 1104 duas
247 1038 436 1104 mansiones
463 1033 677 1102 castrensium
695 1035 735 1100 de
754 1035 941 1120 Zulgugeur
967 1034 1159 1101 subendam
1182 1034 1276 1100 liher-

139 1149 223 1228 tata‚
259 1145 344 1213 siout
369 1145 412 1210 ad
439 1143 589 1210 Castrum
614 1143 830 1230 pertinebant.
863 1141 1004 1208 Nomina
1031 1161 1106 1209 uero
1132 1143 1274 1227 ipsorum

139 1252 341 1319 rusticorum
358 1253 483 1320 suntid.
501 1252 579 1320 ilem
597 1250 792 1334 ethlndarej.
811 1249 1013 1318 Oontotimus
1028 1251 1132 1316 eciam
1144 1248 1275 1315 vineam

142 1361 278 1446 Nicoloj
296 1359 498 1444 maccellarij
523 1359 606 1426 ciuis
623 1357 783 1426 Budensis
809 1378 912 1440 suam,
940 1359 1023 1426 iuter
1041 1359 1172 1426 vineam
1188 1355 1274 1422 Petri

140 1469 200 1555 tilij
220 1469 388 1536 Guthmau
416 1473 567 1552 exparte
593 1487 667 1550 uua,
695 1473 725 1532 et
745 1465 895 1548 Magistri
919 1466 1048 1550 Nicolaj
1076 1464 1274 1533 succentoris

140 1577 318 1658 Budeusis,
337 1585 369 1644 et
386 1576 493 1663 Egydi
510 1597 550 1644 ex
567 1577 681 1660 ultera,
710 1573 852 1641 defuncti
870 1575 941 1640 sine
959 1573 1129 1640 heredibus
1146 1570 1189 1638 ad
1206 1590 1272 1634 ma-

143 1706 204 1752 nus
219 1685 345 1768 Regias
362 1683 550 1754 deuolutam
567 1683 744 1750 seeundum
761 1683 866 1766 Regni
891 1682 992 1747 nostri
1009 1675 1272 1744 consuetudinem

142 1794 378 1880 approbatam*
400 1791 664 1858 inreuocahiliter
681 1798 713 1857 et
738 1791 955 1877 perhemuiter
979 1782 1203 1869 posideudam.
1230 1784 1273 1848 Vt

143 1905 252 1966 autem
269 1901 433 1984 premissa
461 1899 598 1966 donacio
619 1899 689 1965 siue
716 1897 854 1962 tradicio
873 1895 985 1958 nostru
1006 1889 1102 1955 robur
1126 1889 1271 1956 obtineat

144 2013 302 2092 perpetue
318 2005 488 2088 firmitatis,
517 2011 685 2091 prenotato
702 1999 898 2068 blonasterio
914 1995 1026 2062 Sancti
1042 1996 1220 2078 Michaelis,
1239 2001 1271 2062 et

143 2113 302 2178 fratribus
319 2113 438 2180 ibidem
453 2115 523 2178 Deo
540 2107 772 2178 taurulautibus
789 2105 917 2171 litteras
937 2109 1105 2188 presentes
1122 2102 1155 2168 in
1172 2103 1281 2168 stabi·

144 2221 270 2288 litatem
292 2228 479 2306 perpetuam
498 2216 714 2285 concessimus
741 2211 902 2298 dupplicis
929 2211 1029 2294 sigilli
1045 2213 1148 2278 nostri
1168 2211 1270 2276 muni-

144 2329 228 2396 mine
245 2332 426 2396 rohoratas.
453 2327 573 2390 Datum
592 2341 677 2389 anuo
694 2321 938 2388 lucarnaoionis
959 2319 1129 2386 Dominico
1147 2320 1190 2384 M⁰
1202 2317 1267 2384 00⁰

143 2434 398 2518 quadragesimo
409 2433 531 2514 quinto,
543 2438 659 2499 octauo
670 2427 1148 2510 halerrdasDecemhris,chni
1160 2434 1268 2492 autem

143 2543 241 2610 nostri
258 2561 344 2606 euno
363 2537 540 2605 ruder-imo.

141 2739 174 2807 (A
188 2739 365 2789 keresntesek
379 2737 458 2789 budui
475 2736 618 2788 telhevvisi
632 2734 833 2800 konveutjdueh
856 2734 968 2786 rura-kl
980 2729 1136 2796 tilitatdbbh
1156 2731 1267 2788 abudai

509 2825 557 2876 hir.
573 2824 694 2874 kamaraci
708 2817 896 2888 levbltsirbun.)

570 3107 836 3129 ’,ηιμ-Μ

143 3745 165 3812 Ι
169 3747 202 3815 V.
228 3749 318 3814 Irrczc
339 3743 492 3831 pcipdnulr
516 3767 537 3807 c
562 3742 721 3826 monopoloh
747 3741 837 3805 ellani
861 3739 1156 3825 crpilotlrozudnpcc
1182 3737 1267 3821 luponi

500 3851 628 3936 cyphdzi
642 3851 793 3914 amantor.
810 3846 907 3912 1245.

244 4050 431 4116 inocentius
448 4047 629 4133 Episcopus
657 4063 770 4111 seruus
798 4062 964 4110 seruorum
981 4039 1054 4107 Dei.
1082 4035 1266 4102 Christiane

142 4157 309 4245 religionis
326 4156 446 4222 cultum
473 4153 605 4239 lougius
621 4153 784 4235 latiusque
808 4171 866 4237 per
883 4149 992 4214 orbern
1013 4141 1150 4210 diffundi
1169 4159 1267 4225 snper

143 4266 249 4332 omnia
275 4265 456 4351 cupientes,
482 4261 717 4330 inextimabilis
736 4258 857 4326 doloris
884 4259 949 4322 telo
970 4251 1211 4332 transfodimur,
1238 4247 1265 4314 si

143 4375 271 4458 quando
283 4373 386 4457 aliqui
399 4372 445 4438 sic
456 4379 567 4440 nostro
578 4371 610 4437 in
627 4371 688 4437 hac
704 4375 799 4457 parte
810 4366 945 4434 obviant
955 4359 1128 4444 desiderio,
1147 4357 1266 4424 affectu

145 4483 305 4551 contrario
317 4489 349 4548 et
361 4481 486 4565 ellectu,
505 4480 591 4563 quod
607 4479 712 4564 ipsum
728 4472 968 4543 oultnmdelcre
985 4471 1113 4556 penitus
1130 4466 1266 4532 deterre

145 4590 314 4678 superlicio
333 4587 420 4653 omni
438 4588 555 4672 studio,
573 4593 704 4673 totaque
722 4581 869 4674 potentia
885 4578 1068 4647 moliuntur.
1090 4577 1175 4641 Sane
1187 4572 1266 4640 Tar-
