3168 5186
614 324 678 394 tol

61 515 211 583 oetaeis
240 515 485 587 Purifieacionis
512 521 613 588 Beate
639 521 783 606 Virginis
814 543 898 590 anno
925 524 1054 591 Domini
1086 527 1127 592 M.
1145 527 1206 596 CO.

60 623 355 711 quinquagesimo
370 627 495 714 quinto.

60 802 222 868 (Eredetie
234 807 408 876 berhtrtytm
420 825 437 861 a
451 809 536 878 tuggo
544 809 665 878 pecsetje
674 809 732 864 malr
745 813 880 874 etvcszctt,
890 830 908 865 a
919 813 1046 868 Meszldni
1059 818 1205 870 konbirtos·

60 899 122 964 δάε
134 898 327 954 levetttrtbm
337 901 392 956 Vas
402 899 600 970 vlrmegyeben
612 923 619 968 3
632 904 739 958 kerolto
749 906 817 957 Telr.
827 905 913 973 Ajkcs
922 903 1024 974 Karoly
1034 907 1139 975 ttgyvdd
1152 907 1203 976 dr.)

602 1661 679 1731 tec.

61 1842 123 1906 Aa
141 1845 326 1927 csztcrpamt
339 1842 552 1928 kdptolannak
566 1844 833 1932 etmuyueptevete
857 1847 936 1932 dopy
951 1843 1039 1933 Grpe
1060 1845 1202 1913 Petemek

55 1953 112 2033 fia
133 1955 166 2014 e's
185 1949 304 2016 Ldszlo
319 1951 528 2036 Adorjdnnul·
544 1953 596 2036 fla
610 1953 726 2019 Saroni
748 1953 946 2020 birtokalmak
964 1961 1058 2022 rdezc't
1076 1955 1200 2022 Loldcs

377 2057 514 2145 Bnpcrd
521 2059 636 2143 fidnak
650 2061 782 2128 ctadtdl.
802 2061 899 2128 1255.

186 2255 355 2343 Philippus
369 2253 560 2343 Propositus
588 2267 621 2327 et
636 2257 822 2344 Capitulum
837 2258 1071 2346 strigoniensis
1090 2260 1198 2328 Eccle-

66 2364 126 2429 sie
143 2365 293 2432 omnibus
314 2365 435 2432 Christi
459 2364 606 2435 lidelibus
630 2371 834 2454 presencium
857 2369 1011 2438 noticiam
1038 2369 1198 2439 habituris

64 2473 217 2541 salntem
242 2473 275 2538 in
293 2474 431 2543 Domino
456 2476 537 2544 Jesu
562 2474 702 2546 Christo.
727 2479 779 2546 Ad
798 2479 1020 2546 uniuersorum
1045 2477 1197 2546 noticiam

66 2580 193 2648 harum
208 2581 294 2648 serie
309 2579 457 2649 volumus
474 2582 656 2669 peruenire,
675 2582 764 2668 quod
779 2583 961 2652 constitutis
979 2583 1012 2649 in
1028 2587 1198 2672 presencia

66 2695 190 2758 nostra
205 2688 420 2776 personaliter
432 2690 526 2776 (lnge
541 2689 608 2760 filio
618 2692 708 2760 Petri
725 2691 766 2758 de
775 2691 856 2759 uilla
866 2692 981 2777 Balan,
999 2699 1032 2759 et
1041 2693 1197 2762 Ludizlao

65 2799 141 2866 filio
161 2796 299 2866 Adriani
324 2797 423 2866 fratre
448 2819 507 2867 suo
531 2819 572 2866 ex
597 2821 664 2868 una
678 2807 781 2889 parte,
806 2801 896 2868 Luca
916 2798 983 2869 lilio
998 2801 1131 2886 Bngard
1154 2802 1196 2870 de

66 2910 178 2976 Soror
194 2906 236 2974 ab
252 2905 375 2992 altera;
404 2905 481 2974 dicti
498 2908 593 2994 (luge
609 2917 642 2977 et
656 2909 832 2978 Ladizlaus
848 2914 966 2976 terram
992 2929 1087 2978 suam
1105 2912 1194 2978 here-

67 3016 227 3084 ditariam
244 3016 286 3083 ad
303 3034 362 3082 sex
388 3023 499 3084 aratra
513 3016 737 3106 sufficientem,
762 3037 860 3102 quam
875 3017 1042 3088 habebant
1059 3019 1092 3087 in
1109 3027 1194 3086 terra

68 3128 188 3211 Saron,
205 3143 278 3192 cum
303 3123 429 3192 duobus
454 3124 650 3194 molendinis
665 3125 698 3192 in
714 3125 829 3193 eadem
854 3131 942 3193 terra
966 3125 1049 3212 sitis,
1074 3133 1107 3194 et
1122 3145 1194 3192 cum

67 3233 189 3318 insula,
207 3250 338 3301 nemore
353 3238 387 3300 et
401 3231 508 3302 lencto
524 3234 568 3302 ad
583 3234 721 3302 eandem
735 3239 856 3301 terram
868 3233 1103 3321 pertinentibus
1118 3254 1193 3302 ven·

69 3341 226 3410 dideruut
241 3341 368 3429 prelato
383 3342 472 3410 Luce
496 3349 529 3411 et
543 3342 688 3411 eiusdem
703 3342 876 3411 heredibus
892 3343 1101 3411 coheredum
1125 3363 1194 3410 sne·

69 3449 258 3520 sessoribus
274 3450 345 3518 iure
359 3457 518 3537 perpetuo
534 3449 767 3538 possidendam
777 3470 835 3538 pro
852 3449 1096 3533 quatuordecim
1111 3471 1192 3518 mar-

67 3561 117 3626 cis
134 3557 275 3646 argenti,
292 3577 375 3641 quas
391 3557 454 3645 ipsi
470 3556 565 3644 (lnge
580 3567 613 3626 et
628 3555 806 3626 Ladizlans
824 3558 964 3628 confessi
989 3567 1064 3628 sunt
1083 3559 1194 3646 plena·

68 3667 117 3736 ric
133 3666 299 3754 recepisse
315 3685 424 3736 eoram
439 3666 553 3754 nobis5
580 3675 613 3734 et
627 3667 856 3752 obligauerunt
880 3685 917 3736 se
932 3666 1031 3734 iidem
1051 3669 1146 3753 enge
1161 3677 1193 3736 et

67 3776 256 3862 Ludialcns,
282 3783 317 3844 ut
332 3775 439 3862 ipsum
455 3777 577 3843 Lucam
593 3780 626 3842 et
642 3773 788 3843 eiusdem
804 3787 1008 3844 successoros
1032 3776 1075 3842 ab
1090 3775 1193 3844 omni-

68 3886 132 3954 bus
147 3883 280 3954 racione
291 3890 468 3952 memorate
483 3891 570 3952 terre
584 3884 739 3971 impetere
749 3903 806 3952 seu
816 3883 990 3968 molestare
1008 3880 1191 3951 uolentibus

69 3991 245 4060 defendere
261 3999 294 4060 et
309 3990 464 4079 expedire
490 3992 595 4061 modis
611 3991 760 4062 omnibus
775 3994 978 4062 tenebuntur.
1003 3991 1074 4060 Hoc
1089 3991 1191 4059 eciam

66 4103 209 4188 adiecto,
235 4102 322 4186 quod
338 4101 485 4190 prelatus
501 4104 594 4170 Luca
609 4102 714 4188 ipsam
739 4109 860 4170 terram
876 4101 958 4168 nulli
976 4101 1033 4168 alii
1050 4100 1191 4168 rendere

67 4212 120 4280 rel
137 4211 286 4297 obligare
301 4214 361 4280 snb
377 4210 471 4280 titulo
488 4209 635 4298 pignoris
652 4210 779 4297 polerit,
799 4208 864 4278 nisi
880 4211 974 4294 Gugo
989 4216 1022 4276 ct
1035 4209 1190 4280 Ladidm

68 4319 278 4409 supradictis,
304 4321 334 4388 si
353 4320 457 4406 ipsum
484 4321 606 4388 Lucam
632 4319 812 4386 necessitas
836 4326 966 4404 urgeret
990 4317 1043 4384 vel
1068 4317 1190 4384 utilitas

68 4428 248 4515 induceret,
265 4427 324 4497 s'eu
333 4429 495 4496 uoluntas.
511 4429 554 4494 Vt
562 4425 662 4512 igitur
676 4427 771 4494 huius
781 4424 982 4511 vendicionis
997 4445 1038 4492 ac
1052 4425 1191 4514 empcio-

68 4539 119 4607 nis
134 4538 240 4608 series
268 4539 361 4606 salua
377 4557 507 4623 semper
522 4543 554 4602 ct
568 4535 762 4606 inconcussa
779 4541 975 4622 perseueret,
1000 4555 1061 4602 nec
1085 4535 1191 4622 possit

69 4649 236 4733 abaliquo
261 4648 426 4714 hominum
443 4645 655 4732 inposterum
673 4644 850 4728 retractari,
875 4639 918 4709 ad
934 4642 1129 4728 peticionem
1148 4645 1187 4711 G.

71 4787 172 4824 nonna,
192 4785 279 4824 suro.
314 4785 383 4822 uisu.
400 4783 471 4820 nunu.
493 4793 527 4801 -
550 4773 581 4811 ¹²·
985 4761 1024 4820 ‘26
