3168 5186
553 295 660 394 -...3.⁹.¹.
704 343 736 393 κ

61 489 214 558 debitam
239 492 455 579 pertineamus
472 491 631 560 ellectum.
648 492 764 559 Petilio
781 492 940 579 siqnidem
959 504 1069 562 vestra
1095 494 1189 562 nobis

62 597 216 666 exhibita
233 601 427 684 continebat,
454 599 540 687 quod
557 619 629 668 cum
646 601 845 669 venerabilis
863 600 987 669 frater.
1007 654 1014 668 .
1034 653 1041 668 .
1058 605 1189 691 Episco-

61 726 130 793 pus
157 713 190 772 et
214 758 222 773 .
242 758 274 773 ..
300 709 500 796 Propositus,
526 708 756 777 Archidiaconi
782 716 815 775 ct
837 707 991 777 (laconici
1012 711 1189 797 Agrienses

60 835 181 884 omnes
197 817 266 885 fere
280 817 425 887 redditus
442 825 474 886 et
489 826 663 905 proventus
680 818 900 886 Ecclesiarum
925 825 1103 888 vestrarum
1121 822 1189 889 suis

59 925 181 994 usibus
191 925 335 995 indebite
344 928 559 1015 applicantes,
579 935 611 995 et
626 929 720 996 vobis
731 927 860 994 nonnisi
877 927 1049 1014 quamdam
1060 939 1190 998 tenuem

59 1041 98 1101 ct
114 1035 236 1102 exilem
261 1043 387 1121 partem
413 1036 455 1103 de
471 1036 616 1122 decimis,
644 1036 864 1105 oblationibus
889 1045 922 1103 et
942 1038 1190 1106 obventionibus

59 1144 198 1211 illarum
214 1164 274 1230 pro
292 1165 350 1212 sno
366 1143 458 1212 libito
475 1145 687 1232 conserentes,
705 1144 844 1213 diversis
854 1146 1099 1232 gravaminibus
1116 1149 1189 1215 aliis

59 1273 124 1321 vos
140 1252 330 1338 afficerent,
347 1253 452 1321 felicis
463 1255 696 1323 recordationis
708 1257 733 1320 I.
745 1257 836 1341 Pape
852 1254 1064 1342 predecessor
1072 1262 1190 1342 noster,

59 1361 216 1449 partibus
232 1381 342 1430 coram
353 1382 387 1429 se
404 1363 585 1431 litterarum
601 1382 732 1430 suarum
744 1363 937 1430 auctoritate
952 1363 1069 1447 citatis,
1087 1364 1190 1452 primo

61 1469 223 1538 dilectum
250 1471 351 1538 filium
367 1471 557 1557 Magistrum
576 1470 741 1540 Ubaldum
758 1471 999 1539 Subdiaconum
1026 1480 1057 1538 et
1077 1471 1190 1561 (lapel-

57 1580 180 1645 lanum
196 1586 339 1645 nostrum
356 1575 526 1664 deputavit
542 1579 574 1644 in
591 1578 775 1646 huiusmodi
791 1579 922 1665 negotio
939 1579 1131 1667 auditorem,
1159 1588 1191 1647 et

60 1689 212 1777 tandem,
238 1688 316 1774 quia
330 1687 428 1753 nimis
454 1693 525 1754 crat
543 1689 624 1775 ipsis
641 1688 789 1775 partibus
816 1686 948 1756 difficile
965 1688 1054 1776 apud
1073 1688 1191 1756 Sedem

59 1798 293 1884 Apostolicam
319 1797 460 1883 litigare,
487 1798 599 1865 volens
615 1817 727 1864 earum
743 1818 876 1883 parcere
900 1797 1065 1866 laboribus
1090 1803 1123 1864 et
1138 1818 1190 1865 ex-

60 1905 191 1995 pensis,
208 1925 266 1992 per
276 1904 402 1972 litteras
412 1923 488 1970 snas
498 1904 626 1972 dilectis
640 1904 715 1971 filiis
797 1905 920 1971 Abbati
932 1903 972 1971 de
982 1908 1064 1993 Seps
1074 1906 1191 1974 Cister-

61 2014 190 2082 aiensis
206 2013 348 2098 Ordinis,
376 2020 407 2079 et
425 2062 433 2078 .
450 2061 457 2078 .
476 2062 482 2078 .
499 2012 602 2078 Priori
618 2014 768 2079 Fratrum
784 2012 1027 2082 Prodicatornm
1044 2014 1085 2081 de
1100 2016 1191 2082 Pote-
1236 2024 1239 2038 '

61 2123 140 2208 boc,
158 2144 199 2189 ac
217 2172 224 2186 .
243 2173 249 2187 .
268 2174 275 2190 .
293 2121 463 2207 Preposito
473 2121 585 2188 Sancti
598 2120 728 2188 Martini
745 2121 786 2188 de
796 2121 891 2206 Sipes
908 2123 967 2189 sub
984 2129 1073 2190 certa
1086 2123 1191 2191 forma

62 2232 194 2300 dictum
218 2229 379 2297 commisit
403 2228 570 2316 negotium
596 2229 818 2297 ordinandum.
848 2229 911 2308 Qui
936 2231 997 2298 rite
1020 2232 1054 2297 in
1078 2231 1190 2300 eodem

62 2339 203 2426 negotio
220 2338 442 2426 procedentes,
459 2345 491 2404 et
505 2337 686 2406 litterarum
698 2338 917 2426 predictarum
932 2339 1037 2407 forma
1048 2349 1190 2427 seruata,

62 2471 183 2519 earnm
199 2449 391 2516 auctoritate
402 2453 549 2531 quartam
566 2455 691 2534 partem
708 2448 867 2516 dictarum
878 2448 1076 2518 deeimarum
1086 2450 1189 2536 vobis,
1219 2531 1220 2542 χ

61 2581 141 2628 cum
157 2556 193 2625 id
209 2559 250 2626 dc
274 2558 346 2624 inre
371 2557 532 2626 communi
548 2561 722 2642 competat,
748 2577 806 2642 pro
824 2557 1058 2627 sustentatione
1082 2565 1190 2628 vestra

61 2670 95 2736 in
127 2673 320 2754 perpetuum
346 2664 580 2754 sententialiter
605 2665 831 2749 assignarunt,
857 2672 890 2731 et
915 2666 1016 2733 aliam
1041 2673 1190 2752 quartam

62 2779 200 2844 illarum
215 2774 249 2840 in
264 2773 337 2841 loco
352 2779 420 2841 tuto
437 2772 610 2840 cuiuslibet
625 2771 794 2859 parrochie
810 2793 867 2859 pro
886 2774 1030 2860 fabricis,
1056 2775 1190 2843 lumina·

62 2885 125 2953 riis
143 2890 176 2950 et
192 2881 390 2951 ornamentis
408 2879 619 2948 ecclesiarum
635 2879 778 2966 ipsarum
792 2881 910 2968 deponi
926 2879 1065 2949 fideliter
1080 2880 1188 2951 decer·

63 2999 192 3077 nentes,
209 2989 375 3058 residuum
392 2989 589 3057 decimarum
605 2988 835 3075 predictarum,
861 2995 894 3055 ct
909 2989 990 3057 duas
1009 2995 1119 3076 partes
1134 2992 1188 3059 ob-

62 3102 228 3171 lationum
243 3101 277 3166 in
294 3099 448 3185 denariis,
463 3119 542 3168 auro
557 3099 612 3166 vel
623 3104 770 3184 argento,
790 3118 853 3183 quc
870 3120 890 3166 a
903 3098 1127 3185 parrochianis
1138 3101 1190 3168 vel

65 3211 146 3280 aliis
164 3208 285 3278 Christi
309 3208 461 3276 fidelibus
481 3228 522 3275 cx
540 3227 743 3292 quacumque
768 3207 944 3274 earundem
969 3207 1188 3295 ecclesiarum,

63 3325 109 3390 ab
127 3341 169 3388 ea
183 3319 301 3406 quibus
320 3315 404 3405 (lgy)
422 3317 607 3402 offeruntur,
624 3317 770 3403 exeeptis
786 3337 881 3402 pane,
898 3317 1049 3385 carnibus
1066 3325 1098 3384 ct
1113 3337 1187 3384 can-

63 3429 161 3512 delis,
188 3447 251 3512 qne
265 3427 375 3496 omnia
390 3447 463 3495 cum
479 3427 579 3493 tertia
605 3433 699 3512 parte
726 3424 909 3494 huiusmodi
936 3427 1138 3495 oblationum
1155 3427 1190 3494 in

64 3535 222 3622 denariis,
249 3542 282 3603 et
305 3556 385 3604 auro
411 3534 464 3603 vel
488 3541 623 3620 argento
639 3533 729 3601 lacta
744 3533 835 3603 vobis
861 3534 988 3621 cedant,
1015 3536 1088 3603 dari
1102 3535 1188 3604 dicto

64 3649 231 3736 Episcopo
256 3649 489 3732 preceperunt3
516 3663 615 3731 snper
629 3641 761 3729 reliquis
776 3662 854 3710 vcro
871 3649 991 3711 certam
1017 3644 1190 3714 ordinatio-

62 3776 141 3825 nem
156 3752 329 3822 ediderunt
344 3754 436 3821 iuxta
446 3753 626 3820 litterarum
642 3754 870 3820 continentiam
881 3753 1077 3840 earundem3
1095 3761 1189 3841 prout

63 3865 98 3932 in
117 3863 304 3951 patentibus
329 3861 448 3930 litteris
473 3861 630 3928 dictorum
650 3859 792 3928 iudicum
816 3862 970 3929 confectis
994 3861 1122 3946 exinde,
1149 3882 1188 3929 ac

64 3958 177 4044 eo'rnm
194 3973 314 4058 sigillis
330 3969 479 4058 signabo,
505 3970 634 4058 plenius
660 3970 778 4039 dicitur
794 3971 960 4039 contineri.
986 3973 1055 4039 Nos
1078 3971 1188 4056 itaque

64 4084 184 4152 vestris
199 4081 494 4171 supplicationibus
510 4081 666 4167 inclinati,
683 4080 867 4148 huiusmodi
883 4100 1069 4168 processum
1091 4087 1123 4148 et
1140 4103 1186 4150 or-

66 4193 279 4277 dinationem,
296 4190 381 4259 sient
395 4209 453 4279 per
469 4189 600 4259 eosdem
617 4188 743 4257 indices
753 4188 888 4276 provide
906 4188 986 4257 facti
996 4195 1083 4280 sunt,
1098 4196 1188 4258 ratos

67 4309 100 4372 ct
113 4304 225 4370 firmos
251 4300 418 4383 habentes,
446 4317 502 4366 eos
527 4296 718 4365 auctoritate
734 4296 924 4384 Apostolica
949 4295 1186 4382 confirmamus,

67 4417 100 4478 et
107 4408 272 4498 presentis
284 4407 396 4495 scripti
405 4405 589 4494 patrocinio
603 4405 846 4474 communimus.
863 4403 954 4470 Nulli
969 4423 1046 4491 ergo
1057 4405 1186 4475 omnino

68 4515 716 4604 hominnmliceatbancpaginamnostre
727 4512 979 4583 confirmationis
997 4513 1186 4602 infringere,

70 4628 121 4695 vel
137 4628 167 4696 ei
183 4647 268 4694 ausu
283 4625 452 4694 temerario
468 4623 639 4696 contraire.
657 4621 692 4690 si
708 4622 780 4710 quis
797 4627 905 4691 autem
915 4623 976 4691 hoc
993 4623 1188 4714 attemptare
