3162 5188
598 261 756 363 ..a-op-

107 463 229 522 metam
245 455 398 541 priorem.
416 455 498 520 Item
515 456 622 541 prima
638 463 725 524 meto
738 461 825 525 terre
835 459 977 542 Zeopne,
999 477 1062 543 que
1078 463 1128 524 est
1143 457 1241 544 Zpor·

106 565 210 648 conis,
227 565 346 650 incipit
360 564 402 630 ab
418 564 541 631 oriente
553 564 646 631 iuxta
660 571 799 632 terream
811 566 957 633 Ecclesie
972 568 1006 632 in
1017 588 1080 634 vno
1096 568 1189 646 holm,
1205 565 1240 632 in

105 693 172 756 quc
191 678 243 738 est
268 679 358 738 meta
374 680 499 757 terrea,
524 672 601 738 inde
617 673 722 740 tendit
736 693 851 741 versus
877 673 1077 740 occidentem
1093 693 1151 759 per
1167 693 1240 740 eun·

105 782 184 847 dem
210 784 309 848 bercz
325 780 396 846 iens
422 780 464 846 ad
484 786 603 846 metam
618 777 779 866 terream;
795 783 871 849 hinc
888 783 1055 849 descendit
1077 779 1121 848 ad
1142 801 1240 847 vnum

103 889 252 956 riunlum
278 890 410 955 nomine
426 890 589 974 chpnic;
618 911 656 957 eo
673 891 808 957 transito
833 891 983 958 aseendit
997 890 1040 957 ad
1056 891 1159 976 bercz,
1184 889 1240 957 vbi

105 1005 157 1064 est
175 1003 266 1062 meta
280 1002 405 1081 terrea,
423 1002 456 1061 et
471 997 640 1062 descendit
655 996 806 1064 adunam
822 998 920 1082 viam,
936 998 992 1064 vbi
1010 997 1142 1064 sinistra
1160 1000 1246 1084 pars

103 1104 259 1171 Ecclesie
286 1103 484 1186 remanebit;
511 1103 587 1170 inde
604 1124 681 1170 vero
706 1122 820 1170 versus
844 1105 1028 1190 aquilonem
1052 1105 1157 1171 tendit
1181 1126 1238 1192 per

104 1215 249 1280 eandem
265 1212 353 1280 viam
378 1212 582 1298 longitudine
607 1213 705 1279 trium
716 1214 878 1298 jugerum,
905 1223 937 1280 ct
958 1215 1047 1281 vcnit
1072 1216 1115 1281 ad
1139 1235 1237 1281 unam

102 1322 249 1404 vineam,
278 1319 460 1388 ascendens
486 1323 519 1387 in
546 1322 705 1406 superiori
732 1321 795 1388 fine
811 1324 907 1390 vinee
934 1322 977 1388 ad
993 1325 1096 1405 bercz,
1123 1324 1178 1391 vbi
1203 1323 1237 1389 in

105 1430 243 1496 sinistro
255 1433 454 1516 jobagiones
467 1429 574 1497 Casiri
586 1439 663 1498 sunt
677 1433 911 1515 commetanei;
929 1432 1004 1497 hinc
1020 1452 1096 1498 vero
1106 1432 1237 1497 descen-

105 1538 155 1603 dit
173 1557 232 1623 per
249 1541 388 1606 eundem
406 1540 499 1605 berou
524 1557 638 1604 versus
655 1537 823 1620 orientem,
841 1543 873 1603 et
888 1537 977 1603 cadit
991 1538 1035 1603 ad
1056 1538 1151 1622 viam,
1178 1559 1237 1625 per

104 1665 207 1728 quam
225 1647 319 1712 vadit
333 1666 447 1713 versus
464 1645 664 1713 occidentem
681 1645 774 1710 iuxta
793 1643 931 1710 eundem
949 1646 1041 1711 bercu
1057 1664 1117 1730 per
1138 1644 1236 1730 longi-

106 1752 259 1820 tudinem
287 1755 382 1822 vuius
394 1754 531 1839 jugeris,
559 1760 593 1819 et
607 1753 757 1839 peruenit
783 1753 827 1818 ad
842 1752 976 1818 fluuium
992 1753 1167 1839 Zlanatigy
1192 1754 1235 1820 ad

106 1862 250 1928 eundem
269 1864 373 1946 beron,
401 1870 433 1927 et
448 1860 525 1926 inde
541 1861 648 1945 vergit
672 1878 786 1927 versus
803 1857 1012 1942 occidentem,
1040 1865 1072 1926 et
1085 1880 1144 1945 pcr
1160 1879 1234 1926 cun·

106 1967 182 2033 dem
200 1967 323 2035 dictum
338 1969 471 2034 fluuium
500 1969 588 2034 cadit
604 1968 647 2034 ad
663 1967 796 2032 fluuium
814 1965 1038 2051 Dragoandol,
1064 1968 1120 2034 vbi
1136 1969 1168 2034 in
1194 1971 1235 2036 si·

104 2077 210 2143 nistre
238 2083 421 2144 castrenses
449 2075 489 2141 de
513 2076 692 2159 Zlauatigy
718 2076 843 2142 habens
872 2080 1131 2158 commetaneos;
1159 2075 1235 2142 inde

105 2183 279 2250 descendit
304 2205 419 2251 versus
445 2183 648 2268 aquilonem,
678 2191 711 2248 et
735 2182 826 2248 vadit
850 2203 908 2271 per
936 2184 1074 2250 eundem
1099 2183 1233 2251 fluuium

107 2294 261 2377 superins
278 2293 321 2359 ad
336 2293 452 2376 locum,
479 2292 534 2358 vbi
550 2291 668 2358 fluuius
682 2293 816 2378 Zcopna
840 2291 928 2357 cadit
953 2291 987 2356 in
1002 2291 1135 2358 fluuium
1152 2293 1233 2360 Dru-

106 2399 266 2483 guandol,
295 2406 328 2465 et
342 2400 428 2466 inter
452 2398 617 2486 predictos
642 2398 759 2466 fluuios
776 2397 889 2464 exiens
912 2398 1059 2464 ascendit
1077 2399 1112 2465 in
1128 2399 1233 2484 bercz,

106 2511 139 2570 et
155 2508 249 2574 vadit
263 2527 322 2593 per
339 2506 576 2591 longitudinem
587 2513 726 2590 quatuor
735 2508 886 2590 jugerum
896 2507 1086 2592 perueniens
1106 2507 1149 2573 ad
1165 2528 1233 2574 ver·

103 2617 202 2682 tieem
220 2616 367 2682 ciusdem
384 2615 487 2695 berec,
514 2613 570 2679 vbi
587 2621 637 2679 est
651 2620 740 2678 meta
755 2619 881 2698 terrca;
907 2612 984 2680 inde
999 2615 1103 2680 tendit
1118 2635 1232 2683 versus

104 2723 276 2807 orientem,
295 2727 328 2788 et
344 2722 512 2789 descendit
527 2722 571 2787 ad
586 2722 768 2807 predictum
784 2721 917 2787 fluuium
928 2723 1070 2809 chpna,
1089 2730 1232 2792 ettrens-

103 2833 150 2898 ito
168 2831 270 2897 fluuio
297 2829 445 2896 ascendit
469 2849 568 2896 vuum
584 2828 689 2914 berou,
716 2837 749 2895 et
765 2830 852 2896 cadit
874 2828 917 2894 ad
934 2832 1030 2915 riam,
1056 2852 1118 2918 que
1135 2832 1233 2899 estin

107 2940 231 3006 vertice
247 2938 394 3006 eiusdem
411 2939 515 3024 berea,
542 2937 577 3003 in
592 2937 723 3003 sinistro
745 2936 978 3021 j0bagionibns
1003 2937 1108 3004 (lustri
1134 2959 1235 3006 rema·

107 3047 283 3129 uentibus,
299 3046 376 3111 inde
391 3044 501 3132 pergit
516 3063 629 3110 versus
640 3045 807 3111 meridiem
824 3065 884 3129 per
894 3045 1032 3111 eandem
1042 3045 1131 3111 viam
1147 3047 1235 3112 bona

106 3152 322 3239 longitudine,
341 3159 373 3220 et
387 3153 560 3220 reuertitur
569 3152 612 3216 ad
629 3161 748 3216 metam
758 3151 910 3237 priorem.
931 3153 1009 3218 Item
1027 3154 1132 3238 prima
1148 3159 1236 3220 meta

105 3270 191 3328 terre
211 3260 433 3344 Draguandol,
451 3279 514 3344 que
530 3265 580 3325 est
595 3258 817 3340 Hulmoeonis,
840 3257 956 3344 incipit
972 3260 1015 3325 ab
1032 3261 1185 3344 aquilone
1200 3259 1234 3326 in

109 3371 219 3457 capite
233 3370 329 3437 unius
345 3369 445 3456 putei,
471 3369 526 3452 qui
543 3373 678 3435 vocatur
692 3373 809 3453 puteus
827 3366 925 3434 vallis
942 3367 1131 3454 Draguani5
1158 3366 1235 3434 hinc

108 3499 185 3545 vero
201 3477 305 3544 tendit
320 3495 434 3544 versus
451 3474 630 3558 meridiem,
657 3478 689 3540 et
704 3474 795 3540 vadit
810 3494 869 3559 per
894 3495 1023 3542 cursum
1049 3495 1134 3560 aque
1153 3478 1230 3544 eius·

109 3587 181 3654 dem
199 3587 300 3674 putei,
318 3591 351 3650 ct
362 3585 520 3670 peruenit,
536 3583 593 3650 vbi
610 3583 697 3649 cadit
712 3583 922 3650 alterfluuius
939 3584 983 3650 ad
995 3604 1113 3668 aquam
1130 3586 1234 3673 ipsius

109 3695 200 3783 putei
219 3695 253 3760 in
271 3694 383 3759 dextro
399 3698 487 3758 terra
504 3690 613 3758 (lustri
636 3699 841 3776 remanente3
869 3693 943 3758 hinc
961 3693 1105 3760 declinat
1120 3715 1233 3764 versus

108 3805 304 3889 aquilonem,
323 3811 356 3868 et
371 3801 463 3868 uadit
478 3803 571 3867 iuxta
586 3807 706 3867 terram
717 3801 902 3887 Sporconis,
921 3810 953 3867 ct
971 3804 1120 3870 ascendit
1136 3824 1234 3888 super

107 3915 213 3994 bercz,
240 3919 273 3977 et
296 3911 385 3976 venit
401 3909 444 3974 od
469 3918 608 3975 terream
628 3915 748 3976 metam
773 3909 911 3997 predicti
936 3909 1131 3997 Sporconis3
1158 3911 1234 3977 hinc

109 4019 257 4106 procedit
272 4017 315 4084 ud
326 4024 445 4084 metam
461 4025 620 4101 terream,
639 4016 713 4083 hinc
725 4016 874 4083 ascendit
889 4017 933 4084 ad
944 4037 1042 4082 vnum
1058 4017 1233 4083 rotundum

109 4130 294 4215 lapidosum
320 4128 549 4211 monticulum,
575 4126 651 4192 inde
668 4127 837 4193 descendit
861 4128 906 4193 ad
922 4147 1019 4195 vnum
1046 4125 1232 4213 planiciem,

109 4245 140 4305 et
155 4236 307 4304 ascendit
323 4237 423 4303 alium
439 4237 578 4303 similem
597 4236 813 4319 monticulum,
841 4244 874 4301 ct
890 4237 965 4302 hinc
982 4235 1149 4302 descendit
1166 4253 1232 4298 ma-

108 4366 207 4433 gnum
224 4352 376 4428 montem,
395 4350 427 4410 et
442 4343 592 4430 peruenit
602 4342 645 4408 ad
655 4349 774 4408 metam
785 4350 936 4426 terream,
955 4363 976 4406 a
991 4342 1104 4407 dextro
1122 4346 1231 4406 autem

106 4453 332 4537 iobagionibus
366 4451 476 4519 Casiri
502 4452 763 4535 remanentibus;
789 4448 865 4516 inde
890 4470 967 4516 vero
993 4447 1097 4516 tendit
1117 4467 1232 4514 versus

103 4561 317 4647 occidentem,
335 4567 367 4628 et
381 4561 472 4629 vadit
481 4582 540 4649 per
552 4559 691 4626 eundem
703 4564 852 4646 montem,
871 4564 903 4626 et
912 4557 1061 4645 peruenit
1071 4557 1113 4624 ad
1124 4557 1233 4623 albam
