3210 5194
316 1055 339 1119 1
342 1053 378 1121 V.
394 1052 477 1118 Rota
492 1050 600 1139 ltirdly
621 1049 760 1116 demist
786 1047 954 1113 tinolaala
969 1069 991 1111 a
1010 1046 1181 1134 vazprtmt
1193 1046 1367 1133 posponite
1386 1045 1449 1110 Mt-

361 1161 437 1248 tetp
447 1183 545 1226 comes
558 1161 707 1224 ozdmdra
723 1157 837 1222 tdrtdnt
853 1155 998 1221 audace
1013 1154 1140 1241 lclydeo
1156 1153 1283 1242 ltopyja.
1302 1155 1399 1220 1239.

428 1355 537 1444 (Blela
551 1355 614 1420 Dei
640 1353 753 1437 gracie
769 1351 947 1435 Huugarie,
963 1350 1146 1434 Dalmacie,
1167 1349 1312 1434 Croucie,
1332 1350 1448 1431 Rome,

320 1463 445 1547 Seruie,
463 1461 600 1544 Golioio,
617 1458 811 1527 Lodomerie
826 1456 1049 1540 Cumanieque
1064 1457 1134 1523 Rex
1160 1455 1311 1524 omnibus
1327 1453 1451 1524 Christi

320 1571 470 1639 fidelibus
486 1575 670 1655 presentem
687 1567 845 1654 paginam
867 1564 1061 1653 inspecturis
1077 1565 1218 1632 salutem
1234 1571 1267 1631 et
1281 1583 1377 1631 omne
1394 1565 1452 1632 bo·

321 1699 407 1744 uum.
424 1676 568 1762 Dignum
586 1680 678 1742 estet
693 1673 817 1740 racioui
828 1678 1094 1756 consentaneum,
1110 1678 1147 1738 ut
1161 1689 1212 1755 ea,
1230 1689 1295 1755 que
1304 1671 1452 1756 legitime

323 1792 355 1854 et
369 1787 505 1852 honeste
520 1781 604 1848 inter
630 1779 793 1866 quoslibet
808 1778 1010 1862 ordinantur,
1036 1799 1077 1846 ne
1092 1799 1114 1843 u
1133 1776 1289 1844 momoria
1314 1776 1453 1864 posteri-

322 1893 400 1961 tatis
416 1890 594 1959 iteratione
610 1889 755 1957 recidiua
764 1887 799 1953 in
816 1886 1038 1954 confusionem
1053 1885 1251 1969 relabantur,
1265 1885 1452 1952 litterarum

323 2001 505 2088 patrocinio
522 1995 796 2081 commendentur,
812 2015 876 2080 que
891 1996 988 2063 rebus
1004 1995 1107 2079 gestis
1122 1994 1219 2061 fidem
1236 1999 1368 2061 seruant
1383 1994 1454 2060 effi·

325 2126 447 2174 oacem.
473 2107 655 2192 Eapropter
672 2103 716 2170 ad
741 2103 966 2171 uniuersorum
991 2102 1143 2170 noticiam
1161 2102 1308 2169 uolumus
1339 2121 1455 2188 perue-

325 2216 404 2300 nire,
423 2213 509 2297 qood
525 2232 597 2279 oum
612 2211 762 2278 Ecclesia
778 2209 1029 2296 Vesprimieusis
1048 2209 1214 2293 quandam
1234 2215 1353 2275 terram
1369 2208 1455 2292 Vyu-

326 2321 411 2388 mich
428 2317 619 2408 possideret,
637 2320 733 2387 sitam
748 2318 833 2386 inter
849 2320 994 2386 Drauam
1011 2324 1043 2385 et
1058 2316 1205 2384 Zaratke
1220 2315 1345 2399 fluuios,
1370 2313 1458 2382 sicut

326 2451 384 2518 per
394 2427 613 2495 venerabilem
629 2433 756 2514 patrem
772 2426 918 2494 eiusdem
934 2425 997 2493 loci
1008 2425 1203 2512 Episcopum
1219 2422 1454 2506 intelleximus,

328 2538 412 2605 adeo
429 2544 596 2622 remotam,
623 2540 658 2601 ut
675 2535 731 2602 uix
745 2543 803 2604 aut
817 2553 994 2618 numquam
1009 2539 1185 2621 prouentus
1206 2533 1333 2615 aliquos
1349 2531 1456 2617 perci-

328 2663 407 2731 pere
422 2643 527 2729 possit
543 2661 584 2709 ex
599 2641 734 2728 sadem3
751 2642 838 2709 idem
848 2641 1039 2729 Episcopus,
1056 2647 1225 2713 utterram
1241 2645 1457 2708 memoratam

328 2752 363 2816 in
380 2749 533 2816 maiorem
560 2748 665 2834 ipsius
681 2748 829 2815 Ecclesie
854 2747 1027 2815 utilitatem
1043 2754 1256 2831 conuerteret,
1280 2747 1459 2832 impetrata

330 2856 458 2924 anobis
474 2854 611 2924 licencia
627 2861 795 2938 tamquam
811 2876 833 2922 a
847 2863 995 2941 patrono,
1022 2875 1095 2921 oum
1111 2873 1271 2922 consensu
1290 2854 1342 2920 sui
1359 2853 1460 2940 (lepi-

330 2964 389 3031 tuli
406 2971 438 3030 et
463 2962 673 3047 iobagionum
688 2962 837 3029 Ecclesie
852 2981 921 3046 sue,
945 2961 1030 3030 sicut
1048 2961 1144 3030 nobis
1169 2961 1256 3029 idem
1281 2961 1458 3046 intimauit,

331 3073 448 3140 dilecto
474 3079 507 3139 et
520 3071 608 3140 fideli
634 3078 744 3140 nostro
761 3071 913 3139 Michaeli
936 3069 1028 3139 fratri
1044 3069 1163 3155 Buuad,
1180 3069 1339 3156 Magistro
1355 3069 1445 3155 Dapi

331 3182 472 3247 ferorum
489 3178 617 3246 domine
632 3179 757 3264 Regino
772 3178 947 3246 karissime
964 3177 1112 3264 coniugis
1128 3185 1249 3264 nostre,
1273 3176 1460 3245 uendioioni

330 3289 480 3375 exposuit
494 3309 553 3374 pro
570 3295 697 3355 centum
713 3289 833 3356 marcis
849 3289 994 3375 argenti3
1018 3307 1117 3372 qnam
1130 3287 1268 3375 pecunie
1287 3305 1459 3369 summam,

331 3397 416 3462 sicut
441 3395 547 3462 dictus
563 3395 744 3482 Episcopus
769 3416 827 3483 per
852 3415 930 3463 suas
953 3395 1048 3463 nobis
1074 3396 1200 3462 litteras
1226 3393 1387 3462 ueraciter
1403 3391 1461 3459 de-

331 3501 512 3585 mandauit,
537 3502 633 3587 plene
647 3502 771 3588 recepit
786 3511 819 3571 et
834 3503 987 3590 perfecte.
1003 3505 1045 3569 Et
1060 3501 1109 3571 sic
1127 3509 1215 3570 terra
1233 3501 1462 3589 prenominata

332 3611 365 3676 in
382 3629 475 3677 usum
492 3615 524 3675 et
538 3606 801 3678 iurisdiccionem
827 3609 1007 3697 supradicti
1022 3611 1171 3696 Magistri
1186 3612 1229 3677 li.
1249 3609 1462 3698 perhenniter

333 3722 383 3785 est
399 3735 566 3784 conuersa.
583 3714 682 3784 cuius
699 3723 793 3803 mete,
810 3718 894 3786 sicut
909 3718 943 3786 in
958 3717 1061 3805 ipsius
1072 3718 1228 3807 Episcopi
1247 3717 1364 3787 litteris
1381 3737 1457 3784 con-

333 3823 429 3892 tineri
444 3823 679 3910 perspeximus,
705 3826 767 3892 hoc
784 3823 897 3893 ordine
912 3824 1131 3911 distinguntur
1149 3851 1157 3892 ε
1180 3823 1291 3892 Primo
1307 3829 1396 3892 meta
1412 3822 1460 3889 in-

333 3933 449 4020 cipito
474 3940 567 4019 parte
592 3932 742 4000 orientali
767 3933 860 4002 iuxta
885 3954 1005 4018 aquam
1032 3935 1189 4021 Zaratlxu,
1217 3933 1272 4003 ubi
1297 3941 1348 4002 est
1373 3941 1463 4000 meta

332 4046 450 4122 terrea,
468 4047 500 4107 et
515 4046 601 4106 ultro
615 4039 752 4106 candem
768 4059 888 4125 aquam
904 4041 936 4106 in
954 4047 1046 4127 parte
1062 4041 1198 4110 australi
1218 4047 1462 4109 commetaneus

333 4154 383 4214 est
399 4146 556 4214 Oazmuta
580 4165 653 4213 oum
669 4147 884 4232 generacione
899 4168 977 4234 sua3
1005 4154 1037 4215 et
1053 4149 1129 4216 inde
1155 4148 1247 4217 uadit
1263 4168 1379 4218 uersus
1396 4168 1462 4216 me-

333 4253 459 4339 ridiem,
487 4261 520 4320 et
535 4253 612 4319 inde
636 4275 751 4340 parum
777 4255 881 4322 eundo
897 4262 947 4323 est
963 4262 1048 4323 meta
1068 4263 1196 4342 terrea,
1224 4255 1343 4322 deinde
1370 4256 1465 4324 uadit

333 4381 393 4445 per
403 4361 540 4428 eundem
557 4381 707 4446 eampum
716 4360 759 4430 ad
777 4362 950 4448 quemdem
966 4363 1185 4448 monticulum,
1202 4371 1236 4430 et
1250 4363 1297 4429 ibi
1307 4371 1359 4431 est
1374 4370 1463 4431 meta

334 4475 450 4552 terrea,
466 4468 522 4536 ubi
538 4469 572 4535 in
587 4474 682 4555 parte
699 4470 849 4537 orientali
867 4477 1107 4539 commetaneus
1123 4478 1174 4537 est
1189 4470 1278 4539 Otolr
1294 4471 1380 4537 filins
1395 4469 1462 4537 Na-

335 4576 450 4661 nadei3
478 4584 511 4642 et
527 4575 602 4644 inde
628 4575 720 4644 uadit
735 4577 779 4644 cd
804 4578 979 4661 quamdam
1005 4578 1123 4646 uallem
1142 4597 1255 4645 uersus
1281 4575 1460 4664 meridiem,
