3252 5198
843 321 1006 422 —28—

361 516 536 600 diligenter
549 513 728 596 intendere,
745 521 781 579 vt
797 515 922 580 eaduoa
936 521 1154 582 transmutent
1163 515 1379 602 sempiternis,
1399 524 1431 584 et
1448 517 1493 583 de

359 643 547 690 mammona
572 621 754 706 iniquitatis
780 622 903 690 amieos
929 622 1106 708 fatientes,
1133 643 1206 689 oum
1232 623 1431 708 defecerint,
1457 627 1494 690 in

361 740 474 798 eterna
488 731 701 796 tabernacula
715 729 818 816 recipi
833 738 1028 798 mereantur.
1052 732 1124 796 Hae
1139 730 1290 798 nimirum
1308 732 1496 800 considera-

361 838 454 907 oione
479 838 647 924 prouocati
664 837 865 904 conuentum
888 839 1119 906 monachorum
1136 838 1383 923 cysteroyensis
1400 839 1497 906 Ordi-

360 945 412 1011 uis
428 945 469 1012 de
485 944 680 1012 monasterio
696 944 956 1031 Triumpontium
973 944 1014 1012 de
1031 947 1222 1031 Campanya
1237 946 1272 1010 in
1288 947 1496 1031 Huugariam

362 1054 538 1120 transmitti
554 1051 723 1138 peoiimus,
740 1053 858 1136 quibus
868 1053 984 1138 locum,
1003 1055 1058 1136 qui
1068 1052 1183 1119 Vkurd
1199 1055 1365 1139 vulgariter
1381 1056 1496 1142 appel-

362 1161 458 1244 latur,
475 1161 520 1225 ad
536 1159 725 1226 monasterii
737 1160 982 1228 edificationem
997 1161 1235 1246 deputauimus,
1252 1168 1284 1226 et
1300 1183 1340 1227 ne
1352 1183 1418 1247 eos,
1437 1163 1496 1248 qui

360 1268 395 1334 in
411 1267 527 1334 eodem
552 1267 625 1334 looo
640 1267 711 1334 Deo
730 1266 764 1331 in
788 1266 959 1352 religionis
984 1266 1100 1334 habitu
1125 1268 1332 1352 famulantur,
1359 1274 1496 1356 propter

362 1373 522 1442 defectum
547 1375 774 1459 temporalium
786 1425 795 1457 ,
821 1375 892 1440 siue
908 1375 1027 1459 quibus
1053 1375 1086 1441 in
1112 1376 1174 1444 hoe
1201 1377 1330 1443 mortali
1356 1396 1495 1463 corpore

361 1483 528 1550 constituti
543 1502 610 1549 non
624 1487 763 1567 possunt
779 1481 964 1564 sustentari,
982 1481 1207 1548 detrimentum
1230 1483 1300 1568 pati
1324 1483 1492 1568 continge-

361 1598 420 1673 ret,
439 1587 601 1674 quasdam
616 1588 842 1674 possessiones
869 1588 976 1654 eidem
993 1589 1140 1656 Eeelesie
1159 1590 1352 1656 contulimus
1377 1610 1495 1677 perpe-

361 1703 416 1765 tuo
442 1696 669 1783 possidendas.
702 1697 740 1762 In
766 1695 929 1764 Comitatu
954 1697 1136 1781 Syrimeusi
1161 1699 1202 1763 de
1226 1698 1492 1783 possessionibus

362 1803 569 1872 hereditariis
594 1801 758 1890 quondam
774 1803 863 1870 Petri
880 1804 938 1888 filij
955 1805 1106 1890 Gurwey,
1132 1826 1195 1888 que
1211 1826 1273 1873 sua
1299 1806 1494 1873 infidelitate

361 1912 523 1998 exigente,
551 1912 630 1995 quia
646 1912 768 1977 crimen
784 1912 852 1978 lese
868 1911 1050 1979 Maiestatis
1077 1921 1212 1979 matrem
1238 1919 1382 1980 nostram
1407 1914 1493 1981 oeci-

364 2020 469 2088 dendo
486 2019 704 2101 commiserat,
721 2019 766 2084 ad
781 2039 898 2086 manus
914 2020 1035 2102 Regias
1051 2020 1182 2086 fuerunt
1197 2021 1367 2105 deuolute,
1391 2021 1493 2106 inpri-

361 2127 424 2194 mis
440 2127 547 2213 ipsum
563 2127 680 2212 looum,
696 2126 752 2193 vbi
768 2126 1000 2193 monasterium
1011 2137 1061 2194 est
1077 2133 1305 2211 constructum,
1322 2129 1378 2211 qui
1389 2135 1489 2194 autea

362 2233 487 2318 Vkurd,
505 2235 563 2300 sed
579 2234 675 2302 modo
691 2233 844 2301 Belefons
860 2234 1055 2321 appellatur,
1080 2254 1153 2300 oum
1170 2234 1319 2300 omnibus
1335 2235 1403 2301 suis
1418 2253 1491 2321 per-

361 2343 523 2425 tiuenoiis,
541 2343 666 2408 seilicet
682 2343 797 2426 vineis,
815 2342 920 2428 silvis,
939 2343 1028 2426 agris
1045 2349 1078 2407 et
1093 2345 1206 2429 pratis,
1226 2348 1258 2408 et
1273 2344 1368 2409 terris
1385 2343 1493 2408 arabi-

362 2449 458 2532 libus,
486 2469 558 2514 eum
576 2455 669 2535 parte
685 2449 829 2515 Danubii
844 2449 974 2516 fluentis
992 2470 1088 2536 super
1104 2451 1341 2535 terramillam,
1368 2456 1399 2516 et
1416 2439 1490 2515 eum

359 2557 476 2641 viginti
502 2560 645 2641 quinque
661 2557 750 2622 villis
767 2558 829 2623 sub
843 2579 909 2623 vna
925 2564 1010 2624 meta
1029 2558 1255 2641 existentibus,
1282 2577 1419 2640 quarum
1435 2577 1492 2622 no-

361 2664 450 2728 mina
466 2671 541 2729 sunt
556 2665 638 2730 heo:
656 2664 737 2730 villa
748 2663 922 2747 (lomoneh,
939 2665 1020 2730 villa
1037 2666 1160 2746 Ohuda,
1177 2662 1391 2747 villadehad,
1408 2664 1493 2730 villa

360 2772 644 2857 Theutouioorum,
670 2773 752 2839 villa
769 2773 921 2857 Brataoh,
938 2774 1018 2838 villa
1034 2772 1145 2858 Ineud,
1170 2775 1251 2840 villa
1268 2775 1383 2857 Lauar,
1408 2774 1493 2840 villa

361 2879 486 2963 Vkurd,
514 2879 578 2946 due
593 2881 671 2948 ville
686 2883 871 2964 Mouorous,
897 2881 977 2946 villa
993 2881 1155 2964 Lesemer,
1183 2882 1262 2947 viila
1281 2882 1381 2962 Luaz,
1408 2881 1493 2946 villa

363 2985 521 3071 Oherwet,
540 2988 619 3053 villa
636 2988 766 3071 Erdeol,
786 2988 867 3054 villa
882 2989 1046 3070 Warolea,
1073 2995 1106 3054 et
1120 2987 1201 3052 villa
1219 2989 1331 3072 Furny
1347 3009 1419 3054 eum
1443 2991 1493 3054 iu·

363 3096 447 3180 sula,
465 3096 545 3161 villa
560 3096 687 3161 Perben
712 3116 785 3161 oum
802 3096 931 3181 pisoina
946 3097 1043 3179 bona,
1070 3102 1103 3160 et
1118 3095 1237 3179 viginti
1253 3096 1381 3162 duabus
1400 3115 1491 3162 man-

362 3203 508 3270 sionibus
533 3222 700 3270 servorum
726 3204 937 3288 piscatorum,
963 3202 1043 3286 villa
1069 3201 1240 3288 Seepfolu,
1267 3203 1348 3268 villa
1374 3201 1491 3286 Oziun,

361 3309 1114 3395 villaHaranoh,villaPokoy,villaBratyeha,
1125 3310 1205 3375 villa
1216 3308 1398 3394 Comolous,
1409 3309 1493 3376 villa

360 3420 469 3502 Steuo,
490 3417 572 3483 villa
589 3417 718 3502 Oyfolu.
743 3417 836 3483 Lieet
851 3419 937 3484 enim
954 3439 1014 3505 pro
1031 3419 1173 3486 remedio
1190 3419 1298 3484 anime
1313 3420 1492 3487 karissime

362 3524 475 3590 matris
487 3530 712 3591 nostreomnes
722 3523 949 3609 possessiones
960 3525 1079 3611 prefati
1090 3526 1185 3608 Petri,
1197 3526 1288 3593 ouius
1299 3526 1491 3594 detestabili

362 3629 496 3698 erimine
509 3631 618 3698 fuerat
632 3630 813 3716 interiecta,
828 3634 892 3698 Dei
902 3633 1059 3700 Eeelesiis
1074 3633 1213 3701 conferri
1228 3634 1391 3720 ydoneum
1407 3635 1490 3702 exti-

362 3738 459 3805 tisset
474 3737 730 3822 rationabiliter,
746 3737 807 3806 has
823 3740 977 3806 tamenin
992 3747 1183 3826 perpetuam
1200 3742 1412 3810 elemosinam
1428 3761 1490 3825 pro

361 3846 583 3933 redemptione
598 3851 804 3932 peceatorum
816 3847 924 3914 anime
938 3853 1007 3912 tam
1022 3848 1138 3933 ipsius,
1157 3869 1254 3932 quam
1271 3855 1388 3934 nostre,
1400 3847 1492 3917 dedi-

362 3974 434 4022 mus
450 3953 598 4020 Eoolesie
613 3952 809 4039 supradicte.
837 3953 1040 4021 Contulimus
1057 3957 1161 4021 eciam
1176 3955 1210 4021 in
1224 3955 1343 4022 Sirmio
1367 3965 1491 4022 terram

360 4062 475 4130 Narad
499 4083 571 4128 enm
596 4060 748 4129 omnibus
772 4062 996 4150 prouentibus,
1028 4062 1182 4130 videlieet
1205 4064 1308 4144 siluis,
1336 4069 1368 4130 et
1391 4063 1490 4130 terris

361 4172 467 4253 eultis,
494 4178 527 4237 et
540 4171 683 4254 iuoultis,
709 4169 812 4254 aquis,
841 4177 873 4237 et
887 4169 1001 4256 pratis.
1020 4171 1177 4238 Dedimus
1195 4171 1300 4237 eciam
1325 4171 1431 4237 eidem
1454 4173 1491 4239 in

359 4277 484 4346 Peteud
501 4287 572 4346 oeto
599 4278 786 4345 mansiones
814 4299 980 4346 seruorum
997 4278 1174 4346 vinitorum
1199 4299 1271 4345 oum
1286 4280 1383 4346 terris
1408 4280 1490 4364 suis,

360 4395 393 4454 et
406 4385 548 4471 quinque
558 4386 672 4452 vineas
683 4405 782 4472 super
798 4393 886 4453 terra
896 4386 1115 4473 Nyoolayfilii
1126 4386 1278 4470 Teodori,
1296 4407 1378 4471 quas
1388 4387 1490 4453 iidem

359 4495 515 4561 vinitores
530 4500 680 4560 tenentur
691 4495 808 4578 oolere,
826 4501 859 4560 et
873 4493 1075 4562 vindemiare
1086 4495 1256 4562 annuatim
1266 4495 1310 4562 ad
1326 4496 1490 4578 integrum

360 4600 549 4687 inpropriis
573 4601 765 4685 sumptibus,
791 4607 824 4666 et
838 4601 949 4667 vinum
972 4603 1149 4668 earundem
1165 4601 1333 4669 vinearum
1358 4611 1491 4689 portare
