<?xml version="1.0" encoding="UTF-8"?>
<!DOCTYPE html PUBLIC "-//W3C//DTD XHTML 1.0 Transitional//EN"
    "http://www.w3.org/TR/xhtml1/DTD/xhtml1-transitional.dtd">
<html xmlns="http://www.w3.org/1999/xhtml" xml:lang="en" lang="en">
 <head>
  <title>
</title>
<meta http-equiv="Content-Type" content="text/html;charset=utf-8" />
  <meta name='ocr-system' content='tesseract 3.04.00' />
  <meta name='ocr-capabilities' content='ocr_page ocr_carea ocr_par ocr_line ocrx_word'/>
</head>
<body>
  <div class='ocr_page' id='page_1' title='image "./codexdiplomatic18wenzgoog_0207.png"; bbox 0 0 3186 5188; ppageno 0'>
   <div class='ocr_carea' id='block_1_1' title="bbox 17 209 19 456">
    <p class='ocr_par' dir='ltr' id='par_1_1' title="bbox 17 209 19 456">
     <span class='ocr_line' id='line_1_1' title="bbox 17 209 19 320; baseline 0 0"><span class='ocrx_word' id='word_1_1' title='bbox 17 209 19 320; x_wconf 90' lang='lat' dir='ltr'>l</span> 
     </span>
     <span class='ocr_line' id='line_1_2' title="bbox 17 321 19 456; baseline 0 0"><span class='ocrx_word' id='word_1_2' title='bbox 17 321 19 456; x_wconf 93' lang='grc' dir='ltr'>Ι</span> 
     </span>
    </p>
   </div>
   <div class='ocr_carea' id='block_1_2' title="bbox 17 463 1180 1222">
    <p class='ocr_par' dir='ltr' id='par_1_2' title="bbox 17 463 1180 1222">
     <span class='ocr_line' id='line_1_3' title="bbox 17 463 1176 573; baseline -0.01 -17"><span class='ocrx_word' id='word_1_3' title='bbox 17 463 19 538; x_wconf 76' lang='lat' dir='ltr'>l</span> <span class='ocrx_word' id='word_1_4' title='bbox 63 488 148 572; x_wconf 84' lang='lat' dir='ltr'>Regis</span> <span class='ocrx_word' id='word_1_5' title='bbox 163 485 222 555; x_wconf 91' lang='lat' dir='ltr'>sub</span> <span class='ocrx_word' id='word_1_6' title='bbox 240 485 375 573; x_wconf 93' lang='lat' dir='ltr'>proprio</span> <span class='ocrx_word' id='word_1_7' title='bbox 400 481 545 571; x_wconf 77' lang='lat' dir='ltr'>dupplici</span> <span class='ocrx_word' id='word_1_8' title='bbox 570 481 682 567; x_wconf 86' lang='lat' dir='ltr'>sigillo</span> <span class='ocrx_word' id='word_1_9' title='bbox 700 480 845 548; x_wconf 91' lang='lat' dir='ltr'>eiusdem</span> <span class='ocrx_word' id='word_1_10' title='bbox 862 499 947 548; x_wconf 88' lang='lat' dir='ltr'>anno</span> <span class='ocrx_word' id='word_1_11' title='bbox 964 479 1007 548; x_wconf 90' lang='lat' dir='ltr'>ab</span> <span class='ocrx_word' id='word_1_12' title='bbox 1024 481 1176 547; x_wconf 89' lang='lat' dir='ltr'>lncarua</span> 
     </span>
     <span class='ocr_line' id='line_1_4' title="bbox 17 588 1176 676; baseline -0.009 -9.582"><span class='ocrx_word' id='word_1_13' title='bbox 17 598 143 666; x_wconf 87' lang='lat' dir='ltr'>cione</span> <span class='ocrx_word' id='word_1_14' title='bbox 164 595 298 664; x_wconf 87' lang='lat' dir='ltr'>Domini</span> <span class='ocrx_word' id='word_1_15' title='bbox 321 592 495 660; x_wconf 90' lang='lat' dir='ltr'>millesimo</span> <span class='ocrx_word' id='word_1_16' title='bbox 521 589 741 658; x_wconf 90' lang='lat' dir='ltr'>ducentesimo</span> <span class='ocrx_word' id='word_1_17' title='bbox 766 588 1021 676; x_wconf 87' lang='lat' dir='ltr'>quadragesimo</span> <span class='ocrx_word' id='word_1_18' title='bbox 1047 597 1176 674; x_wconf 88' lang='lat' dir='ltr'>quarto,</span> 
     </span>
     <span class='ocr_line' id='line_1_5' title="bbox 63 697 1177 792; baseline -0.005 -20"><span class='ocrx_word' id='word_1_19' title='bbox 63 708 151 792; x_wconf 83' lang='lat' dir='ltr'>Regni</span> <span class='ocrx_word' id='word_1_20' title='bbox 166 711 276 773; x_wconf 88' lang='lat' dir='ltr'>autem</span> <span class='ocrx_word' id='word_1_21' title='bbox 286 706 338 771; x_wconf 91' lang='lat' dir='ltr'>sni</span> <span class='ocrx_word' id='word_1_22' title='bbox 354 724 440 771; x_wconf 90' lang='lat' dir='ltr'>anno</span> <span class='ocrx_word' id='word_1_23' title='bbox 456 723 553 787; x_wconf 92' lang='lat' dir='ltr'>nono,</span> <span class='ocrx_word' id='word_1_24' title='bbox 570 707 688 768; x_wconf 90' lang='lat' dir='ltr'>octauo</span> <span class='ocrx_word' id='word_1_25' title='bbox 698 697 860 765; x_wconf 76' lang='lat' dir='ltr'><strong>kalendas</strong></span> <span class='ocrx_word' id='word_1_26' title='bbox 871 699 1061 766; x_wconf 79' lang='lat' dir='ltr'><strong>Decembris</strong></span> <span class='ocrx_word' id='word_1_27' title='bbox 1077 720 1177 786; x_wconf 88' lang='lat' dir='ltr'>super</span> 
     </span>
     <span class='ocr_line' id='line_1_6' title="bbox 62 806 1177 900; baseline -0.005 -20"><span class='ocrx_word' id='word_1_28' title='bbox 62 813 194 884; x_wconf 89' lang='lat' dir='ltr'>nonnulis</span> <span class='ocrx_word' id='word_1_29' title='bbox 204 813 354 900; x_wconf 91' lang='lat' dir='ltr'>ipsorum</span> <span class='ocrx_word' id='word_1_30' title='bbox 370 810 578 878; x_wconf 75' lang='lat' dir='ltr'>libertatibus</span> <span class='ocrx_word' id='word_1_31' title='bbox 589 815 623 876; x_wconf 93' lang='lat' dir='ltr'>et</span> <span class='ocrx_word' id='word_1_32' title='bbox 635 806 857 894; x_wconf 91' lang='lat' dir='ltr'>prerogatiuis</span> <span class='ocrx_word' id='word_1_33' title='bbox 873 806 1017 874; x_wconf 87' lang='lat' dir='ltr'>litteris</span> <span class='ocrx_word' id='word_1_34' title='bbox 1008 827 1042 873; x_wconf 85' lang='grc' dir='ltr'>ιιι</span> <span class='ocrx_word' id='word_1_35' title='bbox 1052 807 1177 874; x_wconf 89' lang='lat' dir='ltr'>eisdem</span> 
     </span>
     <span class='ocr_line' id='line_1_7' title="bbox 63 914 1178 1004; baseline -0.006 -16"><span class='ocrx_word' id='word_1_36' title='bbox 63 921 203 990; x_wconf 88' lang='lat' dir='ltr'>contentis</span> <span class='ocrx_word' id='word_1_37' title='bbox 220 929 386 1004; x_wconf 89' lang='lat' dir='ltr'>emanate,</span> <span class='ocrx_word' id='word_1_38' title='bbox 412 919 445 985; x_wconf 93' lang='lat' dir='ltr'>in</span> <span class='ocrx_word' id='word_1_39' title='bbox 456 915 584 1004; x_wconf 90' lang='lat' dir='ltr'>judicio</span> <span class='ocrx_word' id='word_1_40' title='bbox 600 937 712 985; x_wconf 90' lang='lat' dir='ltr'>coram</span> <span class='ocrx_word' id='word_1_41' title='bbox 726 921 838 982; x_wconf 89' lang='lat' dir='ltr'>nostra</span> <span class='ocrx_word' id='word_1_42' title='bbox 854 914 1025 983; x_wconf 91' lang='lat' dir='ltr'>Personali</span> <span class='ocrx_word' id='word_1_43' title='bbox 1044 917 1178 984; x_wconf 89' lang='lat' dir='ltr'>Presco-</span> 
     </span>
     <span class='ocr_line' id='line_1_8' title="bbox 63 1022 1177 1110; baseline -0.005 -14"><span class='ocrx_word' id='word_1_44' title='bbox 63 1031 103 1096; x_wconf 83' lang='lat' dir='ltr'>cia</span> <span class='ocrx_word' id='word_1_45' title='bbox 123 1030 266 1098; x_wconf 81' lang='lat' dir='ltr'>exhibite</span> <span class='ocrx_word' id='word_1_46' title='bbox 291 1029 451 1096; x_wconf 85' lang='lat' dir='ltr'>fuissent:</span> <span class='ocrx_word' id='word_1_47' title='bbox 468 1047 545 1094; x_wconf 84' lang='lat' dir='ltr'>mox</span> <span class='ocrx_word' id='word_1_48' title='bbox 560 1023 741 1110; x_wconf 76' lang='lat' dir='ltr'>Gregorius</span> <span class='ocrx_word' id='word_1_49' title='bbox 766 1022 807 1091; x_wconf 87' lang='lat' dir='ltr'>de</span> <span class='ocrx_word' id='word_1_50' title='bbox 826 1023 950 1110; x_wconf 85' lang='lat' dir='ltr'>Keraly</span> <span class='ocrx_word' id='word_1_51' title='bbox 968 1023 1002 1089; x_wconf 93' lang='lat' dir='ltr'>in</span> <span class='ocrx_word' id='word_1_52' title='bbox 1027 1025 1177 1110; x_wconf 89' lang='lat' dir='ltr'>personis</span> 
     </span>
     <span class='ocr_line' id='line_1_9' title="bbox 63 1131 1180 1222; baseline -0.004 -18"><span class='ocrx_word' id='word_1_53' title='bbox 63 1137 274 1222; x_wconf 82' lang='lat' dir='ltr'>religiosarum</span> <span class='ocrx_word' id='word_1_54' title='bbox 301 1135 505 1204; x_wconf 91' lang='lat' dir='ltr'>dominarum</span> <span class='ocrx_word' id='word_1_55' title='bbox 530 1131 827 1201; x_wconf 80' lang='lat' dir='ltr'>sanctimonialium</span> <span class='ocrx_word' id='word_1_56' title='bbox 852 1131 886 1197; x_wconf 90' lang='lat' dir='ltr'>in</span> <span class='ocrx_word' id='word_1_57' title='bbox 911 1131 1053 1199; x_wconf 90' lang='lat' dir='ltr'>elaustro</span> <span class='ocrx_word' id='word_1_58' title='bbox 1078 1131 1180 1199; x_wconf 87' lang='lat' dir='ltr'>Beate</span> 
     </span>
    </p>
   </div>
   <div class='ocr_carea' id='block_1_3' title="bbox 17 1239 1181 1774">
    <p class='ocr_par' dir='ltr' id='par_1_3' title="bbox 17 1239 1181 1774">
     <span class='ocr_line' id='line_1_10' title="bbox 63 1239 1181 1330; baseline -0.004 -19"><span class='ocrx_word' id='word_1_59' title='bbox 63 1246 149 1311; x_wconf 74' lang='lat' dir='ltr'>llas-ic</span> <span class='ocrx_word' id='word_1_60' title='bbox 160 1244 309 1330; x_wconf 84' lang='lat' dir='ltr'>Virginis</span> <span class='ocrx_word' id='word_1_61' title='bbox 325 1243 366 1310; x_wconf 90' lang='lat' dir='ltr'>dc</span> <span class='ocrx_word' id='word_1_62' title='bbox 376 1243 487 1310; x_wconf 89' lang='lat' dir='ltr'>Veteri</span> <span class='ocrx_word' id='word_1_63' title='bbox 503 1241 596 1309; x_wconf 89' lang='lat' dir='ltr'>Boda</span> <span class='ocrx_word' id='word_1_64' title='bbox 612 1240 817 1327; x_wconf 86' lang='lat' dir='ltr'>degeneium,</span> <span class='ocrx_word' id='word_1_65' title='bbox 833 1239 868 1306; x_wconf 93' lang='lat' dir='ltr'>in</span> <span class='ocrx_word' id='word_1_66' title='bbox 878 1240 1015 1308; x_wconf 91' lang='lat' dir='ltr'>eandem</span> <span class='ocrx_word' id='word_1_67' title='bbox 1034 1247 1181 1309; x_wconf 88' lang='lat' dir='ltr'>nostram</span> 
     </span>
     <span class='ocr_line' id='line_1_11' title="bbox 63 1345 1176 1436; baseline -0.001 -19"><span class='ocrx_word' id='word_1_68' title='bbox 63 1352 255 1420; x_wconf 81' lang='lat' dir='ltr'>Pomonalem</span> <span class='ocrx_word' id='word_1_69' title='bbox 283 1351 473 1436; x_wconf 85' lang='lat' dir='ltr'>exurgeodo</span> <span class='ocrx_word' id='word_1_70' title='bbox 489 1349 707 1435; x_wconf 75' lang='lat' dir='ltr'>Prusensium,</span> <span class='ocrx_word' id='word_1_71' title='bbox 734 1345 894 1434; x_wconf 91' lang='lat' dir='ltr'>quosdam</span> <span class='ocrx_word' id='word_1_72' title='bbox 913 1354 981 1417; x_wconf 90' lang='lat' dir='ltr'>tres</span> <span class='ocrx_word' id='word_1_73' title='bbox 1007 1349 1176 1434; x_wconf 78' lang='lat' dir='ltr'>articulos,</span> 
     </span>
     <span class='ocr_line' id='line_1_12' title="bbox 60 1455 1179 1542; baseline -0.001 -17"><span class='ocrx_word' id='word_1_74' title='bbox 60 1460 162 1527; x_wconf 86' lang='lat' dir='ltr'>iactum</span> <span class='ocrx_word' id='word_1_75' title='bbox 177 1458 308 1527; x_wconf 89' lang='lat' dir='ltr'>scilicet</span> <span class='ocrx_word' id='word_1_76' title='bbox 333 1457 446 1527; x_wconf 88' lang='lat' dir='ltr'>tributi</span> <span class='ocrx_word' id='word_1_77' title='bbox 461 1463 495 1524; x_wconf 93' lang='lat' dir='ltr'>et</span> <span class='ocrx_word' id='word_1_78' title='bbox 509 1457 702 1542; x_wconf 87' lang='lat' dir='ltr'>cibrionum,</span> <span class='ocrx_word' id='word_1_79' title='bbox 728 1477 868 1524; x_wconf 90' lang='lat' dir='ltr'>necnon</span> <span class='ocrx_word' id='word_1_80' title='bbox 885 1455 1050 1525; x_wconf 91' lang='lat' dir='ltr'>domorum</span> <span class='ocrx_word' id='word_1_81' title='bbox 1074 1456 1108 1522; x_wconf 92' lang='lat' dir='ltr'>in</span> <span class='ocrx_word' id='word_1_82' title='bbox 1126 1478 1179 1524; x_wconf 88' lang='lat' dir='ltr'>ea·</span> 
     </span>
     <span class='ocr_line' id='line_1_13' title="bbox 17 1565 1181 1652; baseline -0.004 -17"><span class='ocrx_word' id='word_1_83' title='bbox 17 1569 18 1576; x_wconf 77' lang='grc'>’</span> <span class='ocrx_word' id='word_1_84' title='bbox 62 1569 120 1635; x_wconf 89' lang='lat' dir='ltr'>dem</span> <span class='ocrx_word' id='word_1_85' title='bbox 134 1568 268 1636; x_wconf 87' lang='lat' dir='ltr'>ciuitate</span> <span class='ocrx_word' id='word_1_86' title='bbox 284 1575 399 1635; x_wconf 88' lang='lat' dir='ltr'>nostra</span> <span class='ocrx_word' id='word_1_87' title='bbox 414 1565 598 1634; x_wconf 90' lang='lat' dir='ltr'>teneneinm</span> <span class='ocrx_word' id='word_1_88' title='bbox 615 1574 648 1635; x_wconf 91' lang='lat' dir='ltr'>et</span> <span class='ocrx_word' id='word_1_89' title='bbox 663 1565 858 1634; x_wconf 87' lang='lat' dir='ltr'>babencium</span> <span class='ocrx_word' id='word_1_90' title='bbox 868 1571 1050 1652; x_wconf 79' lang='lat' dir='ltr'>tangentes,</span> <span class='ocrx_word' id='word_1_91' title='bbox 1067 1565 1102 1632; x_wconf 93' lang='lat' dir='ltr'>in</span> <span class='ocrx_word' id='word_1_92' title='bbox 1118 1565 1181 1632; x_wconf 89' lang='lat' dir='ltr'>eis-</span> 
     </span>
     <span class='ocr_line' id='line_1_14' title="bbox 17 1671 1179 1774; baseline -0.003 -32"><span class='ocrx_word' id='word_1_93' title='bbox 17 1749 19 1774; x_wconf 31' lang='lat'>,</span> <span class='ocrx_word' id='word_1_94' title='bbox 62 1677 121 1743; x_wconf 90' lang='lat' dir='ltr'>dem</span> <span class='ocrx_word' id='word_1_95' title='bbox 138 1675 257 1742; x_wconf 89' lang='lat' dir='ltr'>litteris</span> <span class='ocrx_word' id='word_1_96' title='bbox 286 1671 501 1761; x_wconf 68' lang='lat' dir='ltr'>specificatus</span> <span class='ocrx_word' id='word_1_97' title='bbox 529 1693 567 1741; x_wconf 84' lang='lat' dir='ltr'>eo</span> <span class='ocrx_word' id='word_1_98' title='bbox 593 1674 679 1760; x_wconf 88' lang='lat' dir='ltr'>quod</span> <span class='ocrx_word' id='word_1_99' title='bbox 699 1673 799 1759; x_wconf 88' lang='lat' dir='ltr'>ijdem</span> <span class='ocrx_word' id='word_1_100' title='bbox 824 1681 892 1741; x_wconf 92' lang='lat' dir='ltr'>tres</span> <span class='ocrx_word' id='word_1_101' title='bbox 919 1671 1048 1739; x_wconf 84' lang='lat' dir='ltr'>articuli</span> <span class='ocrx_word' id='word_1_102' title='bbox 1073 1674 1179 1740; x_wconf 88' lang='lat' dir='ltr'>eciam</span> 
     </span>
    </p>
   </div>
   <div class='ocr_carea' id='block_1_4' title="bbox 17 1775 1189 4378">
    <p class='ocr_par' dir='ltr' id='par_1_4' title="bbox 17 1775 1188 4378">
     <span class='ocr_line' id='line_1_15' title="bbox 17 1775 1179 1864; baseline -0.002 -16"><span class='ocrx_word' id='word_1_103' title='bbox 17 1775 19 1802; x_wconf 60' lang='lat'><em>¹</em></span> <span class='ocrx_word' id='word_1_104' title='bbox 63 1783 150 1850; x_wconf 87' lang='lat' dir='ltr'>dictas</span> <span class='ocrx_word' id='word_1_105' title='bbox 164 1783 319 1851; x_wconf 87' lang='lat' dir='ltr'>dominas</span> <span class='ocrx_word' id='word_1_106' title='bbox 344 1783 609 1851; x_wconf 88' lang='lat' dir='ltr'>sanctimoniales</span> <span class='ocrx_word' id='word_1_107' title='bbox 629 1781 726 1850; x_wconf 90' lang='lat' dir='ltr'>certis</span> <span class='ocrx_word' id='word_1_108' title='bbox 742 1803 783 1849; x_wconf 82' lang='lat' dir='ltr'>ex</span> <span class='ocrx_word' id='word_1_109' title='bbox 799 1779 910 1849; x_wconf 87' lang='lat' dir='ltr'>causis</span> <span class='ocrx_word' id='word_1_110' title='bbox 936 1786 1179 1864; x_wconf 90' lang='lat' dir='ltr'>concemereot,</span> 
     </span>
     <span class='ocr_line' id='line_1_16' title="bbox 17 1888 1180 1982; baseline -0.001 -24"><span class='ocrx_word' id='word_1_111' title='bbox 17 1903 18 1982; x_wconf 67' lang='lat' dir='ltr'>l</span> <span class='ocrx_word' id='word_1_112' title='bbox 62 1891 179 1977; x_wconf 85' lang='lat' dir='ltr'>prefatis</span> <span class='ocrx_word' id='word_1_113' title='bbox 195 1893 396 1960; x_wconf 89' lang='lat' dir='ltr'>dominabus</span> <span class='ocrx_word' id='word_1_114' title='bbox 411 1913 470 1980; x_wconf 88' lang='lat' dir='ltr'>per</span> <span class='ocrx_word' id='word_1_115' title='bbox 485 1913 546 1960; x_wconf 89' lang='lat' dir='ltr'>uos</span> <span class='ocrx_word' id='word_1_116' title='bbox 562 1890 635 1959; x_wconf 94' lang='lat' dir='ltr'>dari</span> <span class='ocrx_word' id='word_1_117' title='bbox 652 1891 862 1978; x_wconf 88' lang='lat' dir='ltr'>supplicauit.</span> <span class='ocrx_word' id='word_1_118' title='bbox 888 1889 1033 1969; x_wconf 80' lang='lat' dir='ltr'>Quorum</span> <span class='ocrx_word' id='word_1_119' title='bbox 1049 1888 1180 1975; x_wconf 90' lang='lat' dir='ltr'>quidem</span> 
     </span>
     <span class='ocr_line' id='line_1_17' title="bbox 66 1999 1180 2089; baseline -0.001 -22.042"><span class='ocrx_word' id='word_1_120' title='bbox 66 2003 147 2067; x_wconf 89' lang='lat' dir='ltr'>trium</span> <span class='ocrx_word' id='word_1_121' title='bbox 162 2001 390 2089; x_wconf 87' lang='lat' dir='ltr'>articulorum,</span> <span class='ocrx_word' id='word_1_122' title='bbox 416 2021 498 2088; x_wconf 89' lang='lat' dir='ltr'>quos</span> <span class='ocrx_word' id='word_1_123' title='bbox 515 2001 601 2069; x_wconf 88' lang='lat' dir='ltr'>idem</span> <span class='ocrx_word' id='word_1_124' title='bbox 618 2001 695 2070; x_wconf 93' lang='lat' dir='ltr'>olim</span> <span class='ocrx_word' id='word_1_125' title='bbox 710 2002 792 2068; x_wconf 89' lang='lat' dir='ltr'>Bela</span> <span class='ocrx_word' id='word_1_126' title='bbox 807 2003 878 2068; x_wconf 83' lang='lat' dir='ltr'>Rex</span> <span class='ocrx_word' id='word_1_127' title='bbox 903 2000 1027 2068; x_wconf 88' lang='lat' dir='ltr'>eisdem</span> <span class='ocrx_word' id='word_1_128' title='bbox 1052 1999 1180 2068; x_wconf 90' lang='lat' dir='ltr'>ciuibus</span> 
     </span>
     <span class='ocr_line' id='line_1_18' title="bbox 17 2108 1179 2196; baseline -0.005 -16"><span class='ocrx_word' id='word_1_129' title='bbox 17 2139 18 2180; x_wconf 74' lang='lat'><em>2</em></span> <span class='ocrx_word' id='word_1_130' title='bbox 65 2110 390 2178; x_wconf 84' lang='lat' dir='ltr'>nostriandeosibus</span> <span class='ocrx_word' id='word_1_131' title='bbox 406 2109 551 2195; x_wconf 90' lang='lat' dir='ltr'>contulit,</span> <span class='ocrx_word' id='word_1_132' title='bbox 569 2110 694 2196; x_wconf 90' lang='lat' dir='ltr'>primus</span> <span class='ocrx_word' id='word_1_133' title='bbox 709 2109 739 2176; x_wconf 91' lang='lat' dir='ltr'>is</span> <span class='ocrx_word' id='word_1_134' title='bbox 755 2116 823 2176; x_wconf 90' lang='lat' dir='ltr'>est:</span> <span class='ocrx_word' id='word_1_135' title='bbox 842 2109 944 2196; x_wconf 83' lang='lat' dir='ltr'>„Item</span> <span class='ocrx_word' id='word_1_136' title='bbox 959 2108 1046 2178; x_wconf 85' lang='lat' dir='ltr'>infra</span> <span class='ocrx_word' id='word_1_137' title='bbox 1060 2108 1179 2177; x_wconf 91' lang='lat' dir='ltr'>limites</span> 
     </span>
     <span class='ocr_line' id='line_1_19' title="bbox 17 2211 1181 2314; baseline 0 -31"><span class='ocrx_word' id='word_1_138' title='bbox 17 2231 19 2314; x_wconf 61' lang='lat' dir='ltr'>l</span> <span class='ocrx_word' id='word_1_139' title='bbox 63 2219 151 2302; x_wconf 81' lang='lat' dir='ltr'>Regni</span> <span class='ocrx_word' id='word_1_140' title='bbox 165 2211 271 2288; x_wconf 85' lang='lat' dir='ltr'>nostri</span> <span class='ocrx_word' id='word_1_141' title='bbox 288 2219 332 2283; x_wconf 83' lang='lat' dir='ltr'>ob</span> <span class='ocrx_word' id='word_1_142' title='bbox 349 2217 436 2285; x_wconf 94' lang='lat' dir='ltr'>omni</span> <span class='ocrx_word' id='word_1_143' title='bbox 459 2217 589 2304; x_wconf 92' lang='lat' dir='ltr'>tributo,</span> <span class='ocrx_word' id='word_1_144' title='bbox 618 2219 713 2285; x_wconf 88' lang='lat' dir='ltr'>salua</span> <span class='ocrx_word' id='word_1_145' title='bbox 736 2217 911 2306; x_wconf 88' lang='lat' dir='ltr'>tricesima,</span> <span class='ocrx_word' id='word_1_146' title='bbox 939 2223 971 2286; x_wconf 91' lang='lat' dir='ltr'>et</span> <span class='ocrx_word' id='word_1_147' title='bbox 991 2217 1086 2286; x_wconf 89' lang='lat' dir='ltr'>saluo</span> <span class='ocrx_word' id='word_1_148' title='bbox 1106 2219 1181 2304; x_wconf 86' lang='lat' dir='ltr'>jure</span> 
     </span>
     <span class='ocr_line' id='line_1_20' title="bbox 64 2323 1180 2412; baseline -0.002 -19"><span class='ocrx_word' id='word_1_149' title='bbox 64 2325 192 2394; x_wconf 79' lang='lat' dir='ltr'>beclesie</span> <span class='ocrx_word' id='word_1_150' title='bbox 208 2325 385 2412; x_wconf 88' lang='lat' dir='ltr'>Budensis,</span> <span class='ocrx_word' id='word_1_151' title='bbox 411 2332 565 2410; x_wconf 85' lang='lat' dir='ltr'>quantum</span> <span class='ocrx_word' id='word_1_152' title='bbox 583 2325 626 2392; x_wconf 89' lang='lat' dir='ltr'>ad</span> <span class='ocrx_word' id='word_1_153' title='bbox 650 2327 772 2394; x_wconf 88' lang='lat' dir='ltr'>tributa</span> <span class='ocrx_word' id='word_1_154' title='bbox 799 2325 840 2392; x_wconf 91' lang='lat' dir='ltr'>de</span> <span class='ocrx_word' id='word_1_155' title='bbox 856 2325 981 2394; x_wconf 87' lang='lat' dir='ltr'>salibus</span> <span class='ocrx_word' id='word_1_156' title='bbox 1008 2323 1180 2412; x_wconf 84' lang='lat' dir='ltr'>exigenda,</span> 
     </span>
     <span class='ocr_line' id='line_1_21' title="bbox 64 2431 1181 2524; baseline 0.002 -26"><span class='ocrx_word' id='word_1_157' title='bbox 64 2443 124 2501; x_wconf 90' lang='lat' dir='ltr'>suot</span> <span class='ocrx_word' id='word_1_158' title='bbox 140 2431 320 2521; x_wconf 86' lang='lat' dir='ltr'>exempti“;</span> <span class='ocrx_word' id='word_1_159' title='bbox 348 2433 508 2500; x_wconf 88' lang='lat' dir='ltr'>secundus</span> <span class='ocrx_word' id='word_1_160' title='bbox 523 2453 599 2500; x_wconf 86' lang='lat' dir='ltr'>vero</span> <span class='ocrx_word' id='word_1_161' title='bbox 616 2433 773 2501; x_wconf 87' lang='lat' dir='ltr'>articulus</span> <span class='ocrx_word' id='word_1_162' title='bbox 789 2433 837 2500; x_wconf 89' lang='lat' dir='ltr'>ita</span> <span class='ocrx_word' id='word_1_163' title='bbox 852 2434 1035 2502; x_wconf 86' lang='lat' dir='ltr'>continetur</span> <span class='ocrx_word' id='word_1_164' title='bbox 1051 2458 1059 2500; x_wconf 91' lang='lat'><strong>:</strong></span> <span class='ocrx_word' id='word_1_165' title='bbox 1078 2435 1181 2524; x_wconf 87' lang='lat' dir='ltr'>,Item</span> 
     </span>
     <span class='ocr_line' id='line_1_22' title="bbox 65 2540 1181 2631; baseline 0.004 -25"><span class='ocrx_word' id='word_1_166' title='bbox 65 2540 210 2610; x_wconf 81' lang='lat' dir='ltr'>devincis</span> <span class='ocrx_word' id='word_1_167' title='bbox 226 2541 409 2611; x_wconf 89' lang='lat' dir='ltr'>eorundem</span> <span class='ocrx_word' id='word_1_168' title='bbox 435 2541 596 2610; x_wconf 87' lang='lat' dir='ltr'>cibriones</span> <span class='ocrx_word' id='word_1_169' title='bbox 620 2542 806 2610; x_wconf 89' lang='lat' dir='ltr'>nullatenus</span> <span class='ocrx_word' id='word_1_170' title='bbox 832 2542 1036 2631; x_wconf 57' lang='lat' dir='ltr'>exigantur‘g</span> <span class='ocrx_word' id='word_1_171' title='bbox 1060 2542 1181 2610; x_wconf 89' lang='lat' dir='ltr'>tercius</span> 
     </span>
     <span class='ocr_line' id='line_1_23' title="bbox 64 2649 1182 2739; baseline 0.003 -25"><span class='ocrx_word' id='word_1_172' title='bbox 64 2649 208 2733; x_wconf 87' lang='lat' dir='ltr'>siquidem</span> <span class='ocrx_word' id='word_1_173' title='bbox 225 2649 388 2718; x_wconf 88' lang='lat' dir='ltr'>articulus</span> <span class='ocrx_word' id='word_1_174' title='bbox 398 2650 460 2718; x_wconf 94' lang='lat' dir='ltr'>boc</span> <span class='ocrx_word' id='word_1_175' title='bbox 476 2650 572 2719; x_wconf 93' lang='lat' dir='ltr'>modo</span> <span class='ocrx_word' id='word_1_176' title='bbox 589 2650 748 2719; x_wconf 88' lang='lat' dir='ltr'>habetur:</span> <span class='ocrx_word' id='word_1_177' title='bbox 768 2652 870 2738; x_wconf 81' lang='lat' dir='ltr'>,Item</span> <span class='ocrx_word' id='word_1_178' title='bbox 885 2653 994 2719; x_wconf 89' lang='lat' dir='ltr'>nullus</span> <span class='ocrx_word' id='word_1_179' title='bbox 1010 2652 1130 2739; x_wconf 88' lang='lat' dir='ltr'>hospes</span> <span class='ocrx_word' id='word_1_180' title='bbox 1141 2672 1182 2718; x_wconf 85' lang='lat' dir='ltr'>en</span> 
     </span>
     <span class='ocr_line' id='line_1_24' title="bbox 67 2755 1182 2845; baseline 0.005 -25"><span class='ocrx_word' id='word_1_181' title='bbox 67 2755 135 2841; x_wconf 91' lang='lat' dir='ltr'>ipsis</span> <span class='ocrx_word' id='word_1_182' title='bbox 158 2757 393 2845; x_wconf 90' lang='lat' dir='ltr'>possessiones</span> <span class='ocrx_word' id='word_1_183' title='bbox 417 2778 496 2825; x_wconf 88' lang='lat' dir='ltr'>suas</span> <span class='ocrx_word' id='word_1_184' title='bbox 512 2759 565 2824; x_wconf 91' lang='lat' dir='ltr'>uel</span> <span class='ocrx_word' id='word_1_185' title='bbox 582 2757 695 2827; x_wconf 94' lang='lat' dir='ltr'>domos</span> <span class='ocrx_word' id='word_1_186' title='bbox 711 2759 854 2827; x_wconf 87' lang='lat' dir='ltr'>vendere</span> <span class='ocrx_word' id='word_1_187' title='bbox 878 2760 989 2828; x_wconf 87' lang='lat' dir='ltr'>valeat</span> <span class='ocrx_word' id='word_1_188' title='bbox 1015 2759 1113 2828; x_wconf 90' lang='lat' dir='ltr'>alicui</span> <span class='ocrx_word' id='word_1_189' title='bbox 1129 2779 1182 2826; x_wconf 83' lang='lat' dir='ltr'>ex·</span> 
     </span>
     <span class='ocr_line' id='line_1_25' title="bbox 65 2865 1183 2956; baseline 0.007 -27"><span class='ocrx_word' id='word_1_190' title='bbox 65 2870 172 2953; x_wconf 81' lang='lat' dir='ltr'>banco,</span> <span class='ocrx_word' id='word_1_191' title='bbox 189 2866 255 2934; x_wconf 90' lang='lat' dir='ltr'>nisi</span> <span class='ocrx_word' id='word_1_192' title='bbox 272 2866 309 2932; x_wconf 90' lang='lat' dir='ltr'>in</span> <span class='ocrx_word' id='word_1_193' title='bbox 326 2865 440 2933; x_wconf 83' lang='lat' dir='ltr'>eadem</span> <span class='ocrx_word' id='word_1_194' title='bbox 458 2867 540 2934; x_wconf 88' lang='lat' dir='ltr'>villa</span> <span class='ocrx_word' id='word_1_195' title='bbox 554 2867 677 2934; x_wconf 86' lang='lat' dir='ltr'>volenti</span> <span class='ocrx_word' id='word_1_196' title='bbox 694 2866 812 2935; x_wconf 89' lang='lat' dir='ltr'>amodo</span> <span class='ocrx_word' id='word_1_197' title='bbox 828 2867 996 2956; x_wconf 82' lang='lat' dir='ltr'>habitare3</span> <span class='ocrx_word' id='word_1_198' title='bbox 1021 2871 1099 2937; x_wconf 92' lang='lat' dir='ltr'>item</span> <span class='ocrx_word' id='word_1_199' title='bbox 1115 2868 1183 2955; x_wconf 89' lang='lat' dir='ltr'>qui·</span> 
     </span>
     <span class='ocr_line' id='line_1_26' title="bbox 17 2973 1182 3064; baseline 0.005 -27"><span class='ocrx_word' id='word_1_200' title='bbox 17 3025 18 3060; x_wconf 68' lang='lat'>,</span> <span class='ocrx_word' id='word_1_201' title='bbox 68 2992 177 3058; x_wconf 88' lang='lat' dir='ltr'>cunque</span> <span class='ocrx_word' id='word_1_202' title='bbox 193 2994 235 3041; x_wconf 84' lang='lat' dir='ltr'>ex</span> <span class='ocrx_word' id='word_1_203' title='bbox 250 2975 338 3061; x_wconf 90' lang='lat' dir='ltr'>ipsis</span> <span class='ocrx_word' id='word_1_204' title='bbox 355 2975 424 3041; x_wconf 89' lang='lat' dir='ltr'>sine</span> <span class='ocrx_word' id='word_1_205' title='bbox 439 2973 561 3042; x_wconf 85' lang='lat' dir='ltr'>herede</span> <span class='ocrx_word' id='word_1_206' title='bbox 581 2975 769 3061; x_wconf 87' lang='lat' dir='ltr'>decesserit,</span> <span class='ocrx_word' id='word_1_207' title='bbox 797 2978 1022 3064; x_wconf 88' lang='lat' dir='ltr'>possessiones</span> <span class='ocrx_word' id='word_1_208' title='bbox 1041 2997 1119 3046; x_wconf 85' lang='lat' dir='ltr'>snas</span> <span class='ocrx_word' id='word_1_209' title='bbox 1135 2977 1182 3044; x_wconf 94' lang='lat' dir='ltr'>di·</span> 
     </span>
     <span class='ocr_line' id='line_1_27' title="bbox 68 3081 1182 3170; baseline 0.004 -25"><span class='ocrx_word' id='word_1_210' title='bbox 68 3081 199 3149; x_wconf 90' lang='lat' dir='ltr'>mittendi</span> <span class='ocrx_word' id='word_1_211' title='bbox 214 3082 410 3150; x_wconf 78' lang='lat' dir='ltr'>facultatem</span> <span class='ocrx_word' id='word_1_212' title='bbox 426 3082 557 3169; x_wconf 89' lang='lat' dir='ltr'>habeat,</span> <span class='ocrx_word' id='word_1_213' title='bbox 582 3084 635 3151; x_wconf 90' lang='lat' dir='ltr'>cui</span> <span class='ocrx_word' id='word_1_214' title='bbox 651 3085 757 3170; x_wconf 80' lang='lat' dir='ltr'>volet3</span> <span class='ocrx_word' id='word_1_215' title='bbox 784 3083 861 3151; x_wconf 91' lang='lat' dir='ltr'>item</span> <span class='ocrx_word' id='word_1_216' title='bbox 878 3085 1061 3170; x_wconf 90' lang='lat' dir='ltr'>quicunque</span> <span class='ocrx_word' id='word_1_217' title='bbox 1078 3105 1118 3150; x_wconf 85' lang='lat' dir='ltr'>ex</span> <span class='ocrx_word' id='word_1_218' title='bbox 1135 3084 1182 3150; x_wconf 91' lang='lat' dir='ltr'>eis</span> 
     </span>
     <span class='ocr_line' id='line_1_28' title="bbox 69 3190 1184 3280; baseline 0.001 -23"><span class='ocrx_word' id='word_1_219' title='bbox 69 3190 283 3272; x_wconf 87' lang='lat' dir='ltr'>possessiones</span> <span class='ocrx_word' id='word_1_220' title='bbox 299 3191 423 3277; x_wconf 87' lang='lat' dir='ltr'>emerit,</span> <span class='ocrx_word' id='word_1_221' title='bbox 442 3191 470 3258; x_wconf 87' lang='lat' dir='ltr'>si</span> <span class='ocrx_word' id='word_1_222' title='bbox 484 3211 544 3280; x_wconf 90' lang='lat' dir='ltr'>per</span> <span class='ocrx_word' id='word_1_223' title='bbox 558 3211 680 3261; x_wconf 90' lang='lat' dir='ltr'>anuum</span> <span class='ocrx_word' id='word_1_224' title='bbox 696 3196 729 3259; x_wconf 91' lang='lat' dir='ltr'>et</span> <span class='ocrx_word' id='word_1_225' title='bbox 744 3191 831 3259; x_wconf 91' lang='lat' dir='ltr'>diem</span> <span class='ocrx_word' id='word_1_226' title='bbox 841 3193 949 3260; x_wconf 87' lang='lat' dir='ltr'>nullus</span> <span class='ocrx_word' id='word_1_227' title='bbox 962 3193 1069 3280; x_wconf 91' lang='lat' dir='ltr'>ipsum</span> <span class='ocrx_word' id='word_1_228' title='bbox 1086 3211 1184 3278; x_wconf 91' lang='lat' dir='ltr'>super</span> 
     </span>
     <span class='ocr_line' id='line_1_29' title="bbox 17 3295 1185 3390; baseline 0.004 -29"><span class='ocrx_word' id='word_1_229' title='bbox 17 3317 18 3390; x_wconf 47' lang='lat'>3</span> <span class='ocrx_word' id='word_1_230' title='bbox 67 3295 118 3362; x_wconf 88' lang='lat' dir='ltr'>boc</span> <span class='ocrx_word' id='word_1_231' title='bbox 133 3297 326 3387; x_wconf 78' lang='lat' dir='ltr'>impedierit,</span> <span class='ocrx_word' id='word_1_232' title='bbox 344 3297 385 3366; x_wconf 89' lang='lat' dir='ltr'>de</span> <span class='ocrx_word' id='word_1_233' title='bbox 398 3306 506 3368; x_wconf 91' lang='lat' dir='ltr'>cetero</span> <span class='ocrx_word' id='word_1_234' title='bbox 517 3319 574 3367; x_wconf 91' lang='lat' dir='ltr'>eas</span> <span class='ocrx_word' id='word_1_235' title='bbox 591 3299 661 3368; x_wconf 91' lang='lat' dir='ltr'>sine</span> <span class='ocrx_word' id='word_1_236' title='bbox 681 3299 942 3370; x_wconf 88' lang='lat' dir='ltr'>contradiccione</span> <span class='ocrx_word' id='word_1_237' title='bbox 953 3301 1064 3386; x_wconf 88' lang='lat' dir='ltr'>aliqua</span> <span class='ocrx_word' id='word_1_238' title='bbox 1082 3299 1185 3388; x_wconf 91' lang='lat' dir='ltr'>possi·</span> 
     </span>
     <span class='ocr_line' id='line_1_30' title="bbox 69 3401 1185 3496; baseline 0.009 -28.555"><span class='ocrx_word' id='word_1_239' title='bbox 69 3401 134 3472; x_wconf 85' lang='lat' dir='ltr'>dect</span> <span class='ocrx_word' id='word_1_240' title='bbox 147 3409 287 3494; x_wconf 86' lang='lat' dir='ltr'>pacifice</span> <span class='ocrx_word' id='word_1_241' title='bbox 302 3414 335 3474; x_wconf 88' lang='lat' dir='ltr'>et</span> <span class='ocrx_word' id='word_1_242' title='bbox 360 3407 499 3494; x_wconf 86' lang='lat' dir='ltr'>quiete.“</span> <span class='ocrx_word' id='word_1_243' title='bbox 518 3407 612 3476; x_wconf 90' lang='lat' dir='ltr'>Vnde</span> <span class='ocrx_word' id='word_1_244' title='bbox 629 3430 690 3477; x_wconf 89' lang='lat' dir='ltr'>uos</span> <span class='ocrx_word' id='word_1_245' title='bbox 716 3409 993 3496; x_wconf 77' lang='lat' dir='ltr'>supplicaciouem</span> <span class='ocrx_word' id='word_1_246' title='bbox 1010 3406 1089 3477; x_wconf 93' lang='lat' dir='ltr'>dicti</span> <span class='ocrx_word' id='word_1_247' title='bbox 1107 3409 1185 3477; x_wconf 82' lang='lat' dir='ltr'>Gre·</span> 
     </span>
     <span class='ocr_line' id='line_1_31' title="bbox 17 3501 1185 3603; baseline 0.006 -24"><span class='ocrx_word' id='word_1_248' title='bbox 17 3501 19 3512; x_wconf 72' lang='grc'>’</span> <span class='ocrx_word' id='word_1_249' title='bbox 70 3515 142 3599; x_wconf 84' lang='lat' dir='ltr'>gorij</span> <span class='ocrx_word' id='word_1_250' title='bbox 155 3513 196 3582; x_wconf 93' lang='lat' dir='ltr'>de</span> <span class='ocrx_word' id='word_1_251' title='bbox 213 3516 343 3602; x_wconf 89' lang='lat' dir='ltr'>Keraly</span> <span class='ocrx_word' id='word_1_252' title='bbox 365 3517 489 3601; x_wconf 88' lang='lat' dir='ltr'>justam</span> <span class='ocrx_word' id='word_1_253' title='bbox 513 3522 547 3583; x_wconf 90' lang='lat' dir='ltr'>et</span> <span class='ocrx_word' id='word_1_254' title='bbox 557 3517 626 3601; x_wconf 90' lang='lat' dir='ltr'>juri</span> <span class='ocrx_word' id='word_1_255' title='bbox 651 3516 846 3602; x_wconf 85' lang='lat' dir='ltr'>condignam</span> <span class='ocrx_word' id='word_1_256' title='bbox 871 3518 939 3586; x_wconf 85' lang='lat' dir='ltr'>sore</span> <span class='ocrx_word' id='word_1_257' title='bbox 959 3525 1185 3603; x_wconf 85' lang='lat' dir='ltr'>agnoscentes,</span> 
     </span>
     <span class='ocr_line' id='line_1_32' title="bbox 67 3621 1185 3713; baseline 0.01 -30.486"><span class='ocrx_word' id='word_1_258' title='bbox 67 3621 206 3691; x_wconf 81' lang='lat' dir='ltr'>aniculus</span> <span class='ocrx_word' id='word_1_259' title='bbox 223 3629 392 3710; x_wconf 82' lang='lat' dir='ltr'>pretectos</span> <span class='ocrx_word' id='word_1_260' title='bbox 417 3624 451 3691; x_wconf 93' lang='lat' dir='ltr'>in</span> <span class='ocrx_word' id='word_1_261' title='bbox 468 3624 565 3693; x_wconf 87' lang='lat' dir='ltr'>dictis</span> <span class='ocrx_word' id='word_1_262' title='bbox 579 3626 699 3692; x_wconf 90' lang='lat' dir='ltr'>litteris</span> <span class='ocrx_word' id='word_1_263' title='bbox 715 3625 851 3713; x_wconf 87' lang='lat' dir='ltr'>predicti</span> <span class='ocrx_word' id='word_1_264' title='bbox 866 3627 944 3694; x_wconf 94' lang='lat' dir='ltr'>olim</span> <span class='ocrx_word' id='word_1_265' title='bbox 968 3625 1091 3696; x_wconf 92' lang='lat' dir='ltr'>domini</span> <span class='ocrx_word' id='word_1_266' title='bbox 1106 3625 1185 3694; x_wconf 91' lang='lat' dir='ltr'>Bele</span> 
     </span>
     <span class='ocr_line' id='line_1_33' title="bbox 17 3717 1185 3822; baseline 0.007 -28"><span class='ocrx_word' id='word_1_267' title='bbox 17 3717 18 3770; x_wconf 76' lang='lat' dir='ltr'>l</span> <span class='ocrx_word' id='word_1_268' title='bbox 69 3729 154 3815; x_wconf 77' lang='lat' dir='ltr'>Regis</span> <span class='ocrx_word' id='word_1_269' title='bbox 163 3732 263 3803; x_wconf 93' lang='lat' dir='ltr'>modo</span> <span class='ocrx_word' id='word_1_270' title='bbox 275 3730 422 3798; x_wconf 90' lang='lat' dir='ltr'>antelato</span> <span class='ocrx_word' id='word_1_271' title='bbox 433 3733 644 3820; x_wconf 78' lang='lat' dir='ltr'>conscriptos</span> <span class='ocrx_word' id='word_1_272' title='bbox 657 3755 728 3801; x_wconf 89' lang='lat' dir='ltr'>sme</span> <span class='ocrx_word' id='word_1_273' title='bbox 739 3734 1001 3802; x_wconf 86' lang='lat' dir='ltr'>drmmucronee</span> <span class='ocrx_word' id='word_1_274' title='bbox 987 3740 1185 3822; x_wconf 87' lang='lat' dir='ltr'>tangmento</span> 
     </span>
     <span class='ocr_line' id='line_1_34' title="bbox 17 3833 1186 3931; baseline 0.003 -27"><span class='ocrx_word' id='word_1_275' title='bbox 17 3833 18 3892; x_wconf 80' lang='lat' dir='ltr'>l</span> <span class='ocrx_word' id='word_1_276' title='bbox 71 3839 192 3925; x_wconf 83' lang='lat' dir='ltr'>aliquali</span> <span class='ocrx_word' id='word_1_277' title='bbox 207 3843 251 3909; x_wconf 92' lang='lat' dir='ltr'>de</span> <span class='ocrx_word' id='word_1_278' title='bbox 267 3840 369 3909; x_wconf 87' lang='lat' dir='ltr'>verbo</span> <span class='ocrx_word' id='word_1_279' title='bbox 386 3839 430 3907; x_wconf 89' lang='lat' dir='ltr'>ad</span> <span class='ocrx_word' id='word_1_280' title='bbox 446 3842 579 3908; x_wconf 87' lang='lat' dir='ltr'>verbum</span> <span class='ocrx_word' id='word_1_281' title='bbox 590 3843 797 3928; x_wconf 84' lang='lat' dir='ltr'>presentibus</span> <span class='ocrx_word' id='word_1_282' title='bbox 813 3841 930 3910; x_wconf 88' lang='lat' dir='ltr'>litteris</span> <span class='ocrx_word' id='word_1_283' title='bbox 946 3844 1066 3912; x_wconf 91' lang='lat' dir='ltr'>nostris</span> <span class='ocrx_word' id='word_1_284' title='bbox 1076 3852 1186 3931; x_wconf 85' lang='lat' dir='ltr'>paten-</span> 
     </span>
     <span class='ocr_line' id='line_1_35' title="bbox 17 3895 1187 4040; baseline 0.006 -31"><span class='ocrx_word' id='word_1_285' title='bbox 17 3895 19 4040; x_wconf 81' lang='lat' dir='ltr'>l</span> <span class='ocrx_word' id='word_1_286' title='bbox 69 3945 143 4014; x_wconf 93' lang='lat' dir='ltr'>tibus</span> <span class='ocrx_word' id='word_1_287' title='bbox 157 3947 353 4018; x_wconf 89' lang='lat' dir='ltr'>transscribi</span> <span class='ocrx_word' id='word_1_288' title='bbox 370 3956 402 4015; x_wconf 90' lang='lat' dir='ltr'>et</span> <span class='ocrx_word' id='word_1_289' title='bbox 417 3953 648 4037; x_wconf 89' lang='lat' dir='ltr'>transsumpmi</span> <span class='ocrx_word' id='word_1_290' title='bbox 664 3950 824 4039; x_wconf 87' lang='lat' dir='ltr'>faciendo,</span> <span class='ocrx_word' id='word_1_291' title='bbox 850 3953 1023 4040; x_wconf 88' lang='lat' dir='ltr'>prelibatis</span> <span class='ocrx_word' id='word_1_292' title='bbox 1043 3949 1187 4019; x_wconf 89' lang='lat' dir='ltr'>domina-</span> 
     </span>
     <span class='ocr_line' id='line_1_36' title="bbox 71 4049 1188 4144; baseline 0.008 -28"><span class='ocrx_word' id='word_1_293' title='bbox 71 4049 120 4120; x_wconf 91' lang='lat' dir='ltr'>bus</span> <span class='ocrx_word' id='word_1_294' title='bbox 135 4055 440 4126; x_wconf 86' lang='lat' dir='ltr'>sanctimonialibos</span> <span class='ocrx_word' id='word_1_295' title='bbox 457 4057 608 4125; x_wconf 86' lang='lat' dir='ltr'>duximus</span> <span class='ocrx_word' id='word_1_296' title='bbox 635 4059 859 4127; x_wconf 87' lang='lat' dir='ltr'>concedendos</span> <span class='ocrx_word' id='word_1_297' title='bbox 878 4057 1040 4127; x_wconf 87' lang='lat' dir='ltr'>communi</span> <span class='ocrx_word' id='word_1_298' title='bbox 1051 4059 1188 4144; x_wconf 89' lang='lat' dir='ltr'>justicia</span> 
     </span>
     <span class='ocr_line' id='line_1_37' title="bbox 17 4163 1189 4251; baseline 0.001 -21"><span class='ocrx_word' id='word_1_299' title='bbox 17 4199 18 4230; x_wconf 56' lang='grc' dir='ltr'>ι</span> <span class='ocrx_word' id='word_1_300' title='bbox 73 4163 250 4246; x_wconf 86' lang='lat' dir='ltr'>requirente.</span> <span class='ocrx_word' id='word_1_301' title='bbox 278 4165 401 4230; x_wconf 88' lang='lat' dir='ltr'>Datum</span> <span class='ocrx_word' id='word_1_302' title='bbox 417 4163 508 4230; x_wconf 91' lang='lat' dir='ltr'>Bude</span> <span class='ocrx_word' id='word_1_303' title='bbox 524 4165 672 4251; x_wconf 90' lang='lat' dir='ltr'>predicto</span> <span class='ocrx_word' id='word_1_304' title='bbox 688 4165 831 4236; x_wconf 86' lang='lat' dir='ltr'>secundo</span> <span class='ocrx_word' id='word_1_305' title='bbox 857 4167 911 4234; x_wconf 87' lang='lat' dir='ltr'>dic</span> <span class='ocrx_word' id='word_1_306' title='bbox 926 4167 1054 4234; x_wconf 87' lang='lat' dir='ltr'>termini</span> <span class='ocrx_word' id='word_1_307' title='bbox 1075 4185 1189 4251; x_wconf 91' lang='lat' dir='ltr'>preno-</span> 
     </span>
     <span class='ocr_line' id='line_1_38' title="bbox 17 4243 1188 4378; baseline 0.004 -43"><span class='ocrx_word' id='word_1_308' title='bbox 17 4243 19 4378; x_wconf 47' lang='grc' dir='ltr'><strong><em>Ρ</em></strong></span> <span class='ocrx_word' id='word_1_309' title='bbox 74 4272 132 4355; x_wconf 87' lang='lat' dir='ltr'>toti,</span> <span class='ocrx_word' id='word_1_310' title='bbox 146 4293 229 4343; x_wconf 88' lang='lat' dir='ltr'>anuo</span> <span class='ocrx_word' id='word_1_311' title='bbox 246 4271 383 4340; x_wconf 92' lang='lat' dir='ltr'>Domini</span> <span class='ocrx_word' id='word_1_312' title='bbox 409 4273 580 4341; x_wconf 90' lang='lat' dir='ltr'>millesimo</span> <span class='ocrx_word' id='word_1_313' title='bbox 601 4273 922 4360; x_wconf 82' lang='lat' dir='ltr'>quadringentesimo</span> <span class='ocrx_word' id='word_1_314' title='bbox 948 4272 1188 4362; x_wconf 83' lang='lat' dir='ltr'>septuagesimo</span> 
     </span>
    </p>
   </div>
   <div class='ocr_carea' id='block_1_5' title="bbox 17 4385 972 4469">
    <p class='ocr_par' dir='ltr' id='par_1_5' title="bbox 17 4385 972 4469">
     <span class='ocr_line' id='line_1_39' title="bbox 17 4385 972 4469; baseline 0.002 -29"><span class='ocrx_word' id='word_1_315' title='bbox 17 4387 161 4460; x_wconf 58' lang='lat' dir='ltr'>jm.</span> <span class='ocrx_word' id='word_1_316' title='bbox 797 4385 972 4469; x_wconf 61' lang='lat' dir='ltr'>fflQ</span> 
     </span>
    </p>
   </div>
   <div class='ocr_carea' id='block_1_6' title="bbox 17 4513 1190 4690">
    <p class='ocr_par' dir='ltr' id='par_1_6' title="bbox 17 4513 1190 4690">
     <span class='ocr_line' id='line_1_40' title="bbox 17 4513 1190 4595; baseline 0.011 -24"><span class='ocrx_word' id='word_1_317' title='bbox 17 4513 1190 4595; x_wconf 45' lang='lat' dir='ltr'>³OEmwmfflmffimfflfflmmmmm</span> 
     </span>
     <span class='ocr_line' id='line_1_41' title="bbox 529 4615 719 4690; baseline 0.016 -22"><span class='ocrx_word' id='word_1_318' title='bbox 529 4615 719 4690; x_wconf 78' lang='lat' dir='ltr'>lesdltr&#39;rrban.)</span> 
     </span>
    </p>
   </div>
   <div class='ocr_carea' id='block_1_7' title="bbox 0 0 1607 5188">
    <p class='ocr_par' dir='ltr' id='par_1_7' title="bbox 0 0 1607 5188">
     <span class='ocr_line' id='line_1_42' title="bbox 0 0 1607 5188; baseline 0 0"><span class='ocrx_word' id='word_1_319' title='bbox 0 0 1607 5188; x_wconf 95' lang='lat' dir='ltr'> </span> 
     </span>
    </p>
   </div>
  </div>
 </body>
</html>
