3186 5188
78 574 316 659 postmodum
341 575 506 642 humiliter
531 574 725 662 suplicando
750 578 891 646 anobis
915 581 1104 667 postulauit,
1131 591 1167 651 ut
1180 589 1241 650 ter·

80 699 161 748 ram
178 681 363 748 cuiusdam
379 680 554 748 seruientis
569 681 673 750 nostri
688 683 781 748 Iwan
799 683 908 751 uocati
925 686 966 752 de
982 685 1063 753 uilla
1077 687 1143 773 Pyr
1158 689 1240 757 wsui

80 789 247 875 quinque
276 797 457 858 aratrorum
474 787 698 877 sufficientem,
723 789 795 858 sine
811 788 931 859 herede
951 791 1150 882 decedentis,
1176 797 1240 865 sibi

82 895 255 963 conterre
276 894 498 981 dignaremur,
524 913 687 981 assereus,
713 915 750 964 se
763 903 857 982 ‘paty
882 895 1044 964 defectum
1069 899 1106 966 iu
1131 903 1241 972 terris.

80 1005 152 1069 Pro
181 1002 290 1070 cuius
309 1003 456 1088 seruicijs
481 1002 578 1071 uobis
603 1002 723 1088 iugiter
740 1010 774 1071 et
798 1004 938 1072 fideliter
963 1006 1119 1078 exhibitis
1135 1008 1241 1094 Regia

83 1109 311 1196 benignitate
336 1109 473 1196 inducti,
500 1129 616 1197 preces
641 1112 712 1178 eius
735 1111 771 1177 in
786 1112 849 1179 hac
875 1119 970 1198 parte
994 1113 1181 1184 audiuimus
1207 1123 1241 1184 et

84 1217 336 1287 exaudiuimus
356 1238 429 1286 cum
457 1218 584 1305 effectu,
611 1227 644 1290 et
666 1227 786 1286 terram
811 1222 975 1306 prenotati
998 1225 1089 1290 Iwan
1114 1224 1239 1310 absque

85 1327 225 1394 solacio
245 1326 378 1394 heredis
393 1326 550 1413 defuncti,
575 1346 639 1411 que
654 1327 832 1396 secundum
849 1329 1117 1398 consuetudinem
1132 1331 1237 1416 Regni

86 1431 131 1499 ad
146 1453 282 1500 manus
299 1440 428 1502 nostras
443 1434 549 1501 iuerat
564 1435 720 1502 deuoluta
741 1442 775 1502 et
789 1436 970 1523 assignata,
995 1437 1102 1525 ipsam
1115 1443 1236 1506 terram

86 1559 164 1605 cum
193 1539 331 1608 eisdem
346 1539 442 1607 metis
468 1549 502 1607 et
516 1539 671 1624 terminis,
698 1560 738 1608 ac
751 1542 947 1611 utilitatibus
973 1553 1006 1610 ct
1025 1544 1236 1630 pertineuoijs

87 1645 171 1734 suis,
203 1647 331 1733 quibus
347 1646 391 1714 ad
406 1650 666 1736 prenominatum
680 1649 773 1715 Iwan
792 1650 965 1736 spectabat
979 1656 1013 1716 et
1038 1651 1232 1738 pertinebat,

86 1765 157 1820 tam
176 1755 256 1842 ipsi
270 1755 423 1842 Weytoh
449 1777 546 1842 quam
564 1757 634 1825 eius
659 1755 834 1825 heredibus
859 1757 1077 1840 heredumque
1102 1776 1234 1825 suorum

90 1865 364 1948 successoribus,
381 1863 541 1948 dedimus,
567 1863 762 1932 donauimus
778 1870 810 1932 ct
826 1865 1021 1933 contulimus
1036 1865 1107 1931 iure
1122 1881 1234 1950 perpe-

89 1977 146 2036 tuo
165 1977 204 2037 et
219 1970 488 2054 irreuocabiliter
503 1972 639 2058 pacifice
651 1978 683 2038 et
699 1971 807 2055 quiete
823 1972 1056 2059 possidendam
1072 1971 1233 2039 ethabeu·

91 2079 182 2163 dam,
200 2099 226 2144 a
244 2079 375 2146 nemine
391 2087 602 2164 cognatorum
619 2099 698 2164 sepe
714 2079 794 2146 dicti
810 2082 913 2164 Iwau,
929 2099 989 2146 seu
1003 2078 1233 2167 propincorum

89 2185 145 2251 uel
161 2193 401 2254 extraneorum
426 2207 556 2254 suorum
572 2196 646 2272 post
672 2189 821 2274 elapsum
843 2189 935 2273 longi
960 2187 1113 2274 temporis
1129 2185 1232 2252 aliha·

90 2301 189 2360 tenus
218 2293 441 2380 expetendam
467 2303 500 2362 et
522 2295 760 2378 requirendam.
782 2299 820 2362 In
845 2296 938 2363 cuius
954 2305 1038 2363 terre
1056 2294 1232 2381 possessio·

92 2419 168 2466 uem
196 2401 342 2468 cundem
367 2403 505 2486 Weytch
525 2425 584 2490 per
607 2403 735 2470 fidelem
760 2403 923 2472 homiuem
947 2413 1090 2472 nostrum
1116 2404 1231 2470 Jacow

92 2519 170 2574 tune
197 2510 360 2595 temporis
381 2509 538 2577 Comitem
564 2511 606 2577 de
621 2511 790 2579 Zowoliuu
815 2511 1009 2578 auctoritate
1033 2508 1138 2594 Regia
1156 2507 1229 2576 ieci·

94 2634 166 2681 mus
182 2615 363 2683 introduci.
389 2615 431 2680 Et
447 2624 483 2682 ut
497 2617 557 2682 hec
572 2625 686 2683 nostra
711 2614 849 2683 donacio
866 2625 932 2683 tam
948 2615 1021 2698 sibi,
1047 2633 1144 2698 quam
1160 2615 1230 2680 cius

94 2721 348 2789 successoribus
373 2729 529 2810 perpetue
557 2723 749 2790 stabilitatis
772 2721 871 2790 robur
897 2721 1052 2805 obtineat,
1078 2721 1110 2789 iu
1135 2739 1231 2803 argu·

97 2835 247 2895 mentum
264 2829 400 2897 maioris
416 2830 579 2897 firmitatis
604 2829 729 2897 litteras
746 2837 875 2897 nostras
891 2827 1110 2896 concessimus
1127 2824 1231 2912 dupli-

98 2935 144 3002 cis
172 2936 284 3020 sigilli
306 2937 410 3005 nostri
436 2937 612 3005 munimine
635 2939 817 3006 roboratas.
842 2937 964 3003 Datum
989 2955 1074 3002 auno
1098 2933 1228 3000 Domini

97 3045 140 3110 M⁰
152 3042 220 3111 00⁰
235 3044 489 3129 quadragesimo
506 3051 632 3114 octauo.

99 3255 109 3317 (
114 3261 225 3312 1321&
239 3257 388 3320 attractos,
412 3261 512 3326 melyet
537 3261 651 3312 lriadtuk
666 3259 766 3328 „frater
780 3256 913 3308 Nicolaus
925 3256 1057 3322 Magister
1069 3259 1097 3304 et
1109 3254 1230 3304 uniuersi

100 3347 197 3400 iratres
210 3349 408 3400 cruciferorum
429 3350 532 3400 Domus
544 3350 696 3415 Hospitalis
717 3346 839 3399 Ecclesia
852 3346 945 3398 Sancti
957 3345 1041 3408 Regis
1053 3342 1182 3408 Stephani
1196 3341 1229 3391 de

100 3434 267 3504 Strigouio“‚
283 3439 425 3508 „Thomaa
438 3440 567 3491 Nicolaus
580 3445 608 3490 et
617 3439 758 3490 Jobanncs
768 3435 815 3500 filij
826 3435 972 3499 Lauroneij
984 3433 1033 3498 filij
1045 3431 1170 3496 Weyteb‚
1183 3447 1230 3482 no·

98 3525 173 3586 biles,
197 3528 232 3578 de
245 3528 314 3580 uilla
327 3525 397 3594 Pyr“
412 3534 456 3580 ant
469 3527 580 3590 servan,
594 3529 639 3598 „in
658 3525 755 3593 vigilia
775 3523 978 3590 Assumpcionis
1001 3523 1086 3573 Beate
1107 3520 1229 3585 Virginis

100 3612 210 3678 Mario&
233 3611 386 3683 smelyr'rels
399 3618 516 3670 credetis
529 3618 639 3668 abudai
661 3617 713 3667 irir.
734 3615 856 3666 harnarai
877 3610 1048 3665 levdltdrban
1068 3607 1226 3676 taldltatik.)

529 3929 796 3944 -—-¹=—

150 4773 431 4812 commutaremus.
451 4785 487 4796 -
508 4775 578 4810 nuru.
598 4760 631 4800 1¹·
