3168 5186
895 859 971 928 ³24.

367 1036 429 1104 IV.
445 1040 531 1106 Bella
547 1041 653 1128 kircilp
669 1067 689 1108 a
706 1042 766 1107 Poll
780 1063 878 1108 cornea
894 1042 1066 1129 Eaclpuak
1073 1043 1124 1127 fia
1138 1049 1169 1108 e's
1185 1047 1253 1111 tdbb
1265 1044 1400 1112 Cleandri
1415 1069 1504 1111 uem-

569 1133 728 1217 zetse'pbeli
743 1132 826 1197 lrdzli
839 1134 1006 1221 baldrpert
1020 1133 1151 1198 eliutdzi.
1183 1134 1286 1218 1257,

474 1331 545 1396 Nos
561 1329 644 1397 Bela
659 1329 721 1396 Dei
737 1331 850 1416 gracia
865 1330 936 1400 Rex
951 1331 1247 1418 Hungariedamus
1257 1355 1317 1422 pro
1327 1337 1505 1421 memoria,

366 1425 454 1526 quod
470 1440 504 1506 in
520 1459 632 1525 eausa,
652 1459 750 1526 quam
766 1439 943 1508 Ladizlaus
960 1448 993 1509 et
1008 1441 1153 1511 Thomas
1179 1443 1238 1532 lilij
1256 1443 1434 1532 Pangraeij
1463 1444 1506 1511 de

367 1567 487 1632 genere
503 1547 639 1616 Chanad
656 1567 755 1635 super
771 1547 865 1616 motis
882 1554 915 1615 et
927 1549 1087 1619 limitibus
1097 1549 1421 1621 aedistineeionibns
1437 1559 1506 1620 ter-

367 1678 476 1725 rarum
492 1677 551 1726 seu
567 1657 811 1744 possessionem
828 1659 999 1744 Berehem,
1024 1658 1201 1748 Sunkulus,
1227 1661 1378 1746 Tbelegd
1393 1668 1431 1728 et
1447 1663 1507 1728 Zo-

365 1763 463 1834 boloh
479 1773 679 1852 notatarum,
697 1773 729 1833 et
744 1786 842 1853 snper
857 1767 979 1835 tributo
996 1767 1205 1838 doBerebem
1216 1775 1331 1838 eontra
1340 1769 1506 1837 Comitem

366 1873 505 1941 Paulum
531 1873 633 1942 filium
659 1874 775 1963 anhy
800 1877 976 1944 movebant
999 1897 1109 1946 eoram
1134 1877 1249 1964 nobis,
1274 1877 1506 1946 mediantibus

368 1981 551 2050 Batonibus
561 1983 694 2070 nostris,
709 1982 864 2055 videlieet
874 1985 1035 2054 Mauricio
1045 1987 1206 2072 Magistro
1217 1987 1503 2056 Thanarnieorum

368 2092 564 2178 nostrorum,
580 2092 733 2161 Rorando
745 2094 907 2181 Palatino,
916 2095 1083 2184 Stephano
1093 2096 1187 2164 Bano
1197 2095 1301 2164 looius
1310 2095 1503 2180 Solanonie,

367 2199 481 2266 taliter
505 2199 794 2274 eoncordauimns:
825 2200 923 2282 Quod
948 2202 1117 2288 prediatus
1145 2203 1260 2272 Comes
1285 2204 1411 2272 Paulus
1428 2223 1502 2270 enm

367 2307 494 2376 dnobus
504 2307 582 2396 filijs
594 2309 673 2395 suis,
685 2309 809 2378 seilicet
818 2309 958 2380 Nicolao
969 2317 1002 2378 et
1013 2310 1191 2398 Stephano,
1201 2311 1235 2379 in
1245 2311 1375 2382 ootauis
1386 2305 1501 2380 Sancti

367 2413 499 2503 Georgij
516 2417 660 2486 martiris
671 2438 784 2485 eoram
795 2418 947 2506 Capitulo
958 2417 1169 2489 Waradiensi
1181 2411 1499 2507 supersepnlolrrnm

367 2524 481 2592 Sancti
497 2525 647 2594 Ladinlai
663 2523 774 2612 Regis,
792 2527 889 2594 tactis
914 2525 1125 2596 nihilominus
1144 2527 1370 2597 Saorosanetis
1390 2529 1498 2594 Euan·

368 2633 477 2721 gelijs,
494 2633 656 2720 prestabit
672 2643 911 2703 sacramentum
929 2655 1028 2720 super
1054 2657 1092 2705 eo
1101 2688 1112 2723 ‚
1141 2636 1228 2722 quod
1250 2635 1498 2724 prenominatus

368 2746 473 2809 terras
488 2761 547 2809 seu
563 2743 791 2827 possessiones
808 2742 1045 2810 antedictorum
1062 2743 1212 2810 Ladizlai
1229 2751 1261 2811 et
1276 2742 1402 2810 Thone
1417 2742 1497 2811 lilio-

367 2868 438 2915 rum
453 2848 638 2935 Pongraoij,
663 2851 747 2918 sieut
772 2855 859 2917 oerto
875 2851 999 2918 cercius
1024 2849 1176 2938 soluerit,
1200 2851 1253 2918 vel
1269 2851 1353 2919 seire
1367 2851 1494 2937 poterit,

368 2957 467 3028 certis
483 2957 578 3027 metis
596 2965 627 3027 et
644 2959 803 3028 limitibus
830 2979 870 3026 ae
885 2960 990 3044 signis
1015 2961 1100 3029 iuste
1124 2966 1158 3030 et
1179 2967 1269 3030 reete
1292 2960 1461 3028 distinctas
1475 2980 1497 3024 a

368 3065 464 3139 terris
490 3078 522 3137 et
546 3069 810 3156 possessionibus
835 3069 904 3137 suis
936 3089 1046 3137 eorum
1074 3065 1200 3138 Oomite
1224 3069 1334 3137 Belws
1366 3069 1495 3136 homine

232 3207 238 3218 ·
368 3182 490 3265 nostro,
507 3183 540 3246 et
555 3199 665 3245 eoram
681 3178 799 3246 idoneo
822 3177 1011 3246 testimonio
1025 3177 1161 3264 predicti
1178 3175 1332 3264 Capituli,
1356 3175 1495 3243 seeundo

368 3287 422 3354 die
431 3287 613 3374 juramenti
629 3283 674 3353 ad
687 3284 805 3353 faeiem
821 3285 1042 3373 predictarum
1060 3284 1245 3353 aooedendo
1260 3285 1422 3370 restituet,
1447 3307 1492 3353 re-

368 3395 474 3463 mittet
490 3415 530 3462 ao
545 3394 729 3479 resignabit
738 3394 876 3482 prelati
892 3393 969 3480 filiis
980 3393 1166 3480 Pangraoij‚
1184 3393 1269 3462 sieut
1282 3400 1378 3481 pater
1389 3414 1492 3461 eorum

368 3502 560 3592 possederat
576 3505 619 3571 ab
634 3503 788 3590 antiquo;
812 3523 891 3590 pars
907 3509 1015 3571 antem
1042 3502 1084 3571 de
1099 3501 1162 3571 hae
1187 3501 1396 3570 ordinatione
1418 3502 1492 3570 resi·

369 3613 454 3682 lions
480 3615 609 3682 eentum
634 3634 764 3682 mareas
788 3611 917 3698 argenti
940 3611 1029 3701 parti
1053 3613 1193 3682 aduerso
1225 3607 1492 3699 composicionem

368 3723 551 3808 predictam
566 3723 722 3792 toleranti
738 3722 866 3791 soluere
882 3727 1049 3806 teneatur,
1075 3722 1160 3789 siout
1190 3741 1227 3789 sa
1241 3726 1353 3809 partes
1379 3717 1421 3787 ud
1435 3719 1493 3786 boe

369 3832 565 3917 obligarunt.
610 3831 689 3900 Post
705 3828 767 3898 hoo
782 3836 892 3897 autem
910 3849 1023 3900 aursus
1039 3835 1199 3898 metarum
1216 3835 1248 3898 et
1263 3825 1491 3895 distinooiones

369 3962 409 4010 ao
425 3941 546 4010 limites
561 3948 721 4008 terrarum
737 3937 958 4027 praeliatorum
967 3937 1002 4004 in
1014 3937 1165 4024 capitulo
1181 3935 1405 4022 registrentnr.
1430 3937 1489 4002 Du-

368 4058 437 4118 tum
454 4050 487 4117 in
505 4048 633 4118 Oronos
649 4047 685 4116 in
701 4047 828 4116 ootauis
842 4047 942 4132 madij
961 4045 1221 4132 quadragesime.

370 4249 406 4322 (Δ
419 4248 516 4306 adradi
528 4249 719 4321 utpuunmk
731 4263 875 4320 ngpunuon
890 4247 1001 4320 litt-ki
1014 4241 1305 4316 bizonystgleveltbbl,
1318 4245 1388 4299 mint
1398 4239 1489 4308 uass.)
