3252 5198
92 1108 177 1193 Opoy
193 1105 325 1170 Monuit
339 1107 475 1172 isaaco
491 1106 592 1193 tyria
606 1107 710 1171 cartul
725 1107 911 1195 elsajdtitott
921 1111 1024 1198 jaeck
1035 1114 1222 1201 torqydban.

612 1215 710 1282 1238.

197 1409 268 1476 Nos
286 1407 384 1495 Opoy
400 1409 510 1476 Banus
536 1411 641 1478 tocius
659 1412 832 1480 Solanonie
857 1412 901 1479 ad
927 1415 1080 1483 noticiam
1097 1419 1224 1486 uniuer-

92 1537 198 1584 sorum
225 1517 377 1583 volumus
403 1517 592 1602 peruenire,
618 1516 803 1601 quoddam
828 1527 903 1605 post
929 1520 1096 1592 decessum
1123 1528 1222 1612 Regis

93 1624 223 1692 Andree
239 1626 326 1693 bone
351 1625 506 1692 memorie
522 1625 755 1709 inquisiciones
775 1647 873 1713 super
887 1634 993 1697 terras
1020 1632 1064 1697 ad
1079 1641 1220 1701 castrum

92 1731 332 1818 pertinentibus
347 1731 486 1798 sumserit
503 1741 625 1818 exorte,
637 1734 835 1820 jobagioues
851 1737 952 1802 castri
976 1738 1017 1804 de
1032 1739 1139 1825 Byris,
1156 1751 1219 1810 sta-

93 1840 149 1905 tim
166 1841 245 1907 dum
262 1838 307 1905 ad
322 1841 486 1906 Banatum
500 1841 714 1926 venissemus,
741 1842 784 1907 ad
800 1862 859 1911 nos
876 1845 1078 1932 accedentes,
1105 1849 1145 1916 de
1161 1858 1221 1918 ter-

94 1947 136 2014 ris
161 1946 265 2014 castri
290 1945 450 2015 uiolenter
475 1949 643 2033 occupatis
670 1951 839 2033 conquesti
864 1951 1003 2037 fuerunt,
1031 1962 1063 2022 et
1086 1967 1221 2046 accepto

94 2052 262 2140 prestaldo
289 2053 376 2142 (lgy)
402 2061 524 2141 nostro,
551 2062 671 2122 etcum
695 2056 825 2123 homine
843 2059 945 2143 Regio
968 2063 1141 2133 Leustaoio
1165 2089 1221 2136 uo·

95 2163 188 2246 mine,
205 2168 312 2229 terras
329 2163 439 2246 castri,
466 2169 533 2229 tam
550 2165 592 2230 ab
611 2163 695 2248 aliJs,
723 2182 820 2247 quam
836 2187 857 2231 a
872 2167 959 2233 laxa
979 2170 1163 2242 Uice-Bauo
1188 2183 1221 2243 et

92 2269 247 2336 fratribus
272 2270 341 2337 suis
367 2269 513 2357 uterinis,
539 2277 698 2357 receptas,
714 2271 868 2339 videlicet
891 2275 932 2341 de
956 2275 1107 2365 Georgio,
1125 2283 1216 2350 Wra-

93 2397 174 2462 cyno
191 2385 225 2442 et
244 2377 385 2460 Ynoone,
403 2383 510 2444 castro
526 2377 738 2444 restituerunt
754 2378 847 2446 iuxta
864 2381 1103 2452 institucionem
1119 2390 1219 2474 Regis

93 2487 126 2554 B.
144 2492 177 2553 et
187 2485 359 2553 colomani
374 2484 407 2550 in
420 2489 565 2552 nostram
581 2486 800 2572 sentenciam
818 2486 984 2572 predictus
1001 2499 1111 2562 autem
1128 2497 1218 2566 Vice-

92 2594 202 2660 Banus
213 2601 248 2660 et
262 2593 380 2659 francs
397 2593 608 2678 suisuperius
623 2593 790 2678 nominati,
814 2595 891 2662 dum
907 2605 1016 2668 castro
1027 2608 1059 2668 et
1069 2603 1218 2692 jobagio-

91 2703 187 2768 nibus
197 2701 345 2768 eiusdem
361 2701 601 2768 satisfecissent
609 2703 643 2766 in
658 2709 770 2769 nostra
785 2709 963 2793 presencia,
980 2715 1100 2778 terram
1116 2733 1217 2796 quan-

91 2811 164 2875 dam
175 2810 411 2877 hereditariam
421 2810 550 2876 nomine
561 2811 740 2894 Dobowch,
754 2816 866 2879 contra
881 2834 979 2897 quam
992 2818 1111 2904 prelati
1123 2822 1216 2906 joba-

91 2918 206 3002 giones
224 2918 351 2984 nullam
377 2937 510 2984 causam
524 2923 697 3002 potuerunt
712 2939 903 3004 proponere,
921 2921 1094 3009 diligenter
1110 2930 1217 3014 pecie-

90 3033 171 3109 runt,
188 3033 226 3091 vt
243 3025 285 3091 de
299 3033 389 3092 terra
404 3025 551 3111 predicta
566 3027 693 3093 litteras
712 3028 970 3096 confirmatorias
986 3039 1214 3116 prestaremus.

91 3132 167 3200 Cum
194 3141 306 3200 autem
331 3133 425 3200 iustis
441 3133 658 3221 peticionibus
683 3135 856 3202 cuiuslibet
867 3138 941 3220 jure
966 3139 1075 3207 debito
1100 3146 1215 3213 conle-

89 3243 245 3309 scendere
260 3249 441 3327 teneamur,
468 3243 595 3309 litteras
612 3249 740 3310 nostras
756 3243 879 3309 eisdem
904 3246 1096 3317 contulimus
1111 3251 1215 3337 dupli-

88 3350 133 3415 cis
157 3348 266 3433 sigilli
289 3347 394 3416 nostri
419 3349 594 3414 munimine
618 3350 800 3433 roboratas,
831 3369 890 3434 per
914 3351 1042 3420 fidelem
1067 3364 1213 3428 nostrum

88 3456 290 3541 prestaldum
309 3455 481 3523 Nicolaum
497 3456 598 3521 liliam
614 3457 706 3522 Iwan
721 3463 842 3523 terram
858 3458 1021 3542 prefatam
1041 3465 1133 3533 metis
1150 3487 1214 3535 ccr-

88 3565 128 3630 tis
144 3561 362 3647 assignando.
380 3562 480 3630 Cuius
496 3570 581 3630 terre
597 3565 781 3631 Dobrowch
797 3573 884 3632 meta
908 3567 1023 3654 incipit
1046 3572 1087 3638 de
1113 3575 1213 3645 fluuio

87 3671 296 3756 Bogachaich
312 3671 356 3736 ac
372 3677 500 3756 partem
516 3671 751 3738 occidentalem
775 3673 818 3738 ad
834 3693 931 3740 vnam
948 3677 1097 3746 arborem
1112 3685 1212 3769 pomi-

86 3778 191 3845 feram
208 3779 306 3844 iuxta
320 3779 448 3863 siluam,
466 3780 526 3845 sub
544 3799 609 3864 qua
625 3787 676 3846 est
691 3786 778 3845 meta
793 3787 918 3866 terrea;
941 3783 1059 3852 deinde
1074 3789 1212 3860 tendens

86 3885 127 3952 ad
143 3885 369 3972 occidensper
385 3887 503 3954 siluam
518 3888 559 3954 ad
577 3888 710 3956 arbores
726 3909 819 3955 cruce
838 3891 995 3978 signatas,
1015 3897 1149 3966 veniens
1166 3903 1209 3967 ad

87 3997 235 4061 arborem
248 3993 439 4079 pomiferam
451 4015 492 4062 ex
508 3996 577 4062 alia
594 4003 686 4082 parte
703 3997 797 4082 silue,
815 4005 847 4063 et
856 4005 907 4066 est
921 4001 983 4066 sub
993 4003 1108 4070 eadem
1126 4014 1211 4076 meta

84 4111 211 4188 terrea,
238 4102 359 4169 exinde
384 4105 490 4189 vergit
506 4104 627 4170 directe
651 4105 788 4171 tendens
804 4106 848 4171 ad
873 4127 970 4174 vuum
996 4127 1144 4196 campum
1168 4117 1211 4184 nd

84 4212 244 4294 arborem,
261 4231 326 4294 que
342 4211 460 4278 dicitur
477 4213 641 4298 gurtayt'c,
658 4213 719 4280 sub
735 4234 801 4297 qua
817 4222 903 4280 meta
919 4223 1044 4303 terrea,
1063 4219 1136 4286 hine
1151 4245 1211 4309 per

84 4319 311 4405 supradictum
337 4318 478 4385 riualum
491 4319 596 4386 tendit
612 4320 760 4407 superius
785 4321 847 4386 sub
862 4321 987 4408 vineas,
1008 4333 1040 4392 et
1055 4325 1132 4394 inde
1148 4329 1209 4398 dis-

83 4429 227 4512 iungltur
243 4427 286 4492 ‹le
301 4425 408 4493 riuulo
424 4426 562 4493 tendens
577 4447 637 4512 per
652 4447 750 4493 vnam
761 4427 881 4495 vallem
898 4429 1042 4497 adriam
1052 4453 1158 4523 vnam,
1177 4448 1209 4507 ot

82 4537 114 4601 in
130 4537 194 4601 fine
211 4535 311 4602 uallis
338 4535 426 4600 illius
442 4535 535 4601 iuxta
558 4537 649 4602 illam
675 4538 761 4603 viam
785 4544 834 4604 est
849 4547 935 4604 meta
951 4547 1075 4628 terrea,
1104 4551 1137 4610 et
1151 4547 1209 4614 illa

81 4643 135 4710 uia
151 4642 257 4710 tendit
276 4642 320 4709 ad
336 4652 463 4730 partem
488 4644 745 4730 meridionalem,
766 4647 811 4712 ibi
827 4647 1013 4732 adiungitur
1030 4653 1073 4718 ad
1087 4659 1207 4726 terram
