3162 5188
845 331 1005 436 „nso-

363 541 416 600 tes
442 533 536 599 iuxta
559 529 798 598 continenciam
823 530 1070 617 priuilegiornm
1086 528 1229 618 capituli
1255 530 1490 616 Zagrabieneis

362 664 421 730 per
443 661 537 709 vsnm
556 639 660 725 Regni
686 645 887 725 consuetum,
912 658 1050 722 quorum
1072 639 1178 708 forme
1203 639 1348 708 seriatim
1370 638 1485 706 distin-

362 751 468 835 gendo
493 749 747 832 subscribuntur,
773 749 971 816 llonasterio
997 747 1109 814 Sancti
1134 748 1294 836 Stephani
1318 748 1420 832 Regis
1448 749 1490 813 de

362 859 536 943 Zagrabia,
554 864 586 923 et
602 877 660 942 per
675 875 748 922 eum
765 855 917 942 capitulo
933 857 996 925 loci
1012 856 1158 924 eiusdem
1179 867 1337 944 perpetuo
1353 877 1395 923 ex
1412 865 1488 924 voto
1530 853 1536 862 '

364 987 423 1035 suo
439 967 637 1048 contulisset,
654 964 682 1032 si
693 983 753 1031 nos
762 963 796 1031 id
812 965 854 1031 de
869 965 983 1048 gracia
992 964 1098 1050 Regia
1107 984 1250 1032 annuere
1264 965 1488 1050 dignaremur.

361 1076 429 1143 Nos
445 1075 565 1158 itaque,
583 1073 668 1140 sicut
681 1091 722 1138 ex
738 1071 845 1140 officio
862 1073 1006 1160 suscepti
1020 1073 1190 1150 regiminis
1206 1075 1311 1140 metiri
1328 1073 1490 1140 debemus

361 1185 478 1250 merita
501 1181 714 1267 singulorum,
742 1201 853 1248 omnes
878 1180 1055 1249 fidelitates
1081 1190 1114 1249 et
1139 1183 1304 1250 meritoria
1329 1181 1491 1262 obsequia

361 1291 467 1377 ipsius
476 1289 626 1372 Magistri
637 1287 763 1372 Stephlr
779 1292 814 1353 et
828 1295 1073 1356 antecessorum
1089 1308 1221 1356 suornm
1237 1287 1280 1355 ad
1297 1289 1491 1355 memoriam

361 1419 425 1466 non
441 1398 600 1465 immerito
617 1402 818 1480 reuocantes,
844 1397 1059 1480 uolentesque
1082 1397 1425 1484 recompensacionem
1445 1397 1491 1464 ei-

361 1509 434 1575 dem
451 1527 510 1593 pro
521 1504 678 1572 fidelitate
693 1523 752 1590 per
768 1505 874 1589 ipsum
884 1503 980 1570 nobis
996 1505 1368 1573 laudabiliterexhibita
1378 1524 1491 1574 oecur-

359 1634 432 1682 rere
447 1612 600 1697 graciam,
615 1618 652 1678 ut
667 1611 737 1678 eius
755 1611 907 1696 exemplo
923 1612 1066 1695 reliquos
1083 1610 1127 1678 ad
1142 1611 1310 1680 fidelitatis
1327 1614 1491 1698 obsequia

359 1723 479 1790 loroiue
505 1718 737 1805 accendamus;
763 1721 926 1806 proiciam
952 1721 1165 1790 donacionem
1186 1721 1300 1808 ipsius,
1317 1745 1421 1807 quam
1441 1724 1492 1789 iu-

360 1837 444 1898 stam
469 1849 542 1898 esse
567 1828 788 1914 cognocimus,
821 1828 862 1896 de
889 1828 1025 1914 speciali
1049 1829 1164 1912 gracia
1188 1835 1300 1896 nostra
1331 1831 1492 1898 duximus

360 1939 591 2024 annuendam,
622 1945 654 2005 et
673 1942 844 2026 perpetuo
875 1955 933 2004 seu
963 1937 1225 2018 irreuocabiliter
1254 1939 1490 2007 roborandam.

359 2049 503 2128 Quorum
518 2046 767 2142 priuilegiornm
782 2051 912 2114 tenores
930 2046 987 2111 tali
1004 2045 1090 2114 serie
1104 2047 1330 2114 continentur:

475 2156 661 2244 Capitulum
688 2155 923 2239 Zagrabiensis
950 2156 1097 2222 Ecclesia
1122 2155 1184 2222 stb.
1219 2157 1437 2240 lkdvetkezik
1470 2179 1493 2222 a

358 2263 493 2352 aegroti
509 2263 736 2349 liptalanuak
756 2263 890 2330 1228·ki
907 2263 1082 2349 olumtnya,
1101 2263 1183 2330 mint
1200 2265 1492 2349 gydjtemdnytlnlr

358 2377 383 2446 l.
400 2374 575 2442 ludtetdben
593 2373 668 2440 ⁴294.
687 2391 732 2438 sa.
748 2371 796 2456 a.)

465 2479 651 2564 Capitulum
665 2477 899 2564 Zagrabiensis
920 2479 1066 2546 Ecclesie
1082 2477 1145 2546 sib.
1166 2479 1377 2564 (lovetkezil
1397 2502 1419 2546 a
1435 2485 1494 2546 zd-

358 2589 453 2674 grabi
468 2585 699 2674 kaptclannalu
714 2585 1032 2672 ltddluiolrmtnya,
1050 2586 1130 2652 mint
1145 2585 1279 2653 ientebb
1300 2589 1370 2653 133.
1382 2609 1428 2654 sa
1440 2589 1493 2674 a.)

464 2696 506 2762 st
521 2701 556 2762 vt
572 2693 673 2761 series
689 2711 843 2761 concesse
859 2694 969 2776 macie
979 2700 1091 2762 nostre
1107 2692 1287 2779 prescripta
1302 2695 1402 2762 robur
1414 2716 1493 2780 per-

357 2815 453 2896 petue
479 2803 643 2870 firmitatis
667 2803 825 2888 obtineat,
852 2824 911 2871 neo
928 2823 1083 2890 processu
1109 2809 1288 2890 temporum
1310 2806 1492 2871 retractari

356 2918 477 3000 valcat,
493 2917 549 2980 aut
565 2911 599 2978 in
614 2911 742 2977 irritum
757 2912 918 2997 reuocari,
934 2918 1106 2998 presentes
1121 2913 1341 2978 concessimus
1353 2911 1491 2980 litteras

357 3021 496 3110 duplicis
520 3018 621 3105 sigilli
642 3019 744 3086 nostri
761 3017 939 3086 munimine
964 3019 1147 3087 roboratas.
1174 3021 1294 3087 Datum
1312 3022 1354 3087 ab
1372 3023 1493 3088 Incar-

357 3131 493 3199 naoione
508 3126 640 3197 Domini
664 3147 750 3195 enno
767 3127 939 3196 millesimo
963 3126 1185 3196 ducentesimo
1208 3127 1490 3212 quinquagesimo

356 3239 456 3306 tercio
471 3237 578 3320 Regni
594 3241 701 3303 autem
717 3235 819 3302 nostri
835 3233 962 3302 decimo
978 3241 1106 3303 octauo.

355 3437 445 3504 (Nagy
457 3433 540 3500 Lap‘os
553 3433 697 3500 kirtlynalr
712 3434 780 3484 lens
794 3435 886 3502 „X1V.
900 3433 1031 3486 kalendas
1045 3427 1162 3500 Aprilis“
1178 3432 1236 3483 kalt
1255 3431 1424 3500 megordsitli
1438 3437 1488 3487 olr-

356 3523 508 3592 mltnydbdh
522 3525 619 3592 melyet
633 3529 655 3576 l.
668 3523 750 3591 Lipot
766 3527 844 3574 loss.
857 3522 925 3574 Becs
935 3527 1047 3576 martius
1065 3527 1105 3573 ll.
1118 3522 1186 3573 slatt
1198 3521 1273 3588 djbol
1288 3521 1488 3588 megsrb'sltott.

703 3615 787 3665 Liber
799 3613 901 3680 Regius
915 3613 1014 3666 XXVI.
1030 3615 1143 3678 latete.)

783 3897 1038 3914 ο-ιᾳφω
