3168 5186
641 928 715 999 272.

103 1111 126 1174 I
131 1110 167 1176 V.
184 1111 267 1177 Be'lc
282 1111 386 1195 urotp
412 1133 450 1175 az
466 1113 532 1196 epti
554 1109 768 1197 kdptuiacuuk
791 1112 985 1198 coeptum,
1010 1115 1092 1198 kopp
1117 1111 1234 1176 Messes

102 1221 263 1306 helyse'pre
287 1225 377 1286 uc'zcc
402 1219 551 1305 Zcmpic'n
575 1221 736 1306 meppe'ben
759 1220 956 1305 hatdtp'drctct
980 1232 1106 1285 tortuoso.
1136 1220 1233 1284 1255.

216 1416 298 1484 Belo
323 1414 386 1482 Dei
411 1415 525 1500 gracia
548 1416 619 1482 Rex
643 1415 789 1499 Vnguric
813 1414 966 1483 fidelibus
991 1416 1058 1482 suis
1084 1412 1234 1502 capitulo

101 1522 257 1591 Ecclesie
273 1523 444 1608 Agricnsis
468 1522 609 1590 sulutem
634 1531 668 1590 et
683 1522 837 1608 graciam.
854 1523 944 1590 Dicit
968 1522 1061 1590 nobis
1077 1524 1234 1591 Antoleus

103 1632 145 1700 de
163 1651 288 1718 genere
303 1632 481 1699 Hcrmanni
506 1631 608 1700 frater
624 1632 747 1701 Muthis
764 1633 924 1720 Propositi
941 1632 982 1700 de
996 1634 1120 1720 Scepus
1135 1632 1233 1698 dilec-

103 1746 156 1806 tus
173 1746 208 1807 et
217 1741 325 1808 fidelis
336 1747 455 1826 noster,
469 1740 560 1826 ,quod
570 1739 711 1825 quedam
724 1742 890 1826 possessio
907 1741 1105 1809 suaMesces
1115 1745 1234 1807 vocatu

103 1848 136 1913 in
153 1849 321 1916 comitutu
348 1849 389 1916 dc
405 1848 540 1934 Zcmlyn
558 1848 712 1933 existens,
739 1847 1007 1916 distinccicnibus
1029 1847 1234 1916 vicinitutum

104 1963 136 2022 ct
151 1956 378 2025 ercccionibus
395 1963 554 2024 metarum
569 1977 726 2026 nouarum
744 1959 919 2043 plurimum
941 1957 1113 2042 indigeret.
1131 1959 1236 2042 Super

106 2085 170 2148 quo
187 2065 340 2133 fidelitati
357 2074 465 2134 vestre
481 2067 617 2134 firmiter
636 2065 855 2152 precipientes
879 2067 995 2133 domus
1010 2066 1044 2131 in
1059 2063 1233 2150 mundatis,

103 2183 269 2258 quatenus
279 2175 416 2244 mittatis
425 2174 588 2243 hominem
596 2181 739 2243 vetrum
749 2194 809 2261 pro
818 2175 1002 2243 testimonio
1013 2174 1076 2241 fide
1087 2173 1232 2260 dignum,

104 2304 168 2367 quo
185 2292 339 2372 presente
354 2283 470 2352 Comes
486 2283 673 2371 Stephanus
689 2284 775 2351 filius
792 2284 901 2352 (ludar
918 2285 959 2351 de
974 2285 1163 2367 Tholchwu,
1181 2282 1231 2348 vcl

104 2392 314 2460 Andronicus
331 2391 501 2460 decadem
518 2393 613 2462 homo
630 2398 741 2461 noster
757 2392 934 2461 adfaciem
952 2392 1038 2460 dicte
1054 2390 1233 2478 possessio·

105 2503 156 2567 nis
172 2499 363 2568 accedendo
387 2501 536 2586 legitima
561 2499 797 2570 conuocscione
813 2502 994 2570 vicinorum
1016 2507 1047 2568 ct
1062 2504 1234 2568 commete-

107 2630 247 2678 ncorum
263 2611 332 2678 cius
343 2609 525 2678 rcembulet
541 2610 678 2679 candem
694 2617 890 2696 perveteres
907 2617 940 2677 et
955 2609 1107 2694 antiquus
1118 2613 1232 2690 metas,

105 2719 199 2785 iuxta
217 2725 347 2786 veteres
372 2739 477 2786 nouas
503 2726 617 2802 metas,
639 2718 693 2784 vbi
710 2720 896 2786 necessarie
910 2716 1040 2800 fuerint,
1066 2714 1231 2803 erigendo,

12 2867 13 2876 κ
105 2833 298 2910 statuatque
312 2825 378 2912 ipsi
394 2825 512 2894 comiti
527 2825 667 2894 AntuIec
691 2825 725 2893 in
742 2826 825 2894 filios
841 2825 981 2894 filiorum
1008 2826 1078 2892 cius
1099 2833 1131 2892 ct
1147 2826 1235 2892 horc-

106 2935 165 3002 dcs
181 2941 343 3022 perpetuo
353 2935 597 3034 possidendum,
614 2937 644 3003 si
660 2935 833 3004 consuerit
843 2934 1088 3019 contradictum,
1109 2943 1233 3002 contru-

108 3044 252 3113 dictorcs
268 3051 387 3131 cutem,
404 3044 498 3130 siqui
514 3044 644 3129 suerint,
661 3043 924 3112 contraeundem
940 3045 982 3110 ad
993 3050 1138 3112 nostrum
1156 3043 1234 3109 citet

104 3153 309 3239 presenciam
335 3153 380 3220 ud
402 3154 575 3220 terminum
600 3161 854 3240 competentcm;
886 3160 919 3221 ct
943 3160 1019 3238 post
1041 3151 1102 3218 hec
1126 3152 1231 3220 tocius

106 3259 184 3329 fecti
201 3261 321 3328 seriem
337 3281 410 3328 cum
426 3261 572 3330 cursibus
588 3269 747 3330 metarum
762 3263 856 3329 nobis
872 3263 1012 3330 fideliter
1033 3261 1231 3329 rescribatis.

106 3372 226 3437 Datum
254 3371 347 3438 Bnde
370 3372 405 3437 in
421 3371 547 3439 octcuis
570 3373 665 3440 Becti
691 3371 809 3440 Jacobi
826 3371 975 3459 Apostoli
1002 3391 1087 3438 anno
1103 3371 1234 3438 Domini

105 3480 278 3546 millesimo
295 3479 516 3547 ducentesimo
532 3481 804 3565 quinquagesimo
821 3480 942 3567 quinto.

150 3677 203 3747 (As
217 3681 276 3746 egri
290 3677 478 3746 ktprslannsk
493 3697 657 3746 ugysnuson
670 3683 747 3734 tuos.
761 3678 805 3730 (uvi
820 3677 1108 3746 bizonystglovolcbo'l,
1123 3683 1190 3730 mint

545 3770 625 3826 sisso
637 3774 699 3826 scs.
714 3789 750 3823 ss.
761 3772 797 3840 a.)

540 4063 802 4074 ..n-...n——n--n-n
