3168 5186
608 363 677 463 tuso
702 457 714 464 ω

66 583 126 627 uas
145 571 264 650 motas,
282 565 336 630 vbi
354 583 435 650 opus
456 564 579 646 fuisset,
596 562 710 630 ordine
729 564 945 652 infrascripto,
969 563 1199 629 reamblatam·

66 691 130 756 que
147 681 183 740 el
210 673 395 741 distinctam
414 672 503 740 nullo
527 671 658 760 penitus
684 671 926 741 contradicente
951 673 1143 740 statuissent
1169 681 1201 740 et

65 783 279 868 reliquissent
304 782 368 869 ipsi
384 779 503 848 Comiti
520 781 683 849 Anthcleo
713 781 754 848 de
770 801 890 865 genere
906 782 1086 850 Hermanni
1107 781 1200 849 fratri

65 891 194 958 llathic
211 891 372 976 Prepositi
397 889 438 956 dc
454 890 577 976 Scopas
593 897 753 976 perpetuo
770 889 1013 977 possidendam,
1032 890 1150 957 vicinis
1166 897 1200 956 et
1329 983 1331 988 ,

64 999 303 1067 commetaneis
313 999 380 1066 suis
397 997 613 1085 presentibus.
626 996 726 1066 (luins
740 999 872 1083 quidem
884 997 1105 1086 possessionis
1115 1004 1200 1064 mete

64 1115 96 1174 ct
122 1107 359 1175 distincciones
385 1106 446 1176 hoc
471 1106 586 1174 ordine
612 1112 830 1190 annotantnr;
863 1106 950 1192 quod
975 1107 1082 1192 prima
1113 1112 1199 1172 meta

65 1216 216 1283 eiusdem
227 1222 313 1282 terre
328 1235 387 1283 seu
403 1215 624 1302 possessionis
634 1215 759 1283 Messes
776 1215 892 1302 incipit
901 1233 942 1280 cx
957 1221 1052 1300 parte
1061 1219 1198 1300 septem-

64 1325 202 1392 trionali
213 1326 305 1392 iuxta
315 1331 454 1392 montem
466 1323 593 1410 Magita
603 1344 644 1391 cx
657 1330 751 1410 parte
762 1323 980 1407 meridionali,
997 1324 1088 1390 iuxta
1098 1342 1196 1407 quan·

66 1433 142 1501 dam
153 1435 245 1500 viam
261 1454 301 1500 cx
316 1439 411 1521 parte
430 1432 593 1519 orientali,
612 1450 675 1515 qne
690 1432 744 1499 via
755 1431 867 1499 veniet
881 1432 921 1498 dc
932 1431 1042 1517 Benyc
1058 1439 1091 1498 et
1109 1430 1199 1497 vadit

65 1544 98 1616 in
114 1545 254 1628 dicaces,
272 1542 328 1609 ubi
343 1549 420 1610 sunt
435 1551 500 1609 tras
517 1548 602 1630 mete
617 1541 747 1628 lapidee
763 1544 886 1628 pariter
901 1540 1009 1628 posite
1025 1538 1197 1626 capitales,

67 1671 130 1737 que
156 1651 340 1736 distingunt
365 1658 397 1718 ct
413 1657 571 1737 separant
596 1657 715 1718 terram
739 1649 864 1717 Mesces
889 1649 930 1715 dc
954 1655 1041 1716 terra
1066 1649 1196 1732 Benye;

66 1759 189 1826 deinde
208 1759 300 1827 vadit
324 1759 445 1827 directe
465 1778 578 1826 versus
595 1759 751 1827 orientem
776 1759 955 1845 estiualem,
981 1764 1013 1824 et
1029 1757 1197 1844 perueniat

68 1869 110 1936 ad
123 1866 294 1955 quandam
320 1869 469 1935 arborem
486 1867 570 1936 ilicis
596 1887 669 1934 cum
688 1867 783 1951 signo
807 1869 911 1935 crucis
934 1867 1108 1952 signatam,
1134 1865 1194 1933 snb

67 1997 132 2061 qua
148 1984 229 2045 sunt
252 1972 317 2044 due
332 1981 418 2044 mete
433 1983 551 2062 terree,
577 1995 641 2042 vna
657 1976 699 2042 ud
725 1977 883 2045 orientem
908 1981 941 2043 et
965 1975 1032 2042 alia
1056 1975 1098 2042 ad
1114 1974 1196 2043 occi-

69 2087 220 2173 dentcm3
247 2086 364 2154 exinde
380 2084 473 2152 vadit
489 2084 531 2151 ad
546 2085 713 2170 orientem,
740 2093 774 2152 ct
789 2079 878 2153 cadit
892 2086 926 2153 in
942 2083 1063 2152 vallem
1084 2084 1196 2150 Barta-

69 2215 150 2281 mas,
166 2203 203 2262 et
216 2196 250 2262 in
265 2195 338 2280 ipsa
347 2193 434 2260 valle
450 2192 679 2262 descendendo
694 2194 843 2279 peruenit
860 2191 1009 2278 adriam,
1029 2212 1092 2276 quc
1107 2192 1195 2258 venit

69 2305 108 2371 dc
123 2303 245 2390 Patnlr,
262 2310 295 2370 et
307 2303 522 2370 vaditversus
538 2301 705 2386 Kcreatnr,
721 2303 815 2369 iuxta
830 2322 928 2388 quum
940 2301 1029 2368 viam
1044 2321 1086 2367 ex
1101 2307 1196 2387 parte

69 2410 330 2498 septemtrionali
344 2412 437 2478 iuxta
453 2409 536 2478 duas
561 2410 695 2476 arbores
711 2409 773 2497 piri
790 2415 839 2478 est
855 2415 942 2476 meta
960 2407 1094 2496 lapidea
1109 2407 1194 2496 capi·

69 2521 156 2604 talis,
185 2541 250 2607 que
276 2526 409 2607 separat
433 2525 552 2586 terram
571 2520 696 2586 Mesces
722 2519 763 2585 dc
788 2523 875 2586 terra
900 2518 1079 2586 Tholclrwa
1103 2523 1135 2583 et
1154 2517 1195 2584 de

69 2635 154 2698 terra
164 2628 281 2714 Lyzka
292 2627 414 2715 Olazy;
435 2627 729 2696 deindedesoendit
744 2627 1193 2711 ineademvalleBurtamas,

71 2745 101 2806 ct
115 2739 249 2807 caditin
263 2738 398 2822 fluuium
409 2736 551 2822 Budrug,
568 2757 663 2822 quern
674 2737 808 2805 fluuium
824 2739 902 2806 salit
920 2737 1004 2804 vltra
1017 2737 1139 2805 directe
1150 2736 1194 2803 ad

71 2845 151 2914 duas
167 2848 303 2915 arbores
319 2847 403 2913 ilicis
415 2867 486 2912 cnm
502 2846 597 2932 signo
614 2847 718 2914 crucis
734 2848 891 2933 signatas,
902 2864 1039 2931 quamn
1055 2850 1194 2912 vnastat

72 2955 112 3021 ad
126 2955 306 3040 meridiem,
324 2963 357 3023 et
372 2955 439 3023 alia
455 2955 499 3022 ad
508 2956 685 3022 casualem
701 2955 888 3040 meridiem,
909 2953 1028 3022 exinde
1047 2951 1194 3041 procedit

72 3063 112 3129 ad
127 3065 285 3133 orientem
296 3063 445 3130 iemalcm
457 3083 517 3150 per
531 3062 670 3149 sylnam,
690 3071 722 3130 et
738 3064 778 3131 dc
793 3065 867 3152 ipsa
884 3064 980 3148 sylua
996 3062 1132 3131 exiendo
1150 3062 1193 3129 ad

72 3191 221 3259 campum
236 3173 404 3259 perueniat
427 3171 470 3239 ad
486 3171 651 3257 quandam
680 3172 829 3240 arborem
844 3171 929 3239 ilicis
949 3192 1014 3240 non
1040 3191 1192 3257 magnam

72 3299 140 3346 cum
166 3281 262 3366 signo
289 3283 394 3349 crucis
420 3281 595 3367 signatam,
621 3280 768 3367 subque
793 3302 834 3346 ex
858 3287 950 3368 parte
969 3280 1119 3348 orientali
1143 3285 1194 3345 cst

73 3395 153 3456 meta
169 3397 298 3474 terrea;
315 3389 432 3457 exinde
441 3389 559 3456 transit
573 3409 632 3475 per
643 3408 795 3476 campum
807 3397 839 3457 et
853 3409 912 3475 per
921 3389 1079 3478 piscinam
1092 3393 1192 3476 piscu-

73 3509 175 3564 rustoc
191 3504 412 3583 nuncupatam
429 3495 472 3562 ad
489 3502 616 3582 partem
633 3496 826 3564 orientalem
842 3497 1031 3582 estinalem;
1056 3503 1088 3563 et
1104 3495 1193 3582 (inde

73 3603 190 3694 veniet)
202 3604 245 3672 ad
257 3604 419 3692 piscinam
432 3617 569 3692 arccroc,
580 3603 623 3670 ad
633 3602 790 3691 (partem)
803 3603 1036 3672 occidentalem
1046 3611 1192 3672 estmetu

73 3719 174 3780 tcrrca
199 3712 371 3799 capitalis,
394 3731 457 3797 quc
481 3718 614 3798 separat
632 3719 750 3779 terram
767 3713 891 3778 Mcsces
907 3711 948 3779 dc
973 3719 1060 3780 terra
1076 3715 1191 3800 Lycka

75 3816 172 3909 Olany
196 3829 229 3889 ct
244 3820 285 3888 de
309 3826 398 3888 terra
414 3818 548 3887 Chenlre
564 3857 607 3870 -
623 3857 667 3868 -
683 3855 727 3870 -
742 3857 785 3868 -
803 3819 846 3887 ad
870 3826 994 3906 partem
1016 3821 1192 3888 australem

75 3928 314 3998 meridionalem
331 3929 516 4017 superlitas
532 3927 676 3996 ciusdem
695 3945 821 3997 areston
831 3928 951 4018 (vadit)
967 3930 1010 3996 ad
1028 3929 1192 4015 quandam

75 4055 185 4104 renam
196 4063 372 4127 pasopcerc
390 4044 619 4124 nuncupatam,
640 4058 703 4123 que
718 4041 788 4110 exit
805 4041 905 4108 de-
921 4077 964 4090 -
980 4075 1024 4090 -·-
1040 4075 1085 4088 -
1101 4037 1192 4105 vadit

75 4163 183 4215 versus
199 4145 370 4214 meridiem
387 4146 420 4212 in
446 4145 526 4213 locis
543 4147 694 4234 syluosis,
721 4149 808 4217 etde
825 4149 899 4236 ipsa
920 4150 1014 4236 sylua
1039 4147 1191 4236 ex(icndo

75 4255 175 4324 reniet
191 4255 249 4345 ad)
276 4256 381 4344 ipsam
398 4273 525 4341 venam,
552 4273 594 4322 ex
619 4263 713 4341 parte
737 4258 888 4325 orientali
908 4268 958 4326 ost
983 4265 1069 4326 meta
1093 4277 1192 4344 snper

77 4364 181 4434 arbore
191 4365 278 4434 ilicis
287 4386 359 4434 curn
369 4365 465 4452 signo
477 4364 582 4433 crucis
594 4365 744 4452 signata3
762 4367 880 4434 deinde
896 4367 1033 4436 exiendo
1043 4375 1075 4435 ct
1085 4368 1190 4435 eundo

77 4471 114 4537 ad
125 4481 251 4562 partem
267 4475 445 4544 australem
456 4473 700 4542 meridionalem
716 4476 886 4563 perueniat
905 4475 948 4544 ad
957 4496 1055 4544 vnam
1070 4484 1190 4544 metam

77 4584 225 4670 terream
242 4583 361 4652 deinde
370 4582 461 4648 vadit
471 4601 583 4650 versus
597 4581 773 4668 meridiem,
790 4591 823 4651 et
838 4584 922 4653 inter
931 4583 1075 4672 piscinas
1080 4585 1189 4672 seque·

78 4699 146 4756 roton
165 4700 197 4760 et
212 4729 256 4741 -
273 4729 316 4742 -
334 4698 595 4776 -nuncupatas
623 4697 696 4757 sunt
720 4697 785 4759 tres
805 4700 890 4761 mete
914 4693 1043 4781 lapidee
1068 4694 1189 4780 pariter
