3186 5188
583 361 743 464 „mu-

91 563 233 630 nistrum
257 561 410 629 Fratrum
426 559 586 627 llinorum
613 577 672 646 per
696 557 909 644 Hungariam,
936 559 989 626 vel
1005 579 1044 626 eo
1059 557 1228 645 prepedito

90 688 156 757 per
170 667 307 737 fratrem
332 669 514 736 Romanum
540 667 763 736 consessorem
779 672 926 736 nostrum
945 666 1130 736 curauimus
1154 667 1226 733 inti-

91 797 202 862 ηιατυς
232 795 371 862 quorum
395 775 492 844 dictis
516 781 628 844 vestm
661 773 774 844 medat
798 775 963 845 Sanctitas
990 777 1226 844 incunctanter.

92 885 250 954 Vestram
265 883 368 971 igitur
382 883 623 954 Beatitudiuem
648 884 859 953 affectuosius
875 885 1066 970 requirimus
1085 904 1143 971 per
1158 901 1228 970 pre·

93 999 217 1078 mutes,
234 999 395 1080 quatenus
412 992 454 1060 de
469 991 590 1060 nostris
606 992 704 1061 iactis
718 1011 779 1079 per
799 991 933 1061 eosdem
947 991 1043 1061 vobis
1058 989 1229 1078 expositis,

95 1101 205 1170 uelitis
222 1100 439 1188 paternaliter
454 1099 644 1188 prouidere;
670 1099 850 1186 peticiones
875 1108 1015 1187 nostras,
1042 1118 1124 1184 quas
1149 1097 1228 1166 fidu-

97 1209 226 1278 cialiter
240 1229 302 1296 per
317 1211 406 1297 ipsos
422 1209 516 1278 vobis
531 1209 749 1297 porreximus,
765 1207 990 1281 incurabiliter
1008 1207 1231 1276 admittentes.

98 1315 151 1382 Ad
165 1316 229 1385 hec
244 1317 394 1405 petimus,
411 1323 447 1384 vt
461 1317 583 1386 latores
598 1319 813 1405 presencium,
830 1338 903 1386 cum
920 1337 1031 1388 eorum
1047 1317 1171 1386 reditus
1187 1316 1231 1384 sit

98 1424 194 1493 nobis
219 1445 377 1513 perquam
402 1426 615 1514 necessarius,
643 1424 825 1512 dignemini
846 1425 1041 1511 quantocius
1066 1423 1231 1512 expedire.

98 1533 223 1601 Datum
241 1532 332 1619 apud
347 1531 496 1604 castrum
511 1532 665 1602 Ferreum
680 1533 785 1602 XVII.
801 1530 965 1602 kalendas
981 1531 1182 1600 Decembris.

96 1731 205 1802 (Dndilr
216 1729 293 1785 Beda
311 1730 487 1801 korlcmtuye
509 1731 624 1786 ardmai
636 1729 841 1786 vallicelliidle
864 1728 998 1798 konpvtir
1010 1731 1095 1799 egyik
1119 1728 1234 1784 kdairati

100 1822 269 1878 codexdbiil.
291 1823 384 1877 Jakab
396 1820 474 1876 uarat
490 1825 566 1877 tatu.
579 1824 638 1877 volt
657 1840 675 1877 a
687 1822 909 1876 taronczrendisk
930 1818 1151 1888 magyarorsaigi
1173 1837 1234 1888 pro·

587 1909 750 1983 vincilius)

540 2197 806 2212 m

634 2683 711 2754 los.

111 2865 168 2932 IV.
186 2865 268 2930 Be'la
283 2864 450 2952 kircilpaok
472 2864 512 2950 Uj
528 2863 618 2953 Cluap
636 2871 716 2933 acco
723 2866 851 2953 soldos!
874 2891 932 2957 epp
946 2871 996 2934 elce
1011 2871 1066 2936 ulei
1082 2872 1153 2936 calo'
1169 2871 1235 2956 sol·

264 2971 316 3037 dcc
330 2971 481 3058 tarpyaad
495 2971 673 3059 adwodnya
688 2971 807 3040 Daniel
821 2976 977 3043 sadmdrc.
993 2974 1091 3041 1247.

218 3169 301 3238 Boia
320 3167 384 3236 Dei
409 3166 525 3252 gracia
547 3169 727 3256 Hungarie‚
750 3172 930 3259 Dalmaoie‚
956 3174 1100 3260 Oroacie,
1123 3178 1237 3262 Rama,

112 3279 240 3365 Seruis,
255 3278 404 3362 Gallicis,
425 3274 939 3366 lodomerie‚iiumauiequeliex
957 3319 994 3331 -
1015 3320 1050 3330 -
1074 3321 1108 3332 —
1133 3323 1171 3334 -
1189 3305 1238 3352 sa

110 3390 214 3458 lutem
229 3385 264 3453 in
281 3405 330 3474 eo,
346 3385 401 3471 qui
416 3385 509 3453 salus
527 3385 671 3456 omnium
686 3407 760 3456 csse
786 3390 962 3476 profitetur.
980 3389 1238 3480 Circumspecoio

110 3499 238 3583 Regum
254 3492 395 3582 prouida
410 3493 582 3582 condignis
598 3497 731 3583 premiis
747 3497 810 3566 sibi
824 3498 1000 3586 obsequieu
1019 3537 1056 3548 -
1079 3541 1116 3553 -
1138 3542 1175 3553 -
1198 3543 1234 3553 -

115 3645 152 3657 -
170 3645 210 3656 -
223 3603 393 3673 fidelitatis
408 3624 559 3692 opera-
581 3644 618 3655 -
638 3607 867 3677 accendantur.
884 3610 937 3678 Ad
947 3611 1168 3680 uniuersitatis
1182 3614 1240 3699 igi-

110 3723 163 3784 tur
177 3721 287 3783 uestro
302 3712 457 3783 noticiam
477 3716 649 3801 peruenire
672 3717 822 3786 volumus
846 3719 1052 3806 presencium
1077 3741 1135 3808 per
1154 3726 1240 3790 teno-

112 3841 202 3890 rem:
218 3819 388 3908 quodcum
398 3821 518 3890 Daniel
533 3820 618 3889 filius
636 3859 912 3876 -----
931 3828 1086 3915 locorum,
1102 3849 1166 3915 quo
1181 3849 1241 3898 nos

113 3929 260 4020 qualitas
275 3927 430 4016 temporis
445 3947 518 3996 cum
534 3929 677 3998 exercitu
690 3930 737 3998 irc
753 3941 957 4022 poposcerat,
972 3935 1113 4005 fideliter
1127 3955 1167 4003 ac
1177 3945 1242 4003 stu·

114 4040 209 4110 diose
227 4035 428 4122 seruiuisset,
454 4036 541 4105 idem
556 4059 616 4126 pro
631 4060 690 4109 suo
706 4060 766 4109 vsu
781 4048 869 4112 terra
884 4042 1004 4128 arabilj
1023 4081 1059 4092 -
1081 4081 1119 4094 -
1141 4081 1179 4093 -
1202 4081 1238 4094 -

119 4187 157 4198 -
179 4183 218 4196 -
237 4144 334 4215 nobis
357 4145 564 4234 supplicarit,
588 4154 625 4215 ut
647 4147 690 4217 de
713 4158 802 4218 terra
817 4149 958 4238 Wichap
974 4148 1081 4218 castri
1105 4150 1244 4218 Nitrieu·

114 4257 171 4344 sis,
189 4259 449 4323 commotaueam
474 4273 532 4322 sue
554 4263 641 4325 terre
656 4257 861 4346 hereditarie,
886 4266 1006 4326 terram
1024 4257 1118 4326 unius
1143 4259 1245 4326 aratri

117 4363 181 4432 sibi
197 4359 345 4431 confeme
354 4361 575 4447 dignaremur.
589 4364 659 4433 Nos
673 4372 793 4451 autem,
808 4363 864 4450 qui
883 4401 919 4418 ν-
942 4401 980 4414 -
998 4371 1034 4432 ta
1045 4365 1245 4449 singulorum

117 4473 152 4539 in
168 4469 309 4556 singulis
330 4505 367 4520 —
388 4507 426 4518 -
448 4505 485 4518 —·
505 4472 656 4540 omnibus
671 4473 764 4541 nobis
780 4470 920 4540 subditis
936 4471 1035 4557 digne
1050 4473 1247 4561 respondere

118 4590 275 4664 tenemur,
291 4576 508 4646 consideratis
524 4581 675 4650 seruiciis
685 4589 717 4648 et
732 4580 955 4667 fidelitatibus,
972 4602 1036 4667 quo
1052 4582 1137 4650 idem
1154 4582 1248 4650 uobis

121 4689 275 4772 ctlteguo
286 4690 400 4754 nostro
421 4723 1054 4740 -----------
1075 4690 1249 4776 quodipse

1029 4809 1068 4870 15
