3162 5188
848 332 966 434 ‚aa

324 549 388 615 lem
404 555 548 616 nostrum
564 547 700 617 feoimus
724 546 894 617 introduci.
920 550 965 617 Ut
980 554 1088 616 autem
1104 550 1264 636 premissa
1281 551 1390 618 omnia
1405 571 1465 616 ro-

323 656 382 723 bur
393 658 562 743 optineant
570 664 729 745 perpetue
738 657 910 743 firmitatis,
918 677 978 726 nee
989 680 1145 745 proeessu
1156 659 1313 745 temporis
1324 659 1469 726 ualeant

322 765 365 831 ab
383 764 522 831 alieuius
543 765 677 832 malicia
692 765 824 851 irritari,
850 771 1032 850 presentem
1048 767 1190 833 litteram
1217 765 1462 853 prenominatis

321 872 452 960 populis
467 873 586 940 nostris
603 872 644 942 de
660 875 766 941 Stena
781 872 939 958 dedimus,
956 872 1095 961 duplieis
1112 875 1212 960 sigilli
1231 873 1334 942 nostri
1350 873 1459 940 mnni-

320 981 406 1047 mine
419 980 616 1048 roboratam.
633 982 754 1048 Datum
771 1001 857 1047 anno
875 982 984 1065 gratie
1002 981 1173 1050 millesimo
1185 982 1250 1049 00⁰
1261 983 1458 1068 XL⁰non03

320 1088 394 1156 idus
409 1089 544 1176 Aprilis,
561 1090 664 1176 Regni
681 1096 789 1157 autem
805 1088 908 1156 nostri
928 1109 1014 1157 anno
1030 1089 1284 1175 quartodeoimo.

320 1305 456 1373 (Eredetie
468 1302 641 1372 bdrbdrtydm
655 1321 672 1356 a
682 1304 926 1374 sdrgaviolaeaintl
936 1279 1163 1374 selyemzsindron
1177 1308 1262 1375 ftlggd
1270 1307 1366 1375 peeedt
1379 1314 1454 1361 tora-

566 1395 680 1452 dtkdvel
694 1397 806 1450 abudat
818 1399 870 1449 kir.
883 1399 1006 1450 kamarai
1020 1394 1210 1464 levtltdrbeu.)

745 1707 1022 1720 m-

843 2203 926 2271 200.

317 2383 378 2448 IV.
395 2384 474 2450 Be'la
489 2384 657 2470 loirdlynalt
675 2385 853 2471 adomdnya
868 2385 930 2450 Po'l
953 2387 1132 2473 oraqubz'rd
1146 2393 1177 2451 e'a
1194 2387 1280 2452 salai
1288 2383 1449 2474 fdiapctny

745 2495 901 2556 rzdmdra.
918 2490 1016 2557 1249.

431 2688 514 2755 Belo
532 2685 594 2753 Dei
619 2685 734 2772 grania
753 2685 931 2772 Hungarie,
956 2687 1136 2774 Dalmaeie,
1160 2686 1305 2773 Oroatis,
1331 2691 1444 2772 Reme,

315 2796 438 2879 Seruie,
457 2794 590 2880 Galieie,
609 2793 814 2879 Lodomerie‚
832 2794 1054 2879 Cumanieque
1069 2797 1141 2862 Rex
1156 2797 1305 2863 omnibus
1323 2795 1443 2864 Christi

315 2904 465 2973 fidelibus
482 2904 525 2970 ad
542 2923 623 2990 quos
640 2923 777 2990 presens
795 2903 949 2990 seriptum
966 2905 1150 2990 peruenerit
1166 2907 1307 2972 salutem
1326 2906 1362 2973 in
1380 2928 1443 2976 om-

316 3013 405 3081 nium
421 3014 604 3081 Saluatore.
630 3011 715 3078 Aule
731 3011 834 3096 Regie
858 3011 999 3080 fideliter
1024 3013 1241 3099 obsequentes
1265 3022 1357 3083 tanto
1383 3017 1445 3082 lar·

316 3121 401 3207 giori
417 3119 634 3208 prosequendi
644 3125 721 3186 sunt
736 3138 877 3203 munere,
896 3126 1018 3204 quanto
1035 3140 1070 3186 se
1081 3121 1175 3188 bonis
1191 3122 1310 3209 studiJs
1326 3125 1443 3190 eeteris

316 3230 492 3317 proferunt,
518 3248 558 3294 ae
583 3228 795 3294 seruieiorum
820 3226 1035 3298 exhibitione.
1060 3227 1201 3295 Proinde
1225 3229 1268 3295 ad
1291 3230 1444 3297 notieiam

313 3337 541 3404 uniuersorum
565 3341 633 3401 tam
659 3335 864 3421 presencium
880 3356 979 3420 quam
1004 3341 1206 3422 posterorum
1229 3337 1344 3405 barum
1359 3339 1445 3405 serie

312 3446 463 3512 volumus
492 3444 672 3530 peruenire,
702 3442 789 3528 quod
812 3463 884 3510 eum
908 3443 1030 3510 Paulus
1046 3443 1130 3510 Aule
1154 3449 1266 3510 nostre
1281 3443 1389 3512 Jndex
1412 3453 1445 3514 et

315 3552 430 3619 (lomes
446 3549 653 3620 Zaladiensis
669 3552 808 3620 dilectus
825 3557 857 3619 et
872 3550 977 3620 fidelis
993 3559 1104 3621 noster
1126 3551 1275 3619 omnibus
1292 3553 1360 3620 suis
1378 3553 1444 3620 die

313 3660 374 3727 bus
394 3657 457 3725 sibi
472 3676 572 3745 penes
589 3664 736 3726 nostram
753 3657 988 3726 Oolsitudinem
1003 3658 1119 3726 merita
1140 3660 1329 3744 enmulauit,
1355 3661 1444 3744 quod

314 3767 448 3835 diuersa
464 3769 620 3834 virtutum
646 3786 776 3834 suarum
793 3767 938 3852 insignia
962 3768 1130 3854 postulent
1154 3789 1196 3834 ex
1210 3766 1383 3855 condigno,
1409 3777 1445 3836 vt

311 3897 378 3944 non
392 3877 499 3946 solum
514 3896 556 3944 ex
571 3895 693 3961 genere
704 3876 921 3943 seruieneium
938 3896 978 3942 ex
994 3877 1151 3945 bonorum
1162 3896 1297 3963 operum
1306 3897 1442 3964 magna-

311 3985 460 4052 nimitate
484 3985 568 4052 inter
593 3983 716 4070 primos
742 3989 776 4049 et
798 3982 972 4069 preeipnos
991 3984 1097 4067 Regni
1121 3985 1225 4051 nostri
1243 3990 1440 4052 numeretur.

311 4094 411 4162 Cuius
427 4099 463 4160 vt
478 4091 690 4177 obsequiaad
705 4090 971 4158 informacionem
982 4091 1231 4158 suceedeneium
1249 4091 1283 4157 in
1299 4091 1443 4158 medium

311 4201 523 4285 denonantur,
550 4219 652 4285 opera
676 4201 749 4286 ipsa
763 4219 823 4266 nos
851 4204 1037 4268 ammonent
1062 4207 1096 4268 et
1117 4199 1283 4268 indueunt.
1305 4199 1393 4266 Nam
1407 4208 1443 4268 vt

310 4309 532 4394 virtutemne,
558 4308 676 4393 quibus
692 4308 799 4375 adhue
814 4307 849 4374 in
874 4306 1010 4373 iuuenili
1026 4313 1113 4374 etate
1136 4305 1348 4394 florescebat,
1375 4309 1444 4375 elu-

309 4423 484 4500 eesoerent‚
496 4423 657 4483 maturate
670 4415 843 4502 quemdam
859 4414 1025 4482 infidelem
1040 4419 1186 4484 nostrum
1195 4415 1325 4500 Boyzen
1340 4416 1442 4482 nomi·

308 4546 350 4592 ne
365 4526 400 4592 in
415 4526 534 4609 insula,
551 4524 637 4592 vnde
652 4526 734 4612 ipse,
751 4524 840 4594 solus
856 4524 961 4592 solum
980 4523 1081 4590 alium
1096 4541 1209 4610 pugna
1225 4542 1285 4590 sua
1301 4522 1441 4590 uiriliter

310 4634 450 4703 obtinuit
466 4632 680 4722 captiuatum.
704 4633 786 4700 Item
796 4633 831 4699 in
847 4629 1093 4718 expugnatione
1109 4628 1216 4698 Castrl
1234 4629 1326 4697 Glieb
1342 4650 1440 4716 quen-
