3162 5188
905 906 982 974 236.

379 1067 440 1136 JV.
458 1071 535 1136 Be'lo
550 1069 717 1154 lurdlpnuk
732 1069 798 1134 reth
814 1069 1187 1156 pdmdrmeqyea'fdldckct
1209 1072 1361 1158 tdrppazd
1377 1071 1503 1138 adeund-

561 1201 624 1264 opu
641 1177 729 1242 Pe'ter
743 1199 851 1257 comcs,
868 1176 983 1242 Pacida
990 1179 1040 1261 fio
1056 1179 1211 1246 saccaro.
1227 1179 1326 1244 1252.

485 1355 566 1422 Bela
581 1353 644 1420 Dei
669 1353 784 1438 gracia
808 1353 986 1439 Hungarie.
1011 1355 1191 1438 Dalmacie,
1218 1355 1364 1440 Groneia,
1391 1357 1501 1443 Rama,
1538 1375 1544 1386 ’

377 1461 500 1548 Seruis,
518 1460 671 1545 Gallicis,
683 1460 887 1545 Lodomerie,
904 1461 1125 1546 Cumanieque
1136 1465 1206 1529 Rex
1216 1461 1367 1530 omnibus
1380 1462 1501 1530 Christi

376 1569 527 1638 fidelibus
543 1575 712 1656 presentes
727 1567 854 1635 litteras
864 1568 1060 1656 inspecturis
1076 1570 1216 1638 salutem
1227 1570 1258 1636 in
1275 1573 1420 1638 omnium
1439 1572 1499 1638 sal-

377 1686 498 1744 uatore.
516 1677 606 1744 licet
621 1675 755 1759 Regalis
780 1675 993 1761 prouidentia
1009 1676 1193 1743 Maiestatis
1215 1676 1259 1744 ad
1275 1677 1442 1762 quoslibet
1469 1677 1501 1742 li-

375 1786 489 1852 benter
512 1784 634 1850 habere
650 1802 686 1850 se
705 1782 844 1867 debeat5
870 1783 946 1851 illos
965 1791 1075 1851 tamen
1099 1783 1251 1870 ampliori
1275 1784 1499 1852 munificencia

375 1912 435 1960 sne
450 1891 563 1976 gracia
586 1889 738 1975 prosequi
764 1891 934 1958 consueuit
958 1897 991 1958 et
1013 1891 1145 1976 fouere5
1170 1911 1305 1978 quornm
1331 1891 1499 1959 fidelitatis

375 1999 596 2067 constanciam
626 2017 686 2084 per
709 1997 866 2069 uirtutum
891 2019 990 2088 opera
1020 2000 1255 2088 comprobaoit.
1285 1999 1432 2068 Proinde
1458 1999 1498 2066 ad

374 2108 600 2174 uniuersorum
615 2111 683 2170 tam
699 2106 903 2191 presencium
920 2127 1018 2191 quam
1043 2113 1245 2193 posterorum
1260 2106 1415 2174 noticiam
1433 2125 1500 2192 pcr-

374 2215 485 2282 uenire
509 2213 658 2281 volumus
684 2211 889 2299 presencium
913 2232 974 2298 per
998 2219 1151 2300 tenorem,
1176 2215 1263 2301 quod
1288 2234 1361 2280 curn
1384 2215 1498 2281 Petrus

374 2321 491 2390 (lomes
506 2320 592 2388 tilios
608 2318 750 2404 Protesij
767 2318 873 2386 fidelis
888 2325 998 2388 noster
1012 2322 1108 2389 nobis
1126 2322 1228 2390 multa
1250 2329 1283 2390 ct
1298 2331 1396 2409 grata
1414 2322 1499 2390 exhi-

374 2433 500 2500 buisset
514 2428 665 2510 seruicia,
693 2446 753 2494 nos
770 2426 875 2494 eidem
891 2447 953 2514 pro
969 2427 1184 2515 multiplicum
1199 2431 1409 2498 seruiciorum
1431 2450 1498 2497 sno

373 2560 445 2606 rum
461 2538 585 2606 meritis
601 2535 712 2604 debito
728 2535 875 2604 volentes
891 2537 1166 2604 remuneracionis
1183 2539 1383 2624 respondere
1405 2540 1498 2606 bene

373 2648 458 2732 ficio,
483 2653 603 2715 terram
619 2643 751 2711 Witalis
762 2643 955 2728 jobagiouis
975 2641 1082 2710 Castri
1099 2645 1334 2730 vanriensis,
1361 2667 1496 2714 comme·

371 2756 477 2825 taneis
493 2754 648 2839 eiusdem,
665 2749 929 2835 videlicetJank,
947 2751 1138 2838 Damazlov,
1149 2752 1316 2822 Demetrio
1333 2756 1495 2821 etPanlns

370 2884 429 2949 pro
446 2883 482 2931 se
498 2869 530 2931 et
546 2883 606 2949 pro
623 2858 876 2943 consanguineis
894 2857 963 2926 suis
979 2858 1014 2924 in
1029 2859 1200 2946 presencia
1217 2865 1331 2926 nostro
1345 2862 1496 2929 constitu-

369 2971 412 3040 tis
429 2977 462 3036 et
480 2965 762 3037 consencientibus
776 2991 785 3052 3
811 2971 844 3032 et
858 2972 978 3032 terram
993 2965 1154 3054 Nymhiri,
1171 2985 1212 3033 ac
1226 2975 1347 3033 terram
1363 2966 1494 3035 Roberti

370 3079 412 3147 de
428 3078 644 3166 generacione
659 3073 875 3142 scrnieucium
889 3081 1084 3160 nostrornm,
1101 3091 1185 3157 quas
1201 3073 1371 3141 habebant
1386 3074 1421 3140 in
1436 3073 1492 3142 Oo-

369 3189 483 3254 mitatu
501 3182 721 3268 vauriensi,
739 3181 804 3248 illis
821 3181 892 3248 sinc
911 3179 1030 3249 herede
1047 3181 1280 3249 decedentibus
1290 3179 1334 3248 ad
1349 3202 1411 3250 nos
1426 3185 1494 3250 iure

369 3296 473 3379 Regio
500 3293 684 3376 deuolutos,
710 3289 773 3378 ipsi
789 3288 886 3356 Petro
901 3287 1019 3357 comiti
1035 3295 1070 3355 et
1084 3289 1151 3357 sois
1167 3290 1415 3358 successoribus
1441 3289 1494 3357 do-

367 3402 526 3486 nauimus,
554 3399 748 3467 contulimus
773 3403 872 3482 atque
897 3396 1091 3464 tradidimus
1112 3399 1189 3482 jore
1213 3398 1311 3483 pleno
1333 3404 1492 3483 perpetuo

367 3507 593 3599 possidendas.
620 3507 656 3572 ln
674 3525 811 3592 quarum
836 3511 995 3571 terrarum
1021 3503 1223 3589 corporalem
1248 3506 1489 3588 possessionem

366 3619 474 3705 ipsum
490 3617 619 3682 Petrum
636 3611 794 3680 Comitem
819 3630 878 3698 per
892 3610 1021 3678 fidelem
1037 3617 1183 3679 nostrum
1201 3613 1314 3679 Tetus
1331 3610 1489 3680 Oomitem

364 3723 501 3791 fecimus
517 3720 695 3807 introduci3
722 3721 779 3805 qui
795 3720 878 3786 sicut
903 3719 997 3786 nobis
1014 3719 1046 3785 in
1071 3719 1140 3786 suis
1165 3719 1285 3786 litteris
1309 3718 1485 3804 intimant,

363 3831 457 3920 ipsas
482 3839 587 3899 terras
610 3831 706 3895 Petro
731 3825 848 3893 Comiti
877 3831 1053 3894 memorato
1079 3826 1139 3893 sub
1170 3825 1294 3894 eisdem
1323 3828 1486 3894 veteribus
1564 3819 1565 3876 ἶ

364 3941 469 4026 metis,
486 3939 545 4006 sub
562 3936 680 4021 quibus
696 3953 753 4002 eas
779 3931 960 4020 supradicti
975 3933 1117 4019 Witalis,
1134 3933 1304 4020 Nymhyre
1320 3938 1353 3999 et
1370 3935 1486 4000 Rober·

362 4055 415 4114 tus
430 4046 652 4134 possidebant,
670 4042 864 4126 assignanit.
889 4041 927 4107 In
943 4041 1034 4108 culos
1050 4040 1096 4108 rei
1112 4040 1334 4108 testinnonium
1353 4061 1482 4127 presen-

362 4163 411 4222 tes
437 4155 542 4222 eidem
558 4153 655 4220 Petro
676 4150 795 4218 (lomiti
817 4149 1038 4217 concessimus
1064 4150 1193 4217 litteras
1217 4148 1358 4237 duplicis
1384 4148 1480 4233 sigilli

361 4267 464 4332 nostri
488 4261 666 4331 munimine
681 4261 861 4329 roboratas.
887 4261 1008 4326 Datum
1035 4279 1121 4327 anuo
1137 4259 1309 4328 Dominice
1324 4259 1476 4325 Incarna·
1560 4307 1561 4312 η

360 4371 462 4440 aionis
486 4368 676 4438 millessimo
702 4365 923 4434 ducentesimo
948 4365 1220 4452 quinquagesimo
1245 4365 1389 4432 secundo
1413 4366 1479 4432 Vll.

360 4478 521 4547 kalendas
536 4477 626 4563 Maii,
643 4497 728 4544 anno
745 4482 855 4545 autem
871 4475 976 4560 Regni
991 4474 1093 4542 nostri
1107 4478 1225 4542 octauo
1240 4471 1377 4539 decimo.

283 4662 286 4669 ,
358 4606 500 4672 (Eredetie
511 4601 684 4672 bdrlrdrtytm
707 4622 724 4657 a
736 4603 913 4670 sarge-osma
931 4601 1157 4669 selyemusindron
1179 4601 1290 4667 tuggon
1302 4596 1393 4665 pecsdt
1413 4599 1475 4652 elre-

619 4701 695 4758 saort,
708 4709 726 4744 a
738 4693 820 4746 budai
831 4693 881 4744 luir.
896 4693 1019 4744 komarai
1032 4688 1222 4758 levslttrban.)
