3252 5198
677 1122 708 1189 1.

111 1291 173 1372 LV.
189 1293 271 1360 Rue
295 1296 412 1386 leis-‹tly
429 1301 556 1386 Rccpec
581 1302 613 1367 da
627 1301 749 1368 Scaeas
772 1303 961 1392 belystpekct
971 1360 981 1393 ,
1005 1309 1153 1401 melyakct
1167 1315 1250 1382 lmrc

110 1397 221 1488 My
245 1423 266 1467 a
291 1403 420 1492 ltbtnps'
443 1407 645 1473 monostortdl
669 1409 778 1494 elcett,
810 1415 919 1479 annale
943 1418 1033 1485 tems
1056 1421 1249 1510 cicumdja.

572 1517 806 1584 1235—1241.

219 1707 291 1775 Nos
308 1709 345 1775 B.
363 1709 426 1776 Dei
443 1711 557 1794 gracia
573 1713 642 1778 Rex
658 1711 828 1797 Hungarie
848 1719 960 1784 tenore
976 1721 1179 1804 presencium
1194 1722 1247 1792 de

110 1811 279 1882 claramus
303 1816 486 1903 uniuersis,
513 1816 601 1903 quod
625 1820 819 1888 constitutus
844 1839 955 1891 coram
979 1825 1074 1893 nobis
1089 1827 1247 1915 Magister

111 1919 280 1990 Corradus
295 1923 383 1990 filins
398 1923 446 1994 St
463 1926 563 2010 peciit
578 1947 600 1994 a
615 1926 722 2012 nobis,
744 1928 832 2012 quod
846 1929 929 1997 duas
945 1931 1043 2000 villas
1053 1934 1244 2026 Monaaterij

110 2029 226 2096 Sancti
241 2031 359 2098 Jacobi
375 2032 417 2099 de
427 2034 552 2120 Lybcn,
570 2036 707 2120 Reugen
723 2033 890 2104 etSassun
906 2047 1054 2126 uocatas,
1070 2062 1129 2130 per
1145 2045 1241 2115 domi·

109 2155 187 2202 num
203 2139 330 2223 Regem
344 2140 528 2207 Emoricum
544 2140 650 2208 felicis
666 2143 820 2211 memorie
835 2145 1025 2216 Alexandro
1044 2147 1138 2217 fratri
1154 2153 1242 2222 Poch

108 2243 260 2312 Palatini
275 2243 682 2316 etOomitisMusuniensis
698 2270 758 2336 pro
775 2271 905 2318 suorum
921 2254 1132 2324 seruiciornm
1148 2279 1242 2347 opor-

71 2407 77 2418 .
107 2351 197 2418 tuuis
213 2353 417 2438 temporibus
433 2352 575 2422 fideliter
591 2362 624 2424 et
640 2357 852 2426 laudabiliter
866 2361 1084 2448 impensorum
1095 2363 1240 2454 (oxigon-

106 2458 174 2544 cia)
200 2459 354 2545 collatas,
380 2482 398 2528 e
423 2462 542 2546 quibus
567 2462 694 2532 duabus
720 2465 807 2533 villis
833 2468 960 2536 scilicet
974 2470 1089 2538 villam
1104 2473 1240 2559 Rengen

108 2573 276 2650 uocatam,
302 2587 368 2652 qna
390 2569 541 2655 superius
556 2571 671 2638 villam
689 2573 794 2657 Baan,
819 2594 882 2660 qne
898 2583 948 2643 est
969 2578 1114 2646 eiusdem
1129 2582 1240 2650 llona·

107 2674 211 2760 sterij,
238 2673 395 2743 adiacere
419 2675 608 2764 dinoscitur,
634 2680 809 2749 abeodem
824 2683 1025 2754 Monasterio
1049 2687 1237 2773 uocitatum,

107 2783 522 2869 eiusdemqueltlonastcrij
535 2785 629 2870 vicijs
645 2805 711 2852 non
722 2789 940 2876 exigentibus,
959 2811 1019 2860 nec
1029 2793 1237 2878 merentibus,

105 2892 306 2977 auterendo,
338 2891 454 2960 Castro
479 2894 682 2962 Musuniensi
706 2895 868 2982 locatam;
900 2905 933 2966 et
959 2901 1097 2968 alteram
1122 2902 1236 2970 villam

103 3001 229 3068 Ssssuu
245 3005 409 3084 uocatam,
434 3019 500 3084 qua
514 3000 646 3068 adiacet
660 3021 754 3070 secus
770 3004 905 3072 fluuium
921 3007 1015 3089 Suar,
1040 3007 1158 3076 domiti
1173 3012 1236 3079 Va·

104 3108 230 3176 lentico
246 3108 313 3178 filio
324 3108 466 3192 Oequeu,
482 3128 543 3193 pro
558 3105 698 3174 diuersis
708 3109 816 3192 Regni
831 3115 937 3178 status
958 3113 1133 3182 mobilibus
1150 3117 1235 3182 simi-

103 3215 180 3282 liter
193 3215 316 3284 auicrri
332 3216 525 3300 feceramus,
541 3212 752 3282 redderemus
765 3241 773 3300 ς
790 3235 888 3302 super
906 3217 1023 3300 quibus
1038 3220 1162 3288 scilicet
1177 3223 1234 3290 vil·

103 3323 146 3390 lis
160 3323 372 3411 priuilegium
396 3322 520 3390 domini
534 3323 638 3390 nostri
663 3322 767 3407 patris
783 3322 962 3408 karissimi,
980 3327 1081 3410 Regis
1100 3327 1234 3398 Andros

102 3431 216 3498 inclite
232 3430 483 3514 recordacionis,
511 3431 609 3498 nobis
624 3430 792 3514 exhybuit.
819 3431 881 3496 Vbi
899 3431 1040 3500 vidimus
1064 3436 1232 3521 contineri,

100 3539 349 3625 prenominatae
358 3539 455 3604 villas
466 3540 600 3622 Reugen
611 3545 644 3606 et
652 3540 775 3606 Sassun
788 3544 924 3608 vocatas
933 3539 1122 3611 Alexandro
1139 3543 1233 3612 fratri

101 3647 188 3714 Potlr
201 3647 347 3714 Palatini
370 3666 430 3733 per
453 3643 621 3714 dominum
644 3647 829 3713 Emericum
844 3649 968 3732 Regem
992 3667 1066 3716 esse
1090 3651 1229 3718 collatas

101 3763 134 3822 ct
154 3755 306 3838 donatas,
332 3756 463 3824 omnino
488 3760 647 3820 metarum
672 3761 849 3820 terrearum
875 3754 988 3822 ordine
1011 3761 1044 3822 et
1063 3756 1230 3826 distinc'u.

101 3865 169 3931 llos
184 3863 296 3947 igitur,
314 3863 370 3948 qui
386 3861 469 3930 nulli
484 3861 600 3930 deesse
615 3862 776 3946 uolumus,
796 3863 856 3928 sed
871 3862 905 3928 in
920 3882 982 3930 sna
996 3864 1128 3932 iusticia
1137 3885 1230 3932 cunc-

101 3971 142 4038 tis
167 3970 398 4038 desideramus
421 3969 540 4054 inesse,
568 3976 603 4036 ut
618 3969 774 4037 debemus
799 3976 831 4036 et
856 3977 1022 4055 tenemur,
1046 3970 1229 4056 predictam

100 4080 212 4146 villam
227 4079 365 4162 Reugen
381 4097 454 4144 cum
470 4077 538 4145 suis
557 4076 768 4163 pertinencijs
784 4096 806 4143 a
821 4075 937 4146 Castro
953 4077 1171 4163 llusuniensi3
1189 4098 1228 4145 ac

100 4187 212 4254 villam
227 4187 355 4252 Sassun
371 4202 444 4249 cum
460 4182 609 4250 omnibus
625 4182 819 4250 utilitatibus
835 4184 914 4268 eius,
939 4183 1116 4252 auferendo
1132 4204 1154 4250 a
1169 4183 1228 4252 Oo-

101 4297 174 4372 mite
197 4295 375 4362 Valentino
400 4291 468 4358 lilio
494 4291 634 4376 Oequen,
659 4313 718 4378 pro
743 4292 875 4358 iusticia
901 4291 1014 4376 pocius
1040 4311 1080 4359 ac
1103 4291 1226 4360 meritis

100 4402 188 4473 Beati
202 4399 326 4472 Jacobi
335 4399 497 4486 Apostoli,
513 4420 553 4467 ac
568 4400 803 4486 circumspecta
815 4398 996 4466 fideliorum
1014 4399 1227 4467 seruiciorum

99 4509 242 4598 Magistri
258 4506 405 4578 Corradi
419 4507 478 4592 filij
488 4508 535 4575 st.
553 4507 754 4592 temporibus
770 4505 939 4591 oportunis
954 4505 1048 4575 nobis
1065 4505 1224 4575 exhibito·

97 4641 166 4712 mm,
184 4621 285 4688 iuxta
294 4615 538 4686 continenciam
552 4615 800 4702 priuilegiomm
811 4614 935 4684 domini
949 4615 1055 4682 nostri
1073 4621 1107 4682 et
1120 4613 1224 4701 patris

131 4757 233 4796 som.
251 4751 342 4791 unse.
359 4750 430 4788 aren.
450 4761 487 4772 -
506 4751 577 4789 nme.
595 4741 629 4782 ιι.
1043 4731 1059 4786 l
