3252 5198
670 337 714 404 45

112 536 202 596 terra
217 531 377 616 Kazmer‚
406 550 471 616 que
496 537 581 598 tarra
602 531 708 598 Mihal
734 531 855 599 nioiuio
880 533 1011 600 adiacet
1037 535 1129 602 iuxta
1154 555 1201 621 se,
1227 544 1260 604 et

115 644 208 710 illam
224 640 384 708 similiter
396 640 594 728 jobagioues
612 638 720 706 Gastri
734 640 966 726 Snprunieusis
990 641 1154 726 inquirere
1169 645 1257 712 vole·

116 753 196 818 bant
212 751 258 816 ab
274 751 351 815 Isau
367 747 503 831 Gemite,
524 746 557 812 S.
575 748 699 814 Paulus
727 749 815 815 filius
830 749 949 816 Pheter
970 770 1043 816 eum
1069 752 1135 819 suis
1152 752 1259 819 fratri·

120 862 191 944 bus,
217 865 254 923 et
277 856 337 942 filij
357 854 497 937 Ombud‚
523 855 666 922 Jacobus
692 863 725 921 et
739 854 938 940 Lauiniam,
966 864 999 922 et
1024 857 1198 945 Adrianus,
1226 871 1259 926 et

120 965 313 1033 Ambrosius
340 969 499 1029 oonnatus
515 961 671 1048 ipsorum,
699 972 730 1029 et
746 963 876 1030 Endera
892 965 933 1030 de
950 965 1020 1032 alia
1037 967 1206 1052 progenie,
1223 973 1256 1035 et

120 1077 216 1160 Euae,
235 1080 270 1139 et
285 1071 346 1156 filij
362 1070 503 1154 Andros,
520 1070 695 1138 Faruasius
713 1079 746 1138 et
762 1071 997 1156 clementinus,
1024 1081 1057 1140 et
1072 1080 1142 1142 totu
1158 1095 1242 1159 gene

124 1183 211 1248 raeio
227 1179 385 1265 ipsorum,
411 1184 445 1244 et
462 1177 561 1244 simili
577 1179 673 1246 modo
698 1199 758 1265 pro
775 1180 849 1265 ipsa
870 1187 957 1247 terra
982 1181 1141 1248 nominati
1162 1184 1257 1268 joba·

121 1290 237 1374 gionea
253 1286 493 1372 eomposioione
517 1285 606 1354 faeta
619 1292 696 1353 ante
710 1307 770 1354 nos
785 1287 860 1354 Iseo
877 1287 993 1355 (lomes
1019 1291 1066 1356 eis
1080 1311 1139 1376 pro
1167 1300 1255 1359 terra

120 1399 271 1476 Kazmer,
300 1413 364 1478 que
381 1397 431 1458 eut
445 1391 488 1457 ad
505 1398 578 1460 outo
604 1399 725 1475 aratra,
750 1392 971 1476 quadraginta
986 1415 1115 1462 mareas
1131 1399 1254 1483 persol-

118 1507 185 1589 nit3
202 1505 253 1568 ite
268 1511 391 1587 temen,
407 1499 564 1565 utnullus
581 1499 734 1585 ipsorum,
754 1519 815 1566 nee
829 1507 1066 1586 postremorum
1076 1505 1253 1573 eorundem
1369 1500 1372 1506 ’

121 1631 183 1678 neo
200 1612 323 1696 aliquis
339 1613 447 1699 ipsam
456 1619 577 1676 terram
595 1609 637 1674 ab
652 1611 726 1675 Iseo
736 1607 863 1676 Comite
872 1617 985 1696 posset
1004 1612 1176 1696 inquirere,
1193 1635 1253 1681 neo

122 1720 164 1785 de
179 1739 241 1785 suo
267 1723 441 1804 postremo.
467 1718 508 1784 Et
524 1716 601 1800 quia
615 1715 806 1782 stabilitudo
822 1717 1052 1784 memoriarum
1077 1719 1120 1785 ad
1138 1739 1251 1789 oausa-

117 1847 188 1894 rum
204 1826 427 1895 fortitudinem
444 1824 562 1892 uestris
574 1824 617 1890 ad
632 1825 807 1892 multorum
823 1825 1089 1894 recordationem
1109 1847 1254 1896 reserva-

114 1943 168 2000 tur
183 1934 322 2016 litteris;
340 1933 382 2000 ob
397 1932 460 1999 hoo
477 1933 630 2018 petimus,
646 1939 681 1998 nt
701 1933 839 1998 istarum
855 1952 1027 1998 musarum
1049 1935 1250 2018 uouposioio·

113 2063 192 2108 uum
219 2042 338 2108 seriem
358 2040 476 2106 uestris
491 2039 525 2104 in
541 2045 733 2126 perpetuum
753 2039 875 2105 litteris
895 2040 1109 2123 confirmetis,
1135 2048 1249 2108 utnon

113 2168 217 2214 cauae
233 2150 335 2214 semel
345 2145 545 2234 perfeetaad
561 2153 743 2231 postremos
754 2145 868 2212 relicta
878 2165 957 2232 sepe
967 2145 1071 2232 possit
1087 2149 1248 2216 ventilari.

227 2256 335 2334 Quam
346 2255 451 2322 eoiam
461 2251 734 2340 conpositionem,
755 2253 838 2319 siout
853 2253 887 2317 in
896 2252 1051 2340 predictis
1066 2254 1183 2322 litteris
1200 2263 1251 2322 est

112 2371 295 2446 narratum,
317 2362 516 2448 jobagiones
533 2361 639 2427 Casiri
666 2357 847 2447 supradicti
863 2380 973 2427 eoram
992 2367 1106 2428 nostra
1120 2382 1251 2447 presen-

111 2473 166 2560 oia
181 2470 402 2557 personaliter
419 2469 586 2537 consututi
603 2469 650 2536 sio
668 2487 742 2535 esse
757 2469 952 2556 ordinatam,
976 2470 1054 2535 uiua
1069 2488 1151 2537 uooe
1167 2476 1249 2536 retu-

111 2580 232 2644 lerunt.
264 2577 335 2644 Nos
359 2575 461 2662 igitur
486 2583 553 2642 tam
578 2577 621 2643 ad
646 2575 822 2643 instantem
847 2573 1042 2659 peticionem
1071 2576 1250 2663 supradicti

114 2685 206 2752 Chao
222 2683 372 2771 Comitis,
397 2703 497 2768 quam
522 2682 627 2750 eoiam
648 2680 864 2767 jobagionum
890 2683 1189 2767 prenominatorum
1215 2685 1249 2751 iu

112 2801 310 2880 perpetuam
320 2792 538 2859 stabilitatem
555 2810 655 2858 oense
672 2789 858 2876 supradicte
868 2795 1038 2874 presentes
1048 2790 1177 2857 litteras
1192 2812 1247 2861 uo·

114 2909 201 2969 strae
218 2900 331 2985 sigillo
357 2906 469 2968 nostro
494 2901 740 2986 inperpetuum
765 2897 1002 2964 testimoniales
1027 2899 1245 2968 oonoessimus

116 3010 299 3077 roboratas.
330 3011 454 3075 Datum
478 3029 564 3076 auno
588 3007 702 3094 gracie
725 3007 1058 3074 M⁰CO⁰XXX⁸VlI⁰.
1084 3008 1245 3076 Michaele

113 3118 298 3204 Prepesito,
314 3119 458 3184 Martiuo
469 3116 619 3203 (lentore,
635 3137 738 3205 parvo
755 3113 896 3181 Martino
915 3112 1066 3198 Custode,
1082 3115 1242 3182 Silvestre
1316 3112 1322 3121 '

113 3227 248 3292 Deoano
272 3226 500 3294 existentibus.

210 3427 261 3492 (Aa
274 3425 379 3477 enodati
392 3421 460 3474 utin
472 3423 550 3489 Nagy
563 3425 643 3481 hura.
657 3425 744 3475 Hanni
757 3421 926 3490 Okmr'tnytir
939 3424 989 3474 ΠΙ.
1002 3423 1058 3475 not.
1072 3424 1097 3473 2.
1111 3421 1142 3492 1.)
