3252 5198
639 290 798 393 *sa-

152 487 226 552 dicti
243 487 365 554 domini
381 487 521 554 Comitis
548 497 580 555 et
595 489 698 575 ipsius
715 489 841 576 Curiae,
870 491 953 557 hauc
974 493 1225 578 postulationem
1252 503 1284 560 ct

153 596 406 680 appellationem
423 599 554 684 scripsi,
571 601 729 687 complevi
745 609 778 668 et
794 601 955 669 roboravi.

393 794 521 858 (Farlati,
536 797 674 864 illyricum
688 797 798 850 Sacrum
812 801 844 852 V.
859 799 914 852 kct.
928 802 990 852 241.
1004 801 1034 864 l.)

587 1086 852 1102 ῃ

683 1583 738 1650 34.

144 1779 159 1844 l
165 1779 201 1844 V.
224 1779 307 1844 Be‘lu
323 1781 498 1868 kirdlyuulr
516 1782 638 1847 Pcrckd'
660 1783 741 1846 acad
766 1781 903 1850 birtokot
918 1787 1071 1871 tdrpyazd
1094 1785 1277 1873 udumdoya

411 1892 444 1955 Y
438 1892 527 1978 pinip
544 1913 640 1958 comm
647 1891 714 1976 flaa'
728 1895 886 1959 ammosa.
909 1895 1008 1963 1238.

253 2087 335 2152 Bela
360 2087 423 2154 Dei
449 2086 560 2171 gracia
575 2089 728 2173 Vugaric,
756 2089 938 2174 Dalmacie,
966 2088 1134 2176 Ghroaeie,
1160 2093 1273 2172 Rama,

139 2197 269 2280 Seruie,
286 2194 437 2278 Gallicis,
448 2195 639 2264 Lodomerie
651 2195 872 2282 Cumanieqnc
887 2200 957 2264 Rex
973 2199 1135 2268 uniuersis
1152 2202 1274 2271 Christi

139 2304 297 2370 fidelibus
315 2307 500 2387 presentem
524 2303 680 2388 paginam
696 2304 893 2390 inspecturis
916 2307 1057 2375 salntem
1081 2308 1114 2374 iu
1131 2327 1209 2375 uero
1226 2331 1275 2378 sa·

139 2413 251 2479 lutari.
278 2410 331 2476 Ad
348 2410 572 2478 uniuersorum
599 2417 666 2478 tam
694 2411 920 2481 modernorum
947 2435 1045 2499 quam
1071 2423 1275 2500 posterorum

139 2521 299 2588 noticiam
325 2525 437 2586 tencre
467 2520 671 2605 presencium
696 2521 847 2590 uolumus
878 2523 1069 2609 peruenire,
1102 2524 1191 2608 quod
1216 2526 1274 2611 filij

140 2630 277 2715 Yginig,
296 2627 475 2712 Gregorius
490 2629 641 2696 uidelicet
657 2635 688 2697 et
704 2631 795 2698 Enoc
809 2629 851 2698 de
866 2632 1005 2706 Perelrw
1016 2633 1210 2701 accedentes
1230 2635 1273 2701 ad

142 2745 289 2807 nostram
306 2736 511 2824 presenciam
527 2737 689 2824 dixerunt,
715 2738 802 2822 quod
818 2737 883 2824 ipsi
898 2740 1083 2807 habueruut
1098 2746 1216 2808 terram
1240 2742 1273 2808 in

142 2849 264 2931 insula,
290 2866 388 2930 quam
405 2852 499 2931 pater
523 2851 634 2912 noster
649 2845 799 2914 Andreas
815 2849 885 2915 Rex
901 2847 1013 2916 inclite
1030 2849 1273 2918 recordacionis

143 2958 185 3022 ab
201 2956 252 3020 eis
268 2955 456 3040 recepisset,
482 2954 563 3019 etin
584 2954 806 3022 concambium
832 2961 917 3022 terre
941 2955 1030 3024 illius
1049 2955 1132 3043 ipsis
1151 2963 1273 3024 terram

143 3065 249 3131 Castri
267 3051 430 3130 Albensis‘
447 3063 577 3130 nomine
589 3063 730 3131 Perelsw
756 3063 956 3131 contulisset.
983 3066 1053 3131 Nos
1084 3085 1160 3132 uero
1176 3065 1273 3132 dilec-

142 3184 209 3241 tum
226 3180 259 3238 ct
285 3173 414 3240 fidelem
437 3179 582 3239 nostrum
598 3175 814 3240 Laurcncium
839 3179 916 3238 tunc
939 3172 1096 3259 temporis
1114 3171 1273 3240 Comitem

141 3283 318 3350 Albensem
347 3281 588 3349 transmisimus
606 3281 648 3349 ad
666 3282 890 3367 inquirendam
914 3281 1010 3348 huius
1025 3283 1074 3348 rei
1090 3281 1271 3368 ueritatem,

141 3390 295 3456 uidelicet
311 3390 339 3456 si
368 3389 506 3476 predicti
524 3390 702 3475 Gregorius
719 3389 766 3476 (et
781 3389 872 3458 Enoc
890 3387 1028 3478 terra)m
1043 3390 1076 3456 in
1092 3390 1201 3456 insula
1217 3392 1272 3458 ha·

141 3501 300 3582 luissent,
326 3505 359 3566 ct
375 3500 408 3565 in
425 3499 649 3566 concambium
665 3499 756 3566 illius
773 3505 857 3567 terre
873 3499 1131 3585 prenominatam
1150 3507 1273 3566 terram

140 3609 241 3676 castri
258 3609 413 3676 Albensis
439 3608 487 3676 eis
513 3609 712 3677 contulisset.
734 3609 849 3675 Dictus
874 3608 1033 3694 igitur-
1049 3645 1092 3656 -
1108 3646 1152 3658 -
1170 3647 1212 3658 -
1230 3610 1274 3676 ad

138 3722 286 3785 nostram
313 3716 442 3784 rediens
466 3715 683 3803 presenciam,
709 3715 801 3800 dixit,
828 3713 915 3800 qnod
939 3722 1026 3782 terra
1050 3714 1271 3804 predictorum

139 3825 178 3892 G.
196 3833 231 3894 et
247 3827 298 3910 E,
316 3847 413 3910 quarn
439 3826 623 3894 habuerunt
639 3826 673 3894 in
696 3825 813 3908 insula,
840 3826 940 3892 multo
957 3825 1060 3893 maior
1086 3831 1120 3891 et
1134 3824 1273 3910 amplior

139 3935 265 4019 luisset,
292 3954 392 4020 quam
408 3934 476 4020 illa,
503 3954 602 4020 qnam
623 3942 719 4019 pater
741 3937 852 4002 noster
866 3933 949 4019 ipsis
975 3931 1120 4016 dederat,
1147 3932 1273 3998 scilicet

139 4045 180 4110 ad
193 4043 261 4110 tria
286 4049 400 4110 aratra
424 4051 456 4110 et
472 4042 642 4110 dimidium
668 4041 891 4108 sufficientem.
919 4040 1012 4107 Vnde
1032 4059 1091 4107 uos
1118 4038 1269 4126 superius

138 4153 339 4220 nominatam
366 4151 585 4236 quantitatem
602 4156 685 4218 terre
700 4149 849 4232 Perelxw,
876 4146 961 4215 sicut
975 4147 1070 4214 uobis
1086 4145 1174 4212 idem
1189 4146 1272 4214 Lau·

138 4260 266 4328 reucius
283 4259 403 4328 Comes
431 4259 525 4343 dixit,
551 4265 585 4324 et
601 4256 725 4324 eisdem
751 4257 890 4324 instituit
900 4308 909 4342 ,
935 4253 1112 4340 sepedictis
1129 4252 1168 4319 G.
1185 4260 1217 4321 et
1233 4255 1272 4322 lu.

139 4370 336 4437 contulimus
353 4374 513 4455 perpetuo
534 4366 777 4454 possidendam.
805 4367 847 4430 Vt
863 4363 962 4448 igitur
976 4363 1039 4431 hoc
1055 4368 1160 4429 ratum
1176 4369 1209 4430 et
1224 4361 1271 4428 lir-

26 4533 29 4540 .
137 4497 221 4545 mum
247 4478 413 4545 habeatur
427 4474 460 4542 iu
476 4479 651 4562 posterum,
677 4478 862 4560 presentem
888 4469 1043 4557 paginam
1069 4467 1208 4557 duplicis
1232 4470 1272 4538 si·

134 4587 202 4671 gilli
228 4585 338 4654 nostri
371 4583 548 4652 munimine
580 4582 716 4652 lecimus
741 4581 773 4647 in
800 4584 1000 4667 perpetuum.
1033 4579 1154 4648 Datum
1179 4577 1271 4646 Bude
