3226 5194
853 299 1013 402 -5—12-

371 519 450 584 ram,
477 518 573 582 quarn
599 496 776 584 assumpsit
800 492 956 582 predictis
972 495 1050 562 viris
1074 494 1155 562 darc
1174 515 1234 582 pro
1257 494 1408 582 pignore,
1439 511 1507 556 non

370 605 516 694 dodorit3
534 607 656 676 eisdem
668 608 746 674 dsrc
763 605 927 673 tenebitur
936 626 1008 672 cum
1024 603 1158 692 dupplo.
1173 605 1208 672 Si
1225 623 1303 672 uero
1320 601 1506 670 eorundem

369 714 564 782 arbitrorum
584 715 719 783 arbitrio
735 735 800 784 non
817 715 986 801 paruerint
1001 710 1081 780 dicti
1096 712 1167 800 viri,
1185 721 1315 796 terram,
1336 731 1401 795 qne
1417 709 1506 796 ipsis

370 841 429 907 pro
445 820 583 906 pignore
598 821 738 908 dabitur,
761 821 947 887 amitterent
963 821 1036 906 ipso
1052 820 1149 888 facto.
1177 818 1258 885 Item
1274 817 1363 885 idem
1380 816 1504 886 Comes

370 928 528 995 Martinus
546 927 701 1016 predictis
718 927 798 995 viris
817 929 996 1015 assumpsit
1018 929 1147 996 soluere
1163 925 1276 994 decem
1292 943 1434 1009 marcas,
1462 943 1506 988 ex

370 1034 486 1116 quibus
503 1036 646 1120 quinque
656 1053 784 1102 marcas
800 1035 930 1120 argenti
945 1035 1069 1102 eisdem
1079 1032 1237 1122 porsoluit
1251 1052 1361 1099 coram
1382 1031 1505 1116 nobis3

369 1143 454 1210 alias
470 1163 548 1212 uero
574 1143 716 1230 quinque
732 1164 860 1210 marcas
877 1144 910 1210 in
927 1123 1139 1211 esumieionc
1165 1141 1330 1226 condigna
1349 1161 1425 1208 oum
1446 1141 1503 1208 bo-

370 1250 440 1335 bus,
467 1256 500 1317 ot
516 1270 580 1318 uon
599 1251 675 1336 alijs
690 1251 797 1335 robus,
821 1253 929 1318 soluet
943 1253 1048 1319 torcia
1073 1249 1226 1318 feriarum
1252 1249 1407 1336 proxima
1426 1255 1505 1332 post

369 1364 504 1426 octonas
529 1361 633 1426 Pasce
656 1378 766 1426 coram
783 1359 934 1446 Oapitulo
958 1359 1070 1426 Ferrei
1096 1358 1222 1444 Castri5
1251 1377 1334 1441 quas
1360 1353 1422 1442 (si)
1438 1375 1501 1421 nec

369 1467 660 1554 tuncpersolucrit,
671 1469 962 1552 quinquennem,
979 1488 1063 1552 quas
1074 1471 1165 1555 prius
1176 1465 1345 1553 persoluit,
1356 1463 1500 1548 amittet,

370 1581 402 1640 ot
425 1572 655 1641 nichilominus
680 1574 812 1642 easdem
837 1575 950 1644 decem
968 1596 1095 1644 marcas
1120 1574 1249 1642 soluere
1273 1571 1442 1640 tenebitur
1459 1591 1501 1636 ex

369 1683 506 1767 integro.
530 1683 601 1752 Hoc
617 1683 754 1769 adiecto,
779 1684 866 1769 quod
882 1685 1031 1771 predium
1056 1682 1191 1752 Comitis
1207 1681 1340 1749 Martini
1366 1681 1502 1748 nomine

368 1791 449 1876 Har,
475 1791 510 1858 in
524 1790 613 1875 quod
628 1792 793 1879 predictos
809 1793 897 1860 viros
923 1793 1103 1861 leceramus
1121 1790 1291 1875 introduci,
1316 1788 1419 1874 ijdem
1437 1786 1500 1852 viri

369 1900 412 1965 ab
429 1896 930 1986 hodic1·estit(n)cruntllartino
951 1899 1068 1968 Oomiti
1091 1898 1291 1986 supradicto.
1306 1898 1382 1982 Hijs
1399 1896 1502 1980 igitur

369 2006 591 2092 pereundam
615 2004 772 2072 Comitem
797 2008 972 2075 llartinum
996 2008 1144 2095 plenarie
1167 2005 1342 2094 persolutis
1366 2012 1402 2072 et
1415 2023 1501 2070 com-

369 2114 466 2202 pletis
487 2112 574 2182 idem
590 2113 758 2199 Martinus,
776 2121 809 2181 et
830 2114 1005 2204 chepanus
1021 2116 1106 2184 iilius
1123 2113 1293 2197 Oaumerii,
1318 2133 1358 2180 ac
1384 2131 1500 2178 omncs

369 2220 429 2288 alii
444 2220 576 2306 cognati
593 2239 713 2308 eornm,
739 2239 838 2306 super
853 2221 1014 2290 diuisione
1032 2222 1072 2288 de
1088 2221 1351 2308 possessionibus
1368 2219 1498 2303 Ohepa-

369 2347 445 2397 num
462 2326 548 2416 (tgy)
576 2327 741 2413 quondam
760 2329 844 2395 Bani
869 2330 1033 2415 predictos
1057 2331 1144 2398 viros
1169 2332 1380 2415 contingente
1404 2333 1499 2394 crunt

369 2435 514 2524 expediti
528 2440 560 2502 et
576 2435 705 2522 penitus
720 2437 874 2522 absoluti,
889 2457 929 2503 ac
945 2437 1062 2523 littere,
1080 2445 1193 2504 eontra
1209 2437 1369 2506 comitem
1386 2437 1498 2504 Marti-

368 2565 445 2612 num
460 2544 616 2612 hactenus
644 2546 827 2631 impetrate,
847 2545 1050 2614 habebuntur
1073 2546 1163 2614 irrite
1180 2551 1213 2612 ct
1227 2546 1353 2612 inanes.
1381 2547 1496 2611 Partes

370 2653 474 2722 eciam
500 2671 612 2722 omues
637 2673 775 2738 causas,
808 2675 984 2738 omnesque
1009 2655 1238 2723 contenciones
1264 2672 1366 2737 nsque
1399 2651 1498 2719 hodie

370 2763 545 2829 uentilatas
571 2768 681 2830 mutuo
698 2761 896 2830 scdauerunt
923 2765 980 2849 ita,
1007 2773 1043 2832 ut
1058 2764 1179 2831 nullius
1204 2763 1332 2851 penitus
1349 2763 1417 2828 sint
1433 2784 1497 2828 nro·

369 2870 481 2938 monti.
507 2869 764 2955 desumpserunt
788 2869 922 2956 insuper
938 2869 1038 2957 ijdcm
1054 2872 1128 2956 uiri,
1154 2869 1239 2955 quod
1256 2871 1426 2955 promissis
1447 2888 1498 2936 se-

369 2975 477 3043 riatim
493 2979 636 3064 peractis
662 2979 820 3056 accedent
836 2981 880 3046 ad
893 2980 1096 3066 presenciam
1116 2978 1268 3046 Albensis
1284 2977 1441 3064 Capituli,
1466 2982 1498 3044 ct

369 3085 492 3152 dabunt
507 3106 607 3173 super
621 3087 737 3155 cadom
753 3088 982 3155 satisfaccione
998 3086 1117 3157 Oomiti
1133 3087 1273 3154 Martino
1290 3085 1420 3153 litteras
1436 3085 1497 3153 Oa·

369 3192 465 3279 pituli
494 3195 674 3280 memorati,
699 3203 774 3263 tunc
799 3193 953 3262 uidelicet
976 3214 1049 3262 cum
1075 3215 1134 3286 per
1157 3193 1322 3262 hominem
1350 3192 1495 3281 (lapitnli

369 3302 479 3368 llerroi
496 3299 603 3370 castri
628 3302 746 3369 fuerint
769 3303 906 3372 euocati.
933 3305 1055 3370 Datum
1070 3304 1104 3369 in
1121 3303 1249 3370 Oronas
1265 3301 1298 3367 in
1318 3302 1495 3370 Dominioa

370 3410 499 3497 ludica,
514 3428 600 3478 anno
616 3412 747 3479 Domini
763 3414 808 3478 ll⁰
819 3409 885 3477 00⁰
895 3413 934 3492 14⁰
949 3431 1047 3480 nono.

443 3610 494 3677 (Aa
507 3607 607 3661 credoti
620 3607 686 3661 utdn
699 3607 771 3662 Rath
784 3608 896 3677 Ktroly,
909 3611 997 3662 Hazai
1010 3607 1179 3676 Olrmlnytar
1191 3611 1238 3662 lV.
1252 3611 1311 3662 kdt.
1322 3611 1368 3664 ³8.
1381 3606 1415 3676 l.)

801 3899 993 3910 nn—-an--a--nn
1011 3901 1066 3914 .-.φ
