3162 5188
565 337 716 440 -.„2i.3„...

65 525 142 592 dam
168 526 316 596 fratrem
341 528 487 598 eiusdem
511 533 641 602 nornine
660 531 806 600 Damald
830 532 980 601 similiter
1004 531 1202 618 captiuatum

64 635 282 723 abducendo,
309 640 343 706 in
365 641 578 710 absolucione
603 641 749 711 eiusdem
774 641 858 712 alios
883 641 1054 708 duodecim
1077 639 1204 708 nobiles

63 749 197 824 nostros
216 743 263 812 de
282 747 470 834 captiuitate
487 749 630 816 hostium
646 750 809 818 liberauit.
825 749 980 816 Preterea
996 747 1084 815 idem
1099 746 1204 813 tidelis

64 857 179 920 noster
196 853 246 920 ad
274 853 504 924 incrementum
520 856 629 923 laudis
645 856 749 940 Regio
767 876 897 942 semper
913 856 1075 944 aspirans,
1100 855 1133 921 in
1149 852 1203 922 ob·

62 959 194 1028 sidione
222 961 328 1030 castri
350 964 572 1032 Ruthenorum
597 965 714 1036 Galich
738 966 888 1048 nomine,
914 965 1078 1050 quandam
1101 963 1204 1030 aciem

65 1067 149 1134 clam
166 1067 205 1133 in
222 1075 375 1136 nostrum
390 1071 565 1140 exercitum
580 1073 759 1160 irrumpere
767 1073 951 1160 cupientem
966 1072 1099 1139 militari
1118 1071 1204 1138 hello

62 1177 253 1263 prohibuit,
282 1176 372 1262 quod
391 1186 502 1247 nostro
517 1182 674 1248 exercitui
698 1202 763 1249 non
778 1182 884 1268 potuit
908 1181 986 1266 quid
1010 1201 1137 1251 nocere.
1162 1179 1205 1244 Et

64 1285 183 1353 iterum
212 1285 288 1352 alia
303 1285 376 1352 rice
400 1285 584 1371 pedestrem
603 1287 704 1354 aliam
730 1289 834 1356 aciem
858 1288 1101 1369 thhenorum,
1129 1287 1205 1355 dum

64 1407 163 1478 super
190 1398 345 1460 nostmm
371 1394 547 1462 exercitum
563 1396 720 1480 irruisset,
747 1397 822 1482 plus
838 1396 911 1484 ipse
936 1396 1054 1464 ceteris
1073 1395 1205 1464 honoris

65 1501 169 1569 nostri
186 1502 443 1571 conseruacioni
458 1504 634 1588 vigilanter
649 1504 846 1584 insudando,
862 1505 973 1572 hostili
988 1523 1101 1591 pugna
1115 1503 1206 1571 inua-

66 1608 157 1696 dens,
175 1608 277 1678 illam
293 1611 414 1680 milicie
430 1631 488 1681 sue
503 1613 631 1681 viribus
646 1613 783 1698 fugauit,
807 1633 918 1681 secum
933 1619 1002 1680 tam
1017 1613 1136 1680 acriter
1152 1612 1206 1678 de·

71 1723 214 1806 certans,
245 1717 335 1804 quod
352 1720 456 1788 nobili
480 1728 511 1786 et
528 1721 603 1790 forti
629 1721 794 1789 dextrario
819 1741 877 1789 sno
903 1722 964 1787 suh
988 1720 1062 1808 ipso
1087 1720 1204 1803 occiso,

68 1827 146 1894 licet
161 1827 406 1914 triumphasset
422 1828 463 1896 de
480 1829 637 1915 hostibus,
654 1851 691 1898 se
706 1843 814 1897 nmen
825 1829 947 1896 ibidem
963 1828 1019 1895 rix
1035 1828 1076 1894 de
1092 1827 1205 1897 mortis

70 1936 218 2022 periculo
237 1938 345 2023 poluit
361 1938 510 2006 liberare.
535 1941 617 2006 Item
634 1941 678 2007 ab
694 1939 783 2008 omni
798 1939 901 2005 latere
924 1938 968 2004 ad
984 1936 1205 2004 alesacionem

71 2042 242 2110 titulorum
265 2044 371 2128 Regni
395 2049 428 2112 et
443 2046 568 2114 corone
592 2045 732 2114 fidehter
757 2047 941 2130 elaborans,
966 2065 1039 2112 cum
1062 2043 1204 2130 quodam

72 2157 224 2237 tempore
240 2152 438 2222 Teuthonici
463 2154 526 2222 duo
542 2163 661 2238 castra,
677 2155 850 2223 Paristhan
866 2154 991 2222 scilicet
1007 2160 1039 2220 et
1054 2151 1206 2237 Landigh

73 2266 238 2346 occupata
261 2266 418 2346 tenerent,
447 2271 604 2349 tunquam
629 2271 780 2332 strenuus
806 2270 992 2349 persecutor
1016 2261 1207 2331 iniuriarum

74 2375 262 2436 nostrarum
287 2376 320 2437 st
333 2371 439 2455 Regni
462 2370 503 2437 de
529 2371 682 2440 mandato
707 2378 818 2441 nosbo
836 2373 981 2440 exercitu
1006 2375 1205 2456 congregato

76 2477 163 2544 dicta
179 2483 295 2545 castra
319 2477 457 2564 obsedit,
483 2480 605 2566 etipsa
629 2479 837 2548 demonibus
860 2480 1062 2547 inimieorum
1087 2476 1207 2565 eripuit

76 2585 213 2653 viriliter
230 2591 266 2652 et
280 2590 438 2671 potenter.
463 2586 516 2654 Ad
531 2589 591 2656 hec
616 2609 688 2655 cum
713 2608 870 2675 processu
895 2587 1052 2674 temporIs
1070 2585 1207 2654 Teutho·

77 2693 140 2760 uici
167 2715 292 2779 aquam
316 2696 413 2762 Mure
435 2696 678 2782 praelusisseut,
706 2702 738 2764 et
756 2700 906 2781 pretextu
930 2695 1032 2781 ipsius
1058 2693 1207 2760 clausura

82 2799 195 2867 cadem
212 2821 303 2886 aqna
318 2810 492 2888 occuparet
507 2810 612 2870 terras
627 2803 839 2890 plurimarum
850 2805 999 2871 villarum
1015 2808 1048 2868 ct
1066 2803 1207 2870 submer-

81 2913 189 2993 geret,
217 2908 292 2996 ipse
308 2908 478 2995 adportes
498 2909 573 2976 illas
588 2912 734 2996 veniens,
760 2919 972 2978 memoratam
997 2906 1206 2978 dissoluendo

83 3014 276 3099 clausuram,
286 3015 383 3082 villas
392 3014 597 3084 indemnitati
605 3016 742 3104 pristine
757 3019 907 3102 restituit,
923 3018 1020 3084 dictis
1035 3016 1207 3085 Teuthoni-

86 3121 129 3188 cis
143 3122 392 3209 prohibentibus
408 3128 441 3188 et
455 3124 576 3193 inuitis.
601 3126 683 3191 Item
698 3125 733 3191 in
759 3126 906 3210 gencrah
920 3125 1111 3191 vastacione
1130 3124 1207 3188 Tar-

82 3235 233 3318 tarornm,
262 3230 393 3315 qnando
418 3232 629 3299 communiter
645 3241 678 3300 et
692 3234 820 3302 nobiles
846 3240 878 3300 ct
901 3231 1078 3320 populares
1099 3232 1207 3316 Regni

85 3340 183 3408 nostri
198 3361 260 3426 pro
276 3339 527 3408 conseruacione
537 3341 604 3408 vite
617 3361 675 3408 sue
691 3348 767 3408 ante
781 3339 1019 3408 faciemeorum
1029 3339 1207 3424 fugiebant,

86 3448 151 3515 uelo
163 3448 337 3516 fidelitatis
353 3466 520 3535 accensus,
537 3449 602 3517 imo
618 3450 731 3535 pocius
746 3449 866 3517 virtuts
883 3450 1017 3536 propria
1034 3450 1208 3532 animatus,

87 3554 126 3620 ad
139 3555 330 3622 Danubium
354 3574 427 3622 cum
442 3557 577 3644 copiosa
602 3556 807 3623 multitudine
827 3565 1026 3625 armatorum
1045 3576 1081 3624 se
1094 3575 1209 3644 prepa-

88 3662 197 3750 raudo,
216 3664 340 3732 tamdiu
355 3664 527 3732 transitum
551 3665 718 3751 prohibuit
732 3665 943 3732 Tartarornm
964 3666 1065 3751 varijs
1081 3665 1209 3734 fortune

89 3771 213 3840 casibus
229 3771 389 3859 intrepide
400 3791 436 3839 se
452 3770 667 3859 subijcieudo,
685 3772 787 3840 donec
802 3772 843 3838 ab
855 3792 965 3840 eorum
981 3773 1104 3859 impetu
1121 3774 1208 3857 quis·

89 3895 146 3958 que
161 3899 241 3946 saue
260 3882 390 3966 poterat
406 3878 607 3963 occuluere,
625 3885 700 3962 post
716 3898 824 3945 eorum
834 3885 941 3945 autcm
958 3899 1122 3947 recessum
1138 3881 1210 3966 ipse

90 3991 175 4072 prius
202 4009 262 4074 pre
288 3988 404 4054 ceteris
428 3986 595 4053 nobilibus
619 3987 726 4070 Regni
751 3987 838 4052 vltra
852 3989 1039 4055 Danubium
1063 3988 1218 4071 veniens,

92 4099 203 4165 tamin
220 4098 355 4180 eisdem,
381 4115 479 4181 quam
495 4098 529 4162 in
539 4096 783 4164 'thanasiluauis
799 4099 947 4184 partibus
962 4098 1051 4164 iures
1067 4105 1099 4164 et
1114 4098 1211 4163 latro·

92 4222 155 4289 nes,
181 4208 238 4291 qui
253 4210 331 4272 tunc
346 4207 381 4271 in
396 4206 520 4272 eisdem
536 4206 617 4273 locis
633 4206 743 4292 plures
759 4207 858 4275 solito
875 4212 1091 4292 surrexerant,
1117 4205 1224 4272 satir.

95 4313 214 4399 pando,
242 4320 274 4380 et
293 4315 385 4397 justo
410 4312 575 4380 mediante
595 4313 722 4397 judicio
748 4313 1012 4398 condemnando,
1044 4314 1211 4397 dispersos

95 4420 228 4506 rudique
244 4422 385 4508 populos
405 4423 584 4508 recollegit,
611 4422 830 4503 collectosque
846 4426 878 4486 et
893 4422 1042 4486 inuentos
1068 4425 1211 4486 manute-

95 4530 190 4598 nendo
206 4528 349 4598 fideliter
365 4538 398 4596 et
413 4529 648 4613 conseruando,
674 4527 867 4595 salifodinas
887 4529 1025 4615 aperuit,
1047 4535 1079 4595 et
1095 4531 1212 4594 cuneta

96 4639 239 4718 perlicere
256 4638 389 4724 studuit,
416 4657 479 4722 que
496 4644 529 4706 et
554 4637 782 4706 reformacioni
806 4637 912 4722 Regni
928 4637 1062 4722 sciebat,
1087 4643 1120 4703 et
1138 4635 1211 4702 rsui
