3168 5186
809 393 828 398 .-
854 297 919 400 41²²
945 392 963 400 ἦ

1575 449 1576 478 l

325 505 376 565 tus
394 499 528 565 Elexius
544 497 684 564 Henrico
701 499 819 569 Comiti
843 499 1054 584 Simighiensi
1079 493 1188 566 Judici
1208 494 1302 562 Gnrie
1320 492 1449 558 domini
1575 479 1576 488 ’

325 606 424 694 Regis
450 627 508 693 pro
533 606 761 694 redempcione
787 608 956 695 enjusdam
987 609 1205 696 possessionis
1229 627 1288 676 sne
1314 605 1448 675 nomine

325 717 506 785 Menincbel
532 703 694 784 moeretur
709 717 744 784 in
770 717 917 786 ducentis
934 720 1062 800 mareis,
1090 738 1150 784 neo
1165 719 1299 785 haberet
1323 719 1447 804 inipso

324 827 458 896 instanti
475 834 630 914 paratam.
648 827 831 914 pecuniam,
858 827 900 894 de
915 848 980 913 qna
995 827 1187 896 satisfacere
1202 836 1312 915 posset
1327 827 1448 896 Comiti

324 937 464 1005 Henrico
481 934 679 1022 supradicto,
696 935 847 1002 dominns
864 935 977 1002 Abbas
992 935 1145 1022 precibus
1164 935 1323 1022 sepedicti
1339 937 1447 1004 Elexii

327 1046 503 1114 inclinatus
526 1041 568 1109 de
583 1042 722 1130 pecnnia
735 1043 923 1110 Monasterii
939 1045 990 1111 sui
1004 1042 1170 1130 predictas
1192 1042 1348 1111 ducentas
1364 1065 1446 1110 mar-

324 1173 380 1221 cas
405 1155 440 1220 in
464 1151 609 1218 denariis
634 1151 814 1236 Regalibus
839 1171 910 1218 cum
935 1151 1078 1237 pondere
1094 1189 1138 1199 —
1156 1151 1338 1238 -eidem,
1365 1173 1446 1235 quas

326 1266 431 1330 eciam
447 1261 595 1327 dominns
611 1257 722 1326 Abbas
739 1259 770 1327 ei
784 1259 874 1327 dedit
889 1279 998 1328 eoram
1014 1260 1120 1344 nobis,
1147 1282 1206 1347 pro
1222 1260 1339 1344 qnibns
1359 1260 1446 1327 idem

325 1369 460 1438 Elexins
485 1367 648 1455 quandam
675 1369 915 1454 possessionem
941 1387 1034 1435 suam
1060 1371 1189 1438 nomine
1204 1370 1265 1437 Vrs
1290 1369 1387 1436 sitam
1411 1369 1445 1435 in

326 1480 490 1550 Comitatu
505 1478 713 1562 Simigbiensi
740 1497 811 1544 cnm
828 1479 977 1546 omnibns
996 1478 1191 1547 rtilitatibns
1215 1479 1282 1546 suis
1302 1484 1336 1544 et
1350 1479 1447 1565 perti-

326 1588 462 1672 nenciis,
478 1586 573 1653 terris
597 1585 751 1653 uidelicet
767 1586 958 1671 arabilibus,
978 1584 1106 1670 fenctis,
1127 1587 1311 1674 piscaturis,
1328 1585 1445 1671 syluis,

327 1699 431 1767 seruis
447 1701 480 1791 et
503 1695 665 1761 libertinis
682 1713 721 1760 ac
737 1693 863 1781 insulis,
888 1713 948 1761 nec
964 1713 1028 1762 non
1044 1695 1121 1762 aliis
1137 1693 1341 1781 appendiciis
1357 1693 1445 1761 idem

325 1807 460 1879 Elexins
476 1803 562 1872 dicto
579 1801 708 1871 domino
724 1802 845 1869 Abbati
863 1809 895 1869 et
908 1804 1106 1872 Monasterio
1123 1803 1192 1870 eins
1212 1804 1447 1889 impignoranit

324 1922 357 1988 in
382 1918 466 1985 festo
491 1913 603 1980 Sancti
619 1911 791 1979 Laurenoii
817 1911 876 1977 tali
901 1912 1022 1980 modo:
1048 1912 1090 1977 Vt
1108 1911 1141 1977 in
1166 1912 1327 1999 principio
1352 1914 1447 1980 tercii

326 2025 403 2096 anni
419 2022 556 2091 eandem
567 2020 726 2088 redimere
741 2025 911 2104 teneretur,
928 2021 1154 2088 medicantem
1172 2027 1315 2106 tempore
1332 2043 1446 2092 omnes

326 2137 447 2204 fruetus
464 2140 496 2198 et
511 2130 668 2198 vtilitatcs
684 2130 788 2216 ipsius
804 2130 1023 2215 possessionis
1039 2129 1190 2196 dominns
1200 2129 1312 2197 Abbas
1328 2135 1360 2198 et
1379 2133 1444 2200 lle

326 2241 504 2313 nasterium
529 2240 634 2326 ipsine
658 2240 836 2326 percipere,
862 2258 923 2305 nec
947 2237 1034 2304 idem
1059 2239 1192 2307 Elexins
1217 2247 1293 2307 ante
1316 2241 1446 2328 lapsum

327 2355 462 2422 duorum
489 2369 645 2416 annornm
670 2349 789 2434 poterit
811 2346 980 2435 redimere,
1006 2350 1039 2415 in
1065 2349 1225 2437 principio
1250 2370 1327 2420 vero
1351 2355 1447 2421 tercii

326 2463 403 2531 anni
419 2459 588 2527 restituere
604 2457 765 2524 tenebitur
781 2454 912 2524 domino
936 2455 1058 2523 Abbati
1075 2456 1230 2524 ducentas
1247 2479 1377 2526 marcas
1394 2482 1447 2530 co·

326 2572 400 2638 dem
416 2568 511 2636 modo
528 2585 598 2633 enm
614 2564 759 2651 pondere
775 2566 860 2632 sicut
875 2567 906 2631 ei
923 2572 997 2632 sunt
1014 2565 1128 2634 solute.
1145 2565 1181 2632 Si
1197 2572 1304 2633 antem
1321 2567 1354 2634 in
1372 2569 1447 2655 ipso

326 2678 461 2747 termino
473 2675 631 2742 redimere
647 2673 747 2740 nollet
756 2677 814 2738 aut
829 2691 894 2738 non
904 2677 1027 2758 posset,
1044 2678 1153 2758 portes
1163 2693 1272 2740 coram
1286 2676 1382 2742 nobis
1392 2697 1450 2745 no·

327 2785 494 2856 minabunt
509 2801 667 2870 personas
682 2779 726 2846 ad
742 2779 956 2847 estimandum
968 2782 1207 2867 possessionem
1224 2790 1449 2870 memoratam,

324 2896 414 2963 facta
438 2901 546 2960 autem
569 2891 779 2960 estimacione
799 2889 951 2974 quicquid
966 2889 1052 2957 vltra
1067 2889 1223 2960 ducentas
1248 2913 1374 2959 macas
1390 2913 1447 2960 su-

326 3003 494 3093 perfuerit,
507 3002 597 3087 jnsto
610 2998 719 3086 precio
736 2999 884 3065 dominns
894 2999 1146 3066 Abbassolnere
1161 2999 1321 3067 tenebitur
1329 3001 1448 3069 lilerio

326 3113 502 3200 sepedicto,
520 3113 548 3178 si
559 3109 697 3177 eandem
708 3107 846 3177 noluerit
857 3099 1056 3193 comparare,
1068 3108 1210 3194 alioquin
1227 3109 1301 3196 ipsa
1316 3129 1448 3194 posses·

324 3221 375 3310 sio
391 3219 478 3306 apud
502 3219 668 3285 dominum
685 3217 846 3285 Abbatem
863 3222 896 3284 et
920 3219 1024 3303 ipsius
1043 3217 1271 3284 blonarterium
1291 3219 1450 3304 oppigno-

324 3336 399 3396 rata
426 3326 613 3395 remanebit.
640 3327 710 3392 Hoo
734 3326 836 3394 eciam
862 3326 1011 3394 nolumus
1037 3325 1279 3413 pretermittere,
1307 3327 1450 3411 quodsi

327 3436 434 3502 dictus
445 3434 582 3502 Elexins
598 3436 632 3501 in
649 3435 785 3502 termino
802 3435 960 3503 solucioni
977 3434 1125 3512 faciende
1144 3437 1312 3520 assignato
1329 3455 1388 3502 nec
1403 3433 1451 3502 ad

327 3543 511 3610 faciendam
528 3544 739 3627 solucionem,
765 3563 825 3610 nec
841 3543 944 3610 eciam
966 3542 1010 3609 ad
1035 3543 1219 3628 eligendum
1244 3544 1450 3611 estimatores

250 3709 254 3715 .
328 3654 428 3720 uellet
443 3651 609 3736 accedere,
628 3651 701 3737 ipsa
716 3651 881 3738 possessio
906 3651 992 3720 dicto
1008 3653 1129 3718 Abbati
1146 3659 1178 3718 et
1193 3652 1263 3737 ejns
1287 3651 1451 3719 Monaste·

329 3761 377 3828 rio
400 3769 557 3848 perpetuo
582 3768 764 3828 remaneret
787 3760 997 3847 possidenda.
1030 3762 1100 3829 Hoc
1128 3761 1232 3827 eciam
1263 3760 1451 3844 adjicimus,

329 3870 458 3954 quodsi
475 3870 592 3953 aliquis
618 3869 932 3955 consanguineorum
947 3869 1049 3957 ipsius
1067 3869 1173 3935 lilexii
1190 3871 1241 3936 vel
1268 3869 1374 3953 quinis
1391 3867 1451 3934 ali·

324 3999 362 4044 ns
388 3979 492 4064 ipsum
519 3976 684 4046 dominum
701 3978 861 4044 Abbatem
887 3978 939 4044 uel
964 3977 1194 4045 Monasterium
1220 3995 1312 4043 suum
1339 3973 1450 4041 medio

325 4094 471 4174 tempore
495 4089 592 4156 vellet
616 4089 771 4174 impetere
795 4107 893 4174 super
919 4088 992 4174 ipsa
1007 4086 1223 4174 possessione,
1249 4085 1301 4151 vel
1326 4083 1449 4166 aliquis

328 4197 510 4279 molestare,
538 4195 724 4282 sepedictus
741 4197 874 4262 Elexius
899 4194 1038 4282 propriis
1062 4195 1229 4264 laboribus
1246 4201 1278 4261 et
1294 4191 1450 4279 expensis

326 4306 480 4390 expedire
505 4305 673 4392 tenebitur,
701 4323 741 4371 ac
757 4304 877 4388 injure
902 4303 1123 4392 possessionis
1149 4309 1326 4370 memorate
1341 4297 1449 4365 Abba-

325 4421 446 4481 temet
477 4416 707 4482 monasterinm
739 4433 832 4481 snum
858 4433 1062 4481 conseruare.
1102 4411 1313 4500 Supradiotus
1343 4407 1447 4474 eciam

324 4524 468 4590 Joannes
493 4523 579 4590 filius
596 4523 746 4608 Gregorii
762 4531 794 4590 et
810 4523 921 4590 Abbas
942 4523 983 4590 de
998 4524 1058 4592 Jaz
1074 4520 1213 4591 confessi
1237 4526 1313 4585 snnt
1338 4535 1446 4583 eoram

291 4731 292 4734 Ἴ
324 4633 429 4714 nobis,
457 4631 543 4714 quod
566 4631 653 4698 idem
668 4634 812 4701 loannes
839 4640 871 4699 et
888 4631 1117 4699 monasterinm
1134 4630 1175 4697 de
1192 4629 1252 4696 Jaz
1274 4625 1396 4692 nullam
1412 4622 1443 4687 in
1572 4695 1574 4718 1
