3168 5186
560 328 720 430 Q

66 533 143 599 sine
160 529 284 598 Divina
299 527 513 614 inspiratione
529 527 647 613 redire,
660 527 846 611 juramento
857 527 1002 613 ¹prestito
1012 525 1202 612 promisisti,

65 638 223 708 Ecclesia
238 637 387 724 predicte
401 644 572 722 umquam
589 635 698 705 fidelis
708 635 780 720 eJus
789 636 878 704 lilius
894 635 1038 732 obedire,
1053 656 1094 704 ec
1108 636 1216 706 fidon

67 747 289 832 Catholicam,
307 747 392 814 sieut
419 745 480 813 alii
496 743 677 814 Ortbodoxi
702 745 817 813 mnndi
832 745 1003 832 Principes
1018 747 1211 815 obseruare.-

66 857 211 942 Propter
227 854 314 941 quod
331 855 484 924 Ecclesia
500 852 617 923 eadem
632 853 746 923 volens
763 860 796 922 te
812 855 848 922 in
863 855 915 922 sni
931 853 1106 923 deuotione
1130 873 1203 922 eon-

66 967 165 1049 gruis
181 967 309 1036 firmare
324 966 502 1052 favoribus,
519 970 553 1033 et
568 963 742 1050 condignis
758 963 877 1048 gratiis
893 963 1078 1052 conierere,
1094 983 1203 1052 perso·

67 1095 151 1142 uam
169 1082 261 1143 tuam
277 1073 322 1142 ad
336 1075 471 1159 Regalis
487 1073 662 1158 dignitatis
686 1073 814 1159 apicem
830 1073 1027 1158 sublimavit,
1052 1072 1205 1141 faciendo

66 1188 101 1250 te
121 1183 243 1270 inungi
259 1182 355 1251 Sacri
372 1181 546 1250 Orismatis
562 1181 645 1268 oleo,
673 1187 794 1266 tuoque
810 1181 933 1267 imponi
949 1183 1052 1270 capiti
1066 1171 1205 1268 Regium

67 1291 240 1360 diadema.
264 1291 329 1360 Sed
344 1297 390 1378 tu,
405 1291 490 1358 sicut
506 1290 550 1357 ud
565 1289 766 1359 audientiam
779 1297 924 1359 nostram
935 1292 1082 1360 nonsine
1098 1288 1206 1358 cordis

68 1400 264 1470 turbatione
279 1401 437 1489 pervenit,
454 1405 523 1467 tam
539 1399 772 1487 spiritualium,
788 1419 888 1484 qaam
903 1400 1136 1485 temporalium
1152 1402 1206 1467 be·

68 1506 266 1577 deliciorum
283 1510 390 1598 ipsius
405 1509 557 1577 Ecclesia
572 1509 759 1594 immemor,
784 1511 939 1592 tantaque
955 1507 1059 1592 gratie
1074 1524 1207 1595 prorsus

68 1617 238 1703 ingratus,
254 1617 384 1704 prestiti
390 1613 571 1701 juramenti
580 1615 744 1700 religione
754 1622 949 1704 contempta,
966 1616 1011 1703 id,
1020 1616 1108 1701 quod
1117 1616 1207 1683 cirea

69 1725 296 1793 obedientiam
312 1723 458 1809 eusdem
475 1722 639 1811 Ecclesia,
654 1743 694 1792 ac
703 1723 848 1812 predicte
857 1724 1120 1793 obseruationem
1132 1723 1207 1792 lidei

71 1833 273 1920 promisisse
288 1831 481 1918 dinosceris,
500 1833 678 1900 observare
693 1830 899 1917 postmodum
923 1850 989 1900 nen
1013 1833 1150 1919 curasti,
1174 1833 1208 1900 in

72 1940 189 2008 anime
203 1946 259 2008 tue
274 1940 465 2028 periculum,
489 1939 594 2028 ipsius
609 1940 767 2026 injuriam
781 1940 877 2027 fidei,
901 1940 1047 2010 llcelesie
1061 1939 1208 2029 predicte

74 2056 323 2137 contemptum,
348 2055 382 2119 et
398 2050 608 2136 obprobrium
624 2047 704 2118 Jesu
721 2049 854 2120 Christi.
899 2050 1005 2137 Super
1028 2068 1093 2138 quo
1116 2057 1208 2118 tanto

73 2157 304 2226 vehementius
320 2159 563 2243 contristamur,
579 2167 703 2243 quanto
719 2158 882 2228 faventius
899 2159 1125 2256 superomnia
1141 2180 1208 2228 cor·

73 2264 126 2333 dis
143 2267 251 2335 nostri
266 2267 505 2338 desiderabilia
519 2269 676 2356 cupimus,
702 2275 738 2335 ut
760 2268 868 2336 cultus
884 2267 1032 2355 ejusdcm
1048 2267 1124 2338 fidei
1149 2253 1208 2356 per

76 2375 189 2442 orbem
206 2375 341 2459 longius
367 2374 534 2460 latiusque
549 2373 700 2460 diffusus,
715 2373 904 2444 continuum
921 2381 1054 2444 auctore
1068 2374 1209 2442 Domine
1319 2441 1325 2452 ,

74 2481 240 2568 suscipiat
256 2483 502 2552 incrementum.
549 2482 708 2552 Veientes
731 2483 834 2568 igitar
847 2483 1049 2569 Apostolieis
1065 2484 1154 2570 apud
1177 2491 1211 2550 tc

76 2611 179 2679 super
194 2589 257 2658 boe
272 2590 428 2660 insistere
443 2590 590 2677 monitis,
607 2598 641 2658 et
657 2589 700 2659 ad
716 2593 898 2682 veritatem,
915 2591 1209 2677 queObristusest,

77 2699 230 2785 paternis
255 2703 289 2768 te
312 2699 582 2785 persuasionibus
607 2719 772 2787 revocare,
796 2721 836 2768 ac
860 2707 1051 2789 sperantes,
1074 2698 1211 2787 quodie

77 2809 227 2891 graviter
241 2814 355 2878 contra
371 2810 476 2878 Deum
504 2816 537 2877 ct
563 2809 635 2894 ejus
651 2810 837 2880 Ecclesiam
860 2809 1040 2894 deliquisse
1063 2809 1209 2882 conside·

78 2933 168 2999 rans,
190 2914 354 3003 condigne
369 2916 531 3004 peniteas,
557 2924 590 2986 et
606 2937 749 2986 errorem
774 2923 866 2987 tuum
892 2919 1055 3004 corrigere
1077 2917 1211 2988 studeas

79 3028 186 3106 perte
202 3021 319 3110 ipsam,
336 3023 596 3108 Magnitudinem
612 3033 703 3094 tuam
718 3024 912 3095 monendam
928 3025 1081 3094 duximus
1106 3030 1211 3093 etten-

79 3134 148 3202 tius
172 3138 205 3201 et
231 3133 450 3220 hortandam
467 3135 623 3220 quatinus
647 3134 693 3203 ad
716 3140 807 3204 tuam
831 3137 1021 3206 memoriam
1044 3153 1212 3222 revocans,

82 3247 208 3332 quanto
233 3240 362 3329 studio,
404 3251 592 3330 quantaque
617 3243 841 3315 sollicitudine
865 3244 954 3314 circa
978 3243 1212 3314 exaltationem

81 3354 173 3418 taam
189 3347 293 3418 Sedes
319 3352 513 3439 apostolica
537 3352 722 3441 laborarit,
746 3354 956 3424 considerans
981 3352 1101 3440 etiam,
1126 3351 1213 3438 quod

82 3478 151 3527 non
168 3457 374 3547 Ecclesiam
400 3462 459 3531 scd
474 3468 507 3529 te
523 3463 630 3548 ipsum
647 3461 784 3551 decipis,
799 3468 891 3532 tuum
906 3463 941 3530 in
951 3463 1014 3532 hac
1027 3467 1124 3550 parte
1138 3480 1211 3549 pro·

83 3567 220 3634 missum
239 3565 497 3654 dampnabiliter
512 3589 578 3637 non
602 3569 786 3656 seruando,
812 3569 1007 3657 perditionis
1023 3571 1122 3658 mam,
1147 3591 1213 3658 qua

82 3674 245 3761 madoris,
260 3697 327 3744 non
344 3676 479 3746 differas
496 3677 671 3764 abjurare,
697 3685 730 3748 ct
745 3678 800 3766 id,
824 3678 911 3765 qued
927 3679 969 3748 de
984 3681 1089 3768 ipsius
1104 3680 1211 3748 obser-

83 3785 214 3852 vatione
231 3783 317 3870 fidei,
336 3791 368 3854 et
384 3783 534 3870 predicte
549 3787 701 3858 Ecclesie
726 3785 914 3858 obedientia
933 3788 1124 3875 juramento
1139 3808 1212 3874 pre·

83 3893 162 3960 stite
177 3891 368 3980 promisisti,
383 3894 623 3964 inviolabiliter
639 3896 815 3965 observare
831 3916 995 3983 procures.
1040 3895 1103 3982 Ita,
1127 3894 1215 3981 quod

85 4020 144 4068 nes
160 4007 291 4097 tuorum
308 4001 526 4072 laudabilium
542 4023 676 4091 operum
692 4003 793 4074 odore
801 4011 965 4093 percepto,
980 4004 1085 4074 multa
1094 4003 1214 4072 exinde

84 4107 210 4192 pertusi
226 4108 344 4195 letitia,
367 4108 480 4179 dulcia
494 4110 600 4197 ipsius
615 4111 765 4182 Ecclesia
780 4113 894 4200 ubera,
922 4131 985 4199 que
1008 4112 1140 4201 copiose
1155 4113 1213 4180 du·

85 4215 161 4286 dum
177 4214 212 4284 in
229 4216 405 4286 multorum
421 4220 654 4289 beneficiorum
670 4222 882 4308 perceptione
907 4221 1046 4308 suxisti,
1072 4221 1132 4289 tibi
1147 4223 1214 4291 tuis

87 4326 294 4410 erigentibus
310 4325 437 4396 meritis
446 4327 662 4398 affectuosius
672 4329 891 4417 porrigamus.
914 4330 1070 4417 Alioquin
1081 4351 1214 4401 venera-

85 4433 206 4502 bilibus
223 4433 381 4504 lratribus
397 4437 520 4505 nostris
538 4486 585 4504 ...
603 4438 815 4508 Olomucsnsl
831 4449 865 4509 et
947 4437 1214 4511 wratislaviensi

86 4537 258 4628 Episcopis
273 4540 398 4610 litteris
414 4543 536 4613 nostris
552 4543 764 4633 iannglmus,
782 4554 818 4617 ut
826 4556 860 4622 te
869 4548 913 4614 ad
922 4548 959 4616 id
967 4568 1026 4635 per
1041 4566 1214 4617 censuram

88 4648 359 4737 eeclesiasticam,
376 4651 604 4736 appellatione
615 4661 749 4742 remota,
764 4654 982 4743 compellant;
998 4676 1064 4723 non
1081 4659 1213 4725 obstan·
