3226 5194
676 322 742 406 509

626 411 793 427 ἡ

138 535 274 586 mansos
290 538 363 586 curn
377 517 586 606 pertinenciis
613 520 799 606 eorundem,
824 518 887 588 sibi
904 519 938 586 in
953 518 1085 587 feudum
1101 523 1133 586 et
1148 518 1183 584 in
1198 537 1269 603 per-

137 631 275 711 petuum
300 627 497 695 contulimus
521 628 618 714 pleno
634 629 705 694 inre
721 636 753 694 ct
772 629 805 694 in
821 627 905 695 filios
928 627 1079 696 filiorum.
1104 627 1147 692 ut
1162 631 1196 692 rt
1211 624 1268 691 hn-

135 733 281 803 iusmodi
302 743 412 804 nostre
428 735 619 803 donacionis
641 721 746 804 series
763 738 861 804 robur
887 737 1033 804 obtineat
1048 741 1205 822 perpetue
1222 733 1270 798 fir·

135 840 274 926 mitatis,
290 849 461 928 presentes
477 850 607 912 nostras
623 844 751 910 litteras
779 843 885 912 eidem
910 842 1104 912 contulimus
1129 841 1269 928 duplicis

137 949 242 1035 sigilli
259 951 364 1018 nostri
391 949 566 1018 munimine
590 953 772 1021 roboratas.
797 955 918 1020 Datum
944 973 1030 1020 anno
1054 950 1097 1018 ab
1112 951 1267 1016 lucarna-

135 1057 233 1127 cione
248 1047 380 1126 Domini
393 1059 565 1127 millesimo
582 1059 805 1128 ducentesimo
824 1059 1094 1147 quinquagesimo
1110 1077 1205 1126 nouo.

136 1254 223 1323 (Goth
237 1259 270 1310 G.
292 1256 370 1321 utin,
394 1259 606 1327 biittheilungeu
626 1259 674 1311 des
696 1260 877 1314 historischen
891 1261 1004 1313 Vereins
1026 1258 1071 1311 itlr
1092 1257 1265 1310 Stetermarlr.

476 1351 508 1403 V.
522 1351 604 1402 illuct.
625 1351 719 1413 Grata,
735 1354 812 1404 1854.
827 1355 889 1403 21⁴.
903 1353 934 1418 l.)

569 1641 837 1650 ...ι-...ιη-

138 2266 158 2329 Ι
165 2267 198 2330 V.
216 2265 345 2331 Scindor
358 2269 447 2351 pctpa
462 2264 641 2347 too'zledil,
661 2265 741 2352 kopp
757 2290 778 2329 a
787 2265 904 2350 jadrae·
919 2289 958 2330 ει.
970 2265 1087 2330 Miletos
1102 2265 1266 2333 seicdadcli

244 2373 448 2460 apcczobnal
463 2397 501 2438 oz
516 2376 608 2438 interni
622 2374 800 2439 tinzteletbcn
815 2374 922 2439 riszdlc
937 2375 1053 2460 ioppen.
1071 2374 1167 2440 1259.

248 2570 438 2636 Alexander
454 2570 636 2656 Episcopus
653 2588 768 2636 seruus
784 2589 951 2638 seruorum
967 2570 1029 2636 Dei
1046 2570 1174 2638 dilectis
1189 2572 1266 2640 filiis

138 2732 172 2748 ..
191 2731 199 2744 .
218 2679 364 2746 llinistro
380 2684 413 2746 et
429 2727 435 2741 .
454 2726 462 2741 .
481 2730 488 2746 .
508 2677 638 2746 Vicario
664 2676 840 2746 Sclavenie
856 2697 896 2744 ac
913 2729 919 2743 .
939 2727 945 2741 .
964 2729 970 2744 .
991 2679 1180 2748 Gnardiano
1207 2680 1264 2748 Or-

137 2788 226 2854 dinis
251 2787 408 2852 Miuorum
435 2784 585 2854 Jadrensi
611 2786 750 2852 salutem
771 2795 804 2852 et
818 2786 1043 2872 Apostolicam
1063 2787 1263 2855 benedictio·

133 2917 222 2964 nem.
248 2894 334 2972 Quia
350 2914 507 2981 personas
523 2893 696 2978 religiosas
712 2914 751 2961 eo
769 2893 883 2961 maiori
907 2894 1061 2979 prosequi
1078 2895 1190 2962 favore
1206 2895 1263 2962 de-

133 3007 262 3088 bemus,
281 3022 345 3090 qno
365 3001 524 3070 devotiori
543 3001 673 3089 placere
688 3000 820 3068 student
830 3002 969 3070 Domino
979 3000 1148 3088 famulatu,
1164 3002 1265 3070 liben-

133 3123 186 3182 ter
196 3112 255 3178 illo
270 3110 334 3178 sibi
349 3116 488 3196 paterna
497 3108 718 3176 sollicitudine
734 3128 955 3195 procuramus,
971 3125 1103 3196 perque
1118 3109 1263 3196 ipsarum

135 3221 254 3304 religio
274 3216 440 3285 laudabile
455 3217 619 3302 suscipere
635 3218 754 3302 valeat,
771 3223 903 3284 auctore
918 3219 1070 3303 Domino,
1087 3218 1264 3286 ineremen-

135 3337 217 3413 tnm,
241 3334 274 3394 et
289 3324 402 3393 eedem
419 3325 600 3392 animarum
616 3326 766 3410 salutem,
790 3347 850 3413 pro
867 3345 932 3412 qua
950 3324 1063 3393 mundi
1084 3329 1263 3397 vanitatem

135 3437 268 3524 penitus
280 3434 488 3519 reliquerunt,
499 3433 634 3501 liberius
644 3441 896 3517 coursequantur.
912 3433 1065 3520 Hincest,
1083 3434 1263 3522 quodcum,

134 3544 222 3612 sicnt
245 3542 364 3610 dilecte
380 3541 414 3607 in
430 3539 561 3610 Christo
587 3541 653 3608 filie
672 3591 680 3609 .
698 3590 706 3607 .
723 3591 731 3607 .
748 3540 928 3609 Abbatissa
943 3549 976 3609 et
992 3541 1177 3611 Conventus
1198 3543 1263 3612 hlo-

134 3651 271 3718 nialinnr
290 3649 488 3716 inclusarum
504 3649 696 3718 Monasterii
713 3651 824 3718 Sancti
834 3649 963 3718 Nicolai
980 3650 1152 3718 ladrcnsis
1168 3651 1263 3719 Ordi-

134 3760 188 3827 nis
204 3758 317 3827 Sancti
333 3758 497 3844 Damiani‚
523 3758 567 3826 ad
582 3763 764 3827 Romanam
779 3759 962 3828 Ecclesiam
987 3759 1076 3826 nullo
1099 3759 1262 3826 mediante

134 3868 339 3955 pertinentis,
356 3873 524 3956 exponunt
533 3887 605 3935 curn
621 3869 813 3954 reverentia,
831 3865 918 3952 quod
934 3867 1098 3954 aliquibus
1109 3867 1263 3934 fratribus

133 3976 237 4046 vestri
254 3974 386 4044 Ordinis
401 3973 580 4060 indigeant,
606 3973 662 4060 qui
678 3976 727 4042 eis
746 3973 868 4041 Divina
893 3973 1002 4040 officia
1028 3973 1205 4060 celebrent,
1231 3982 1264 4041 et

119 4085 315 4154 exhibeant
346 4083 571 4152 ecclesiastica
595 4087 820 4167 sacramenta5
853 4079 1041 4149 discretioni
1064 4087 1172 4147 vestre
1204 4101 1263 4167 per

134 4192 329 4279 Apostolica
353 4191 478 4279 scripta
492 4190 527 4257 in
542 4191 663 4258 virtute
678 4189 863 4257 obedientie
887 4188 1032 4256 districte
1048 4186 1261 4276 precipiendo

135 4302 340 4385 mandamus,
357 4308 518 4386 qnatenus
527 4299 686 4386 predictis
696 4296 873 4365 Abbatisse
883 4296 1105 4364 etOonventui
1123 4303 1262 4380 quatuor

134 4413 176 4481 de
191 4409 348 4478 fratribus
364 4408 465 4476 vestri
482 4407 614 4475 Ordinis
630 4404 784 4493 providos
806 4410 839 4470 et
854 4403 1011 4472 discretos
1028 4411 1136 4470 vestre
1155 4402 1259 4470 admi-

133 4517 336 4587 nistrationis
361 4539 420 4603 pro
437 4516 644 4586 celebrandis
660 4512 790 4580 Divinis
816 4512 932 4580 officiis
949 4518 981 4580 et
1001 4511 1194 4581 exhibendis
1211 4530 1259 4578 ec·

132 4626 328 4696 clesiasticis
352 4624 566 4693 sacramentis
583 4622 708 4708 absque
723 4619 915 4687 difficultate
940 4620 1087 4703 qnalibet
1104 4617 1259 4687 couceda-
