3210 5194
667 873 744 942 lot.

130 1053 152 1118 Ι
156 1054 189 1120 V.
199 1053 282 1123 Belo
296 1053 464 1142 lrirdlyoak
474 1053 655 1142 Koodrszeq
661 1055 768 1142 folde't
782 1060 935 1146 tdrppuzo'
945 1057 1124 1148 adomrtnpa
1136 1056 1263 1142 Miklo'a,

467 1162 642 1248 Obdcbkfia
657 1169 814 1233 cadmea.
831 1165 929 1232 1244.

236 1360 319 1428 Bela
338 1359 405 1428 Dei
420 1359 534 1445 gracia
549 1359 621 1430 Rex
647 1359 882 1448 primogenitus
907 1359 994 1453 (tgy)
1010 1363 1112 1451 Regis
1131 1363 1263 1449 ilunga-

128 1468 175 1537 rie
190 1469 343 1537 omnibus
362 1466 556 1537 Christianis
581 1476 767 1556 presentem
781 1472 938 1558 paginam
954 1471 1149 1560 inspecturis
1174 1472 1260 1540 salu·

126 1583 190 1645 tem
206 1576 394 1647 inDomino
404 1577 645 1664 sempiternam.
662 1576 786 1646 cvmin
796 1579 1002 1648 multitudine
1019 1579 1161 1649 fidelium
1172 1581 1259 1649 nitor

128 1685 258 1752 Corone
273 1685 378 1770 Regie
395 1684 562 1772 consistat,
587 1681 685 1754 debet
700 1683 926 1756 consideratio
947 1693 1062 1755 nostra
1076 1708 1115 1758 eo
1131 1693 1261 1773 gratam

126 1793 198 1861 cius
214 1792 472 1878 obsequencinm
495 1793 621 1860 meritis
645 1791 855 1882 respondero,
879 1815 943 1880 qno
959 1801 1087 1863 constat
1101 1800 1134 1862 et
1149 1813 1261 1863 eornm

125 1899 321 1970 fidelitatem
339 1901 445 1986 magis
460 1899 606 1988 accendi,
630 1909 664 1968 et
678 1903 769 1991 ipsos
785 1901 958 1972 ardencius
977 1903 1186 1991 multiplicari
1201 1923 1261 1990 per

127 2008 360 2078 munificencia
374 2009 479 2096 Regia
496 2009 583 2097 (igy)
598 2010 795 2095 largitatem.
821 2011 963 2080 Proinde
977 2009 1021 2078 ad
1038 2011 1261 2080 uniuersorum

126 2125 195 2187 tam
212 2120 421 2209 presencium
436 2141 533 2207 qnam
558 2121 738 2191 futurorum
753 2121 908 2190 noticiam
934 2122 1050 2189 harum
1069 2121 1155 2190 serie
1171 2123 1261 2191 uoln-

127 2249 199 2297 mns
215 2228 400 2316 peruenire,
426 2228 514 2314 qnod
530 2249 589 2299 nos
605 2230 790 2299 salubribus
806 2231 938 2300 monitis
958 2231 1098 2318 inuitati,
1115 2228 1262 2300 conside-

126 2336 275 2406 ranimns
301 2338 496 2426 multiplicia
520 2337 662 2408 seruicia
686 2337 798 2406 dilecti
823 2344 856 2406 et
871 2338 977 2409 tidelis
1003 2338 1107 2408 nostri
1130 2339 1261 2408 Nicolai

7 2497 8 2500 ,
126 2445 187 2530 iilij
215 2445 348 2513 Obichls
374 2446 416 2514 dc
441 2444 547 2534 Zynd,
573 2465 637 2531 qne
662 2444 756 2513 nobis
780 2465 819 2514 eo
844 2453 991 2534 tempore
1014 2446 1173 2536 inpendit,
1198 2468 1263 2533 qno

131 2551 318 2622 aduersitas
327 2553 540 2622 Tartarornm
555 2555 704 2640 Regnum
717 2559 863 2622 nostrum
877 2555 1056 2642 inuaserat,
1074 2561 1108 2624 et
1116 2575 1176 2624 nos
1192 2576 1263 2644 pre-

8 2699 9 2712 ,
131 2660 218 2729 sidio
245 2659 323 2748 fuge
349 2661 393 2730 ad
410 2669 521 2750 partes
547 2663 730 2732 maritimas
756 2663 1033 2751 proficisceremur
1058 2671 1136 2732 ants
1159 2665 1261 2751 ipsos,

129 2789 310 2854 omnesque
319 2771 467 2840 Berones
478 2791 517 2840 ac
533 2773 626 2840 multi
642 2773 769 2843 nobiles
784 2775 890 2860 Regni
909 2775 1011 2842 nostri
1021 2772 1261 2858 deseruissent,

128 2884 205 2946 tunc
221 2874 313 2946 idem
323 2879 482 2948 Nicolans
498 2899 558 2948 nos
574 2882 761 2950 nullatcnus
778 2880 962 2968 dereliquit,
986 2882 1044 2950 sed
1059 2881 1172 2971 pocius
1189 2901 1262 2949 cum

130 2987 218 3053 omni
234 2985 364 3054 familia
390 2987 504 3058 domus
521 3008 580 3058 sne
595 3009 699 3078 usqne
723 2988 767 3058 ad
782 2988 908 3058 insulas
924 2989 1105 3058 maritimas
1124 2987 1186 3056 init
1201 3009 1262 3054 nos

130 3103 272 3180 secutus,
297 3094 431 3164 tandem
447 3095 489 3165 de
504 3099 665 3185 Tragurio
683 3098 726 3165 ad
741 3097 874 3166 Curiam
889 3101 1070 3166 Romanam
1085 3098 1263 3186 permulta

129 3205 280 3292 pericula
294 3205 435 3274 marium
451 3213 483 3273 et
498 3215 668 3296 terrarum,
694 3229 792 3298 snper
806 3209 1012 3296 impetranda
1029 3207 1262 3296 procuracionc

130 3311 378 3380 venerabilibus
403 3314 562 3404 patribus,
589 3316 646 3402 qni
670 3315 714 3384 ad
739 3314 969 3401 gnbemandas
996 3315 1262 3402 strigoniensem,

132 3420 358 3508 Oolocensem,
375 3419 591 3492 (lentiensem
600 3423 780 3506 Ecclesias,
795 3444 907 3494 eorum
923 3423 1185 3494 antecessoribus
1204 3443 1264 3511 per

130 3528 282 3615 lugubris
310 3531 464 3600 memorie
478 3532 636 3600 Tartaros
651 3533 863 3622 interemptis,
890 3534 1019 3602 fuerant
1034 3533 1203 3624 postulati,
1228 3533 1263 3599 in

133 3646 250 3708 nostra
259 3640 432 3726 legacione
444 3639 571 3709 ardenti
586 3638 696 3710 studio
713 3649 764 3710 est
773 3642 949 3730 proiectus.
971 3645 1082 3728 In‘quo
1097 3641 1263 3710 factotum

133 3749 314 3817 eminenter
328 3747 424 3818 nobis
441 3757 474 3819 et
483 3750 597 3835 Regno
613 3759 723 3819 nostro
734 3751 809 3839 ipsa
818 3748 904 3818 Sede
908 3751 1107 3839 Apostolica
1125 3757 1263 3820 uacante

131 3855 282 3942 serninit,
310 3856 400 3942 qnod
415 3856 459 3924 ad
475 3855 672 3926 releuandos
697 3866 771 3945 post
786 3863 912 3925 tautrm
937 3877 1048 3924 casnm
1064 3865 1132 3924 tam
1148 3857 1263 3942 princi·

129 3965 224 4052 pales
241 3965 348 4051 Regni
371 3965 473 4034 nostri
500 3967 693 4054 columpnas
718 3987 755 4035 se
780 3965 876 4035 nobis
901 3965 1048 4033 exhibuit
1074 3964 1262 4032 nirtnosnnr.

130 4074 213 4142 Item
230 4081 396 4162 cumpost
419 4094 584 4144 recessum
599 4076 811 4146 'l'artarorum
833 4074 878 4141 ad
894 4073 1027 4143 easdem
1042 4082 1153 4160 partes
1171 4074 1265 4141 mari·

130 4183 230 4252 timas
247 4203 460 4270 uergeremns
475 4183 680 4272 secundario,
707 4192 740 4254 et
754 4205 853 4273 snper
868 4184 955 4253 lacto
972 4185 992 4252 J
995 4181 1086 4252 adr-ie
1104 4182 1263 4251 internos

132 4299 166 4359 et
180 4293 327 4360 Uenetos
343 4302 431 4362 esset
446 4293 612 4363 discordia
626 4295 803 4382 suscitata;
825 4296 898 4383 ipsc
912 4292 1020 4360 fidelis
1035 4291 1191 4358 Nicolans
1207 4311 1263 4358 no-

130 4399 182 4470 bis
199 4400 403 4471 mittentibus
412 4404 573 4474 Venccias
589 4405 760 4491 accedens,
777 4404 904 4472 litteras
920 4399 1169 4488 conposicionis,
1194 4405 1263 4466 tam

133 4528 173 4576 ex
188 4516 285 4598 parte
295 4516 408 4580 nostra
424 4512 468 4579 ad
484 4513 575 4602 ipsos
585 4516 739 4600 Uenetos,
757 4535 854 4602 quam
865 4512 969 4580 eciam
985 4527 1181 4594 econuerso‚
1200 4527 1265 4576 non

133 4617 201 4686 sine
218 4639 346 4705 magna
370 4619 586 4706 prouidentia
608 4623 763 4711 condidit,
788 4623 854 4689 illis
874 4639 952 4688 snas
968 4627 1000 4687 et
1016 4614 1111 4685 nobis
1134 4623 1265 4684 nostras

1046 4735 1106 4794 ιι*
