3186 5188
843 319 1001 422 Q

355 512 531 600 plicarunt‚
548 523 583 583 ut
600 515 722 582 dictam
732 523 851 586 terram
867 518 991 586 eisdem
1001 517 1170 586 restituere
1179 516 1404 602 dignaremur.
1429 513 1521 582 Nos

355 644 445 713 ergo,
468 623 525 707 qui
541 643 582 690 ex
597 627 739 712 suscepti
754 627 924 712 regiminis
939 626 1046 695 officio
1064 627 1137 693 iura
1153 626 1379 694 uniuersorum
1403 631 1521 690 tene·

356 756 426 802 mur
443 733 637 820 confouere;
656 733 909 822 considerantes,
926 736 1014 820 quod
1029 755 1087 822 per
1103 736 1318 803 instrumenta
1326 731 1520 816 Demetrij

358 841 493 911 Comitis
510 841 551 909 de
567 860 687 926 genere
703 841 777 909 Aba
792 850 825 910 et
840 841 984 930 Capituli
1000 840 1233 926 Zagrabiensis
1249 841 1343 909 nobis
1359 839 1519 927 plenius

360 951 514 1035 constitit,
532 951 623 1038 ipsos
639 950 682 1018 ab
698 951 831 1036 antiquo
848 951 970 1020 dictam
989 957 1106 1019 terram
1123 950 1329 1040 possedisse;
1345 950 1518 1018 maxime

361 1063 480 1144 autern,
506 1056 594 1142 qnod
610 1076 683 1124 eum
699 1056 744 1124 ad
759 1056 916 1126 maiorem
932 1060 1094 1126 cautelam
1119 1056 1322 1126 dedissemus
1346 1056 1383 1124 in
1400 1075 1516 1124 man-

358 1162 448 1232 datis
465 1163 587 1234 dilecto
603 1173 636 1233 et
652 1165 743 1234 fideli
756 1174 867 1235 nostro
877 1169 967 1253 Ecoy
978 1165 1096 1234 Oomiti
1112 1163 1515 1250 deworostinquiaicio-

361 1293 436 1341 nem
451 1293 549 1360 super
564 1273 638 1362 ipsa
662 1280 751 1343 terra
764 1274 958 1362 faciendam,
986 1275 1115 1344 rediens
1131 1276 1218 1344 idern
1242 1274 1288 1342 ad
1302 1294 1363 1343 nos
1377 1276 1515 1343 retulit

360 1382 438 1449 uiua
454 1402 544 1468 uoce,
562 1384 649 1469 qnod
665 1403 767 1468 usque
783 1384 827 1453 ad
842 1392 981 1471 tempus,
1005 1404 1068 1470 quo
1085 1384 1190 1452 dictus
1205 1384 1347 1452 llichael
1371 1384 1514 1452 Comes

360 1491 433 1558 sine
448 1491 527 1558 iuria
554 1491 668 1560 ordine
694 1492 802 1577 ipsam
827 1498 947 1560 terram
963 1493 1006 1560 ab
1033 1493 1080 1559 eis
1097 1492 1286 1578 abstulerat,
1309 1491 1402 1560 facta
1418 1491 1512 1558 dili-

360 1601 453 1685 genti
468 1601 682 1683 inquisicione
698 1601 898 1668 constitisset
923 1601 996 1684 sibi,
1020 1599 1054 1666 in
1079 1607 1178 1668 antea
1202 1620 1330 1687 semper
1353 1599 1511 1688 pacifice

358 1706 550 1794 possedisse
567 1729 622 1776 eoa
640 1716 672 1776 et
687 1710 806 1792 quiete.
831 1708 925 1776 Vnde
940 1714 987 1776 tot
1004 1713 1036 1774 et
1054 1708 1175 1776 talibus
1191 1707 1437 1776 assensionibus
1460 1727 1508 1774 ac

357 1816 512 1901 praeibas
529 1836 639 1885 eorum
654 1817 812 1900 inclinati,
841 1816 916 1884 licet
940 1817 1033 1883 illam
1062 1823 1180 1884 terram
1200 1817 1391 1884 sciuerimus
1419 1835 1507 1884 esse

357 1922 465 1991 Casiri
482 1924 670 2010 memorati;
697 1930 806 1991 tamen
825 1925 905 2008 quia
931 1924 1120 1992 constiterat
1134 1925 1238 2010 nobis,
1263 1932 1331 1992 tarn
1347 1925 1392 1991 ab
1410 1925 1505 1992 anti·

359 2052 423 2116 quo
441 2051 497 2101 eos
513 2031 710 2118 possedisse,
739 2041 771 2100 et
785 2033 819 2099 in
842 2039 959 2100 neutra
975 2032 1123 2117 generali
1145 2032 1359 2102 reuocacione
1375 2051 1501 2119 perpe-

358 2139 511 2206 tuitatum
529 2140 579 2207 ius
599 2139 787 2227 possidendi
808 2141 967 2227 amisisse,
993 2149 1112 2209 terram
1137 2141 1202 2210 iam
1218 2139 1338 2209 dictam
1364 2140 1500 2208 eisdem

359 2245 525 2332 Stephano
543 2253 575 2313 et
591 2248 735 2316 lohanni
753 2247 902 2317 duximus
913 2248 1156 2335 restituendam,
1170 2253 1284 2316 uttam
1298 2248 1373 2336 ipsi,
1390 2268 1501 2332 qnam

358 2352 495 2421 heredes
512 2375 624 2424 eorum
643 2354 843 2424 heredumue
867 2377 1072 2425 successores
1098 2377 1157 2444 per
1172 2356 1304 2424 eosdem
1328 2365 1499 2444 perpetuo

358 2464 428 2529 iure
445 2462 588 2530 debeant
604 2463 781 2550 possidere.
805 2466 843 2530 ln
861 2464 953 2531 cuius
969 2469 1055 2531 terre
1080 2464 1322 2550 possessionem
1339 2483 1497 2551 corpora-

360 2574 425 2639 lem
448 2591 506 2657 per
531 2570 661 2638 fidelem
688 2579 831 2639 nostrum
855 2570 961 2640 Balad
986 2572 1087 2638 filium
1113 2572 1244 2639 Martini
1271 2569 1409 2639 Comitis
1435 2591 1497 2638 eos

361 2679 497 2747 lecimus
513 2678 685 2747 introduci.
701 2681 744 2746 Vt
759 2688 870 2748 autem
886 2679 946 2748 heo
962 2700 1021 2768 per
1036 2701 1095 2749 nos
1115 2681 1202 2747 facta
1217 2679 1383 2749 restitucio
1393 2679 1498 2747 robur

359 2794 515 2876 perpetue
532 2788 694 2856 firmitatis
710 2789 864 2874 obtineat,
888 2808 949 2857 nec
964 2789 1040 2856 ullis
1056 2809 1199 2874 unquam
1214 2789 1415 2874 temporibus
1432 2807 1496 2874 per

360 2898 549 2985 quempiam
564 2897 598 2964 in
614 2896 739 2964 irritum
757 2897 868 2963 ualent
883 2898 1063 2982 retractari,
1079 2904 1246 2984 presentes
1262 2898 1311 2964 eis
1329 2895 1495 2963 concessi-

360 3027 431 3075 mus
446 3007 571 3074 litteras
588 3005 725 3093 duplicis
742 3005 845 3073 nostri
861 3004 965 3088 sigilli
974 3005 1151 3072 munimine
1166 3006 1349 3073 roboratas.
1366 3005 1493 3070 Datum

360 3135 445 3184 anno
471 3114 601 3181 Domini
627 3113 797 3181 millesimo
823 3112 1047 3181 ducentesimo
1075 3113 1326 3198 quadragesimo
1359 3116 1492 3195 octauo,

359 3223 464 3308 Regni
479 3229 587 3292 autem
603 3221 705 3289 nostri
721 3241 807 3288 anno
826 3222 926 3289 tercio
942 3222 1079 3290 deeimo.

360 3420 498 3488 (Eredetlo
510 3418 676 3487 bdrhdrtyan
689 3421 963 3487 barna-medgysainil
983 3422 1067 3488 sdggd
1080 3419 1173 3488 pecsdt
1195 3419 1271 3480 alatt,
1293 3434 1311 3470 a
1323 3416 1429 3470 idmdlt.
1444 3418 1490 3483 lig.

611 3503 759 3574 Batthydni
771 3505 864 3560 osaias
876 3509 1016 3562 librmandi
1029 3505 1234 3574 laveltlrtban.)

798 3823 1047 3835 a———n—n-a
