3226 5194
668 807 746 876 381.

146 987 180 1058 A
198 989 286 1053 cdczr'
301 987 513 1074 Irrr'ptalannulr
538 989 806 1074 br'zorrysa'yleucle,
823 985 903 1070 bopy
921 1004 942 1048 u
959 984 1075 1049 Zolrrok
1097 988 1275 1068 nemzetse'q·

242 1095 296 1158 nclr
313 1097 379 1160 to'bb
396 1095 481 1180 tupju
500 1097 612 1181 Bupon
630 1095 831 1160 birtoimlrbua
850 1091 1061 1158 osztozlrodoti.
1089 1091 1185 1154 1260.

359 1252 1065 1322 ABODEF

259 1413 415 1480 Omnibus
436 1412 553 1480 Christi
574 1413 722 1480 fidelibus
745 1421 811 1480 tam
833 1411 1034 1497 presentibus
1052 1427 1148 1494 quarn
1168 1414 1275 1494 poste·

147 1522 196 1588 ris
222 1522 423 1608 presencium
450 1522 617 1606 (noticiam
642 1520 815 1606 habituris)
842 1518 962 1585 humile
983 1539 1021 1586 ac
1046 1517 1196 1583 deuotum
1213 1517 1275 1580 Va-

148 1629 269 1696 cieusis
289 1628 640 1716 Ecclesic'Capituium
658 1628 825 1697 oraciones
842 1627 874 1693 in
891 1626 1039 1693 Domino.
1064 1621 1274 1691 Vniuersitati

148 1745 259 1804 uentre
275 1747 385 1805 tenore
402 1739 603 1824 presencium
620 1736 770 1804 duximus
787 1732 1027 1817 declarandum,
1052 1732 1140 1815 quod
1159 1729 1273 1798 Comes

147 1846 323 1912 Pazuanus
344 1850 375 1911 et
393 1845 530 1912 Zouuok
548 1845 588 1911 de
605 1865 723 1932 genere
740 1843 875 1912 Zounuk
894 1841 933 1908 ‹le
951 1841 1030 1907 villa
1045 1841 1179 1924 Bag0n3
1197 1837 1273 1904 item

149 1952 275 2034 Tunev,
294 1947 440 2034 Gothori,
458 1949 584 2020 Saudor
601 1957 633 2018 et
648 1953 776 2032 Pousa3
798 1950 875 2016 item
892 1947 1013 2014 Paulus
1030 1943 1114 2011 tilius
1131 1943 1218 2010 Gora
1234 1943 1274 2010 de

149 2056 266 2122 eodem
282 2078 401 2142 genere
416 2059 553 2126 Zounuk
572 2058 612 2124 de
629 2059 743 2125 eadem
760 2058 840 2124 villa
855 2057 968 2141 Bagou
985 2057 1017 2120 in
1035 2061 1145 2121 nostra
1160 2051 1275 2118 consti·

148 2163 212 2228 tuti
227 2167 394 2248 presencia
411 2168 487 2232 uiua
501 2186 579 2232 occe
590 2173 664 2232 sunt
683 2165 865 2251 protestati,
878 2162 964 2248 quod
980 2169 1097 2229 terram
1115 2161 1195 2227 ville
1214 2162 1274 2227 Ba-

150 2289 310 2357 gou3que
322 2271 451 2339 eosdem
463 2271 741 2358 jurehereditario
753 2271 920 2356 contingit,
938 2269 1056 2336 adires
1072 2275 1182 2355 partes
1193 2265 1274 2333 diui-

151 2379 274 2444 sissent
286 2380 346 2445 hoo
356 2377 462 2465 modo,
479 2386 512 2445 vt
523 2379 627 2446 dictus
638 2379 810 2446 Paznauus
821 2378 937 2446 Comes
948 2376 1126 2445 thounuk
1138 2373 1273 2441 terciam

150 2489 276 2569 partem
297 2485 477 2552 illiusterre
488 2487 641 2553 retineret
657 2493 802 2573 exparte
816 2487 893 2552 ville
910 2487 1086 2569 Deugenec
1097 2503 1154 2569 per
1172 2487 1273 2549 totum

151 2592 408 2676 conterminium,
425 2599 458 2659 et
473 2609 515 2658 ex
531 2599 625 2680 purte
641 2593 719 2659 ville
739 2593 846 2676 Sirak,
867 2598 899 2658 et
915 2613 956 2659 ex
969 2596 1061 2677 parte
1076 2590 1156 2657 ville
1170 2590 1275 2656 Henel

151 2717 256 2781 usque
267 2699 309 2764 ad
319 2698 451 2766 fluuium
463 2699 579 2785 Fizeg5
596 2701 740 2768 secunda
750 2720 827 2767 uero
837 2718 914 2784 pars
924 2699 1065 2785 pertinet
1074 2696 1177 2762 Paulo
1187 2696 1274 2762 ultra

152 2806 287 2872 fluuium
297 2805 397 2890 Fizeg
408 2807 507 2890 Juxta
521 2807 676 2874 terminos
692 2807 836 2874 eiusdem
851 2804 929 2873 ville
944 2805 1059 2886 Heuel,
1075 2807 1109 2869 et
1124 2821 1165 2867 ex
1180 2808 1275 2888 parte

150 2912 230 2978 ville
241 2911 367 2978 Obetke
383 2912 584 2995 aliquantum
600 2913 706 2982 cundo
722 2915 815 2980 iuxta
829 2918 932 2980 metas
947 2912 1026 2978 ville
1042 2907 1156 2994 Gede;
1172 2906 1274 2974 torcia

151 3041 230 3086 uero
245 3039 323 3107 pars
339 3022 437 3087 cessit
450 3023 607 3108 Tuneuni,
626 3019 793 3090 Gotbardo
809 3023 967 3106 etPouse,
985 3037 1120 3104 quorum
1136 3034 1273 3084 comme·

149 3125 241 3194 tanei
266 3133 341 3193 sunt
359 3127 473 3193 villani
498 3128 540 3194 de
566 3127 666 3211 cene,
692 3128 953 3212 Mieudhotuono,
980 3125 1273 3194 Oukenusbotuouo

151 3255 193 3302 ex
209 3239 344 3317 unaque
360 3241 453 3319 parte
479 3232 569 3318 fluuij
587 3233 812 3319 prenominati,
827 3233 1014 3321 porcionem
1031 3239 1117 3299 terre
1135 3230 1273 3318 predicti

152 3341 287 3409 Comitis
304 3341 449 3408 Pazuani
473 3347 505 3407 et
520 3341 654 3409 Zounuk
682 3349 814 3428 separat
829 3363 850 3409 a
873 3343 967 3410 terris
982 3341 1078 3409 Pauli
1097 3339 1272 3422 'l'uueuuis

151 3453 184 3515 et
200 3467 329 3515 suorum
342 3455 552 3532 cognatorum
563 3449 664 3536 Fizeg
674 3459 750 3518 ante
760 3449 936 3517 nominata.
953 3453 1002 3517 De
1012 3468 1145 3517 nemore
1155 3451 1273 3530 autem,

150 3555 239 3640 quod
265 3555 393 3622 adiacet
406 3558 501 3641 juxta
516 3555 649 3624 fluuium
668 3557 876 3641 antedictum,
902 3559 1000 3626 talem
1026 3556 1170 3624 iecerunt
1194 3554 1275 3621 diui-

151 3662 275 3729 sionem
292 3663 377 3729 inter
400 3669 513 3749 partes
531 3663 725 3747 diuidentes,
751 3665 837 3751 quod
855 3667 1001 3753 superior
1026 3685 1102 3750 pars
1120 3684 1161 3730 ex
1181 3671 1273 3747 parte

150 3770 286 3837 orientis
311 3791 413 3854 usque
439 3773 481 3837 ad
508 3772 657 3839 arborem
684 3775 747 3859 piri
771 3777 894 3858 magni,
920 3773 954 3839 in
979 3793 1044 3857 qua
1071 3776 1121 3837 est
1145 3768 1272 3854 signum

149 3879 267 3963 crucis,
293 3879 391 3946 cessit
407 3881 439 3945 in
467 3889 593 3967 partem
620 3882 756 3949 Comitis
781 3881 924 3948 Paznani
949 3885 981 3946 et
1000 3877 1147 3960 Zounuk,
1171 3877 1275 3943 altera

149 4007 228 4053 uero
252 4007 330 4072 pars
357 3990 443 4054 ultra
470 3988 607 4054 eundem
634 3989 767 4055 fluuium
794 4010 834 4054 cx
859 3994 951 4073 parto
972 3985 1151 4053 occidentis
1176 3981 1275 4051 cessit

149 4095 300 4160 Tuneuni
317 4101 349 4160 et
375 4095 524 4178 cognatis
541 4097 617 4179 suis,
644 4095 785 4162 tenendo
805 4102 931 4161 tantum
949 4095 1095 4182 spacium
1121 4093 1154 4159 iu
1170 4091 1274 4177 longi-

149 4199 273 4289 tudine,
301 4209 457 4286 quantum
475 4203 590 4270 Comes
607 4207 779 4269 l‘aznauus
805 4209 837 4270 et
862 4203 1017 4287 Zounutr,
1043 4204 1176 4270 terciam
1196 4221 1273 4267 uero

148 4315 274 4396 partem
301 4311 436 4376 inferius
454 4331 493 4376 ex
510 4316 647 4395 utraque
672 4315 764 4398 parte
781 4309 871 4395 fluuij
896 4311 1020 4397 optinet
1035 4310 1156 4376 Paulus
1184 4317 1272 4374 ante-

150 4417 266 4483 dictus.
294 4417 449 4484 Fouetum
467 4436 543 4485 uero
561 4438 600 4485 ex
616 4425 754 4501 utraque
770 4423 864 4504 parte
880 4417 970 4502 fluuij
988 4415 1142 4482 adiacens
1158 4415 1192 4482 in
1208 4421 1273 4482 tres

153 4523 359 4610 portesinter
376 4533 485 4611 partes
496 4523 684 4593 diuiserunt.
701 4523 847 4590 Ecclesia
863 4545 941 4590 uero
958 4524 1061 4612 ipsius
1072 4522 1149 4588 ville
1159 4523 1272 4607 Bagou
