3186 5188
579 219 735 334 „pr-

86 422 580 514 possessionibussuggestione
588 424 677 493 ialsa
685 425 738 492 rei
747 424 850 492 tacita
861 425 1010 511 veritate,
1018 423 1149 511 aliquod
1159 424 1223 509 pri·

3 579 5 594 .
86 535 245 620 nilegium
261 533 445 620 aliqnando
471 533 705 621 impetrauerit,
726 531 889 600 nollumus
905 538 1019 602 contra
1034 534 1116 600 haee
1132 533 1219 600 uires

3 615 5 710 ἶ
83 643 215 728 aliquas
233 641 393 710 obtinere.
421 641 464 708 vt
487 639 586 727 igitur
611 640 722 708 omnia
733 639 916 728 praemissa
931 641 1030 709 robur
1044 647 1221 729 perpetuae

3 749 4 756 ’
86 749 253 818 firmitatis
274 748 458 834 obsineant‚
486 768 546 816 nec
570 749 698 836 possint
721 767 780 836 per
801 767 996 833 quemquam
1011 749 1222 836 imposterum

90 857 264 926 retractari
280 877 340 926 sen
354 857 390 924 in
405 856 540 926 dubium
565 855 724 942 reuocari,
741 855 907 942 praesenti
922 855 1097 944 priuilegio
1117 878 1155 926 ac
1172 877 1222 926 ca·

87 974 214 1034 ractere
232 985 355 1036 cumae
381 966 491 1035 bullae
507 971 639 1034 nostrae
655 986 698 1034 ea
719 964 854 1034 fecimus
874 964 1074 1034 communiri.
1101 967 1222 1034 Datum

81 1095 140 1162 per
169 1095 289 1143 manus
315 1074 466 1160 Magistri
484 1073 653 1143 Benedicti
679 1073 862 1161 Praepositi
878 1072 1030 1142 Albensis
1052 1075 1150 1142 aulae
1165 1095 1221 1142 no-

3 1217 4 1222 =
85 1189 175 1250 strae
200 1181 402 1268 Cancellarij
426 1189 459 1250 et
483 1181 588 1250 Elocti
611 1181 645 1249 in
661 1181 952 1270 Arcbiepiscopum
978 1181 1222 1270 Collocensem3

3 1323 4 1328 ,
81 1291 300 1360 existentibus
323 1291 557 1361 Bartholomeo
582 1288 956 1378 QuinqueeocIesiurnm,
973 1289 1139 1377 Stephano
1162 1291 1221 1358 Za·

3 1401 5 1468 i
83 1400 272 1486 grabiense,
293 1401 361 1468 alio
377 1399 543 1488 Stephano
559 1397 722 1468 Vaciense
736 1398 928 1487 Episcopis5
946 1397 1092 1466 Arnsldo
1108 1397 1218 1465 Palla-

3 1503 5 1590 ζ
83 1509 163 1593 bno,
189 1512 224 1575 et
250 1504 377 1576 Oomite
403 1506 630 1594 aymiricum,
656 1506 805 1576 Dionisio
829 1507 946 1575 Banno
970 1505 1166 1575 Scicuoniae
1190 1509 1223 1571 et

3 1635 4 1670 t
83 1616 338 1702 maritimarum,
363 1615 493 1684 Matheo
509 1616 668 1702 Magistro
683 1615 939 1684 Tauamioorum
964 1621 997 1682 et
1022 1613 1148 1682 (inmite
1163 1613 1221 1680 Ni·

3 1751 4 1760 *
83 1725 223 1810 iriense,
239 1723 410 1810 Vyilarmo
420 1725 621 1812 Agasonnm,
638 1722 797 1793 Roiiando
813 1722 1053 1810 Dapisercrum,
1068 1721 1219 1789 Mauritio

81 1830 318 1900 Pincernarum
327 1832 626 1919 Magistrisinaula
634 1831 928 1920 nostra,Demetrio
939 1830 1066 1902 Gemite
1075 1831 1218 1898 biusnni-

3 1971 5 2040 4
82 1961 172 2027 ense,
189 1947 223 2009 ct
239 1942 360 2011 ceteris
376 1961 475 2027 quam
490 1941 641 2030 pluribus
651 1941 863 2028 Magistratus
874 1949 906 2010 et
918 1940 1098 2010 Comitatus
1113 1937 1220 2024 Regni

81 2049 187 2116 nocui
205 2048 392 2117 tenentibus
408 2069 467 2117 sno
482 2048 590 2119 modo.
605 2048 700 2117 Anno
716 2050 759 2118 ab
770 2047 996 2116 incarnatione
1012 2049 1057 2116 Μο
1067 2045 1134 2114 00⁰
1144 2067 1219 2132 qua·

3 2175 4 2178 ’
82 2155 273 2240 dragesimo
290 2156 413 2243 quinto,
430 2155 555 2226 decimo
572 2157 764 2228 challondss
776 2157 901 2243 Aprilis
918 2157 1022 2242 Regni
1038 2163 1147 2224 antem
1163 2175 1216 2224 no-

3 2299 4 2308 2
82 2265 143 2332 stri
159 2283 247 2333 anno
263 2265 352 2353 septi
360 2285 422 2334 mc.

83 2461 119 2527 (Δ
133 2463 275 2516 velenczoi
287 2461 466 2532 bitatbrsastg
479 2464 572 2536 ‚Libri
585 2464 619 2517 do
632 2463 864 2519 Commemorisli“
877 2463 964 2518 czimti
978 2463 1224 2532 tliamkbuyueibb'l

516 2556 551 2606 11.
565 2554 621 2606 unt.
635 2557 696 2606 sac.
709 2556 753 2607 os.
768 2554 810 2624 li.)

536 2838 791 2852 m

630 3285 706 3356 125.

90 3467 151 3534 117.
166 3469 250 3536 Bata
265 3465 432 3553 kircilpcnk
456 3467 541 3535 Bilta
548 3465 668 3554 fcldje't
691 3469 841 3554 tdrpyazo
865 3465 1043 3556 udmndnya
1069 3465 1166 3536 Potor
1181 3493 1227 3537 co·

490 3597 550 3640 enea
565 3576 720 3641 ammona.
736 3574 834 3640 1245.

199 3771 284 3838 Bela
297 3771 362 3856 Dei
378 3770 492 3856 gracia
507 3771 687 3857 Hungarie,
708 3769 890 3860 Dalmacie,
907 3772 1096 3863 Oboroacie‚
1112 3776 1225 3858 Reme,

89 3879 217 3964 Seruic,
236 3877 389 3963 (tellicio,
406 3878 610 3965 Lodomerie,
630 3876 926 3966 Cumanieqneliex
934 3881 1096 3950 uniuersis
1106 3881 1227 3950 Christi

3 4009 4 4020 ³
90 3987 246 4054 fidelibus
271 3987 478 4074 presencium
502 3986 653 4055 noticiam
681 3987 840 4054 habituris
864 3988 1003 4056 salutem
1028 3989 1061 4055 in
1086 4008 1143 4073 eo,
1169 3986 1226 4072 qui

3 4079 4 4094 ¹
89 4096 238 4179 Regibus
255 4095 314 4164 dat
328 4097 476 4164 salntem.
502 4095 608 4182 Regia
624 4095 821 4182 benignitas,
840 4114 903 4180 que
918 4097 1105 4182 frequenter
1122 4103 1227 4163 extra-

3 4221 4 4250 ³
91 4203 164 4270 neis
179 4201 354 4287 benefacit,
372 4203 728 4289 sanctemonialibus,
747 4222 924 4289 eorumque
942 4203 1146 4289 gratantibus
1163 4223 1226 4270 ser·

3 4329 4 4372 i
90 4310 190 4396 nicijs
215 4310 389 4395 benignius
413 4313 581 4400 porrigere
606 4310 828 4380 munificencia
854 4330 912 4379 sue
936 4329 1070 4396 manus,
1105 4317 1140 4377 ut
1166 4309 1223 4394 alij

3 4405 4 4458 i
91 4419 245 4506 exemplo
269 4416 347 4486 inde
371 4426 500 4507 sumpto
516 4419 560 4487 ad
575 4418 742 4488 offerenda
766 4418 911 4505 Principi
927 4417 1094 4486 fidelitatis
1111 4425 1143 4486 et
1159 4438 1222 4485 ser·

90 4525 251 4595 uiciornm
277 4546 412 4596 munera
427 4527 609 4596 icruencius
634 4529 819 4597 inuitentur.
846 4525 987 4593 Proinde
1001 4524 1044 4590 ad
1060 4526 1225 4594 uniuerso·
