3252 5198
680 315 724 380 55

139 505 193 570 stri
208 507 387 575 munimine
404 508 563 576 iussimus
578 511 736 578 roborari,
762 513 883 579 Datum
904 535 989 583 anno
1006 518 1117 601 gracie
1136 518 1266 585 millesi-

138 634 185 680 mo
209 613 432 683 ducentesimo
459 619 624 686 tricesimo
650 625 776 704 octauo,
808 627 901 688 sexto
928 623 1090 691 kalendas
1117 625 1268 694 lanuaril

135 722 233 806 Regni
250 729 361 791 autem
377 725 486 792 nostri
503 746 589 794 anno
605 727 716 795 tercio.

134 916 263 980 (Erodetie
282 919 471 989 bb'rbrirtydm
495 925 605 990 melyrb'l
625 943 642 978 a
661 925 754 993 peccet
772 929 909 992 elvennett,
932 945 949 980 a
966 930 1049 983 budai
1069 931 1120 982 kir.
1140 932 1264 983 kamarai

606 1014 795 1084 levblttrban.)

564 1268 831 1282 -fl——uu-——n

669 1751 724 1819 36.

129 1927 182 1992 ΙΧ.
209 1928 352 2015 Gerqely
374 1934 468 2017 pdpu
493 1957 513 1995 o
538 1934 798 2017 propper-omuga·
821 1933 1036 2020 siipopolcnak
1060 1933 1257 2020 mcqboppju,

127 2035 203 2121 bqpy
219 2038 384 2120 uzolrouk,
409 2037 465 2101 kik
479 2060 500 2100 c
516 2039 636 2126 kirclyr
652 2063 673 2103 a
690 2039 840 2124 bolqdrolc
865 2040 958 2105 ellani
974 2039 1155 2105 bdbcruibau
1178 2041 1257 2106 leme-

428 2145 490 2229 rik,
508 2147 618 2211 bacadt
633 2149 841 2214 birdeaacnalc.
859 2150 956 2216 1238.

232 2345 419 2429 Gregorius
430 2345 614 2431 Episcopus
624 2364 738 2413 seruus
758 2366 925 2414 seruorum
935 2347 997 2414 Dei
1013 2348 1256 2416 venerabilibus

123 2451 284 2518 iratribus
302 2502 350 2518 ...
368 2453 643 2540 Archiepiseopis‚
661 2455 845 2542 Episcopir,
861 2463 894 2522 et
909 2453 1038 2522 dilectis
1055 2454 1132 2522 liliis
1147 2453 1256 2523 Abba-

122 2559 219 2640 tibus,
252 2562 421 2629 Prioribus
437 2571 469 2630 et
485 2564 645 2630 universis
661 2563 883 2632 Ecclesiarum
899 2565 1039 2632 Prelatis
1060 2571 1093 2630 et
1108 2564 1255 2631 sacerdo-

123 2671 220 2755 tibus,
252 2677 320 2736 tam
337 2671 501 2755 religiosis
528 2691 625 2757 quam
642 2673 844 2741 secularibus
861 2695 919 2760 per
935 2674 1114 2759 Ungariam
1139 2673 1255 2740 consti-

122 2777 198 2842 tutis
223 2778 366 2844 salutem
383 2785 415 2845 et
430 2779 654 2866 Apostolioam
680 2779 951 2848 benedictionem.
968 2781 1010 2847 nt
1035 2779 1099 2847 sibi
1120 2779 1256 2847 badesi-

123 2906 193 2952 mus
210 2889 248 2952 in
260 2885 391 2953 Christo
408 2886 493 2954 lilius
508 2893 620 2954 noster
636 2938 685 2954 ...
702 2889 848 2974 Ungarie
862 2891 933 2958 Rex
948 2890 1090 2956 illustris
1107 2889 1255 2956 meritum

124 2995 385 3079 incomparabile
411 3001 579 3080 comparat
605 2997 693 3083 apud
717 2998 833 3079 Deum,
862 3002 895 3062 et
918 2997 1013 3064 uobis
1035 2995 1255 3082 spiritualium

122 3109 253 3189 prestat
264 3103 436 3169 materiam
447 3104 660 3190 gaudiomm;
679 3106 930 3189 quiaunirersa,
950 3122 1014 3189 que
1023 3102 1148 3170 obtinet
1156 3121 1256 3188 super

122 3219 256 3298 terram,
283 3213 326 3278 ab
343 3211 401 3278 illo
418 3213 584 3279 humiliter
599 3233 846 3299 recognoscens,
873 3232 973 3298 aquo
989 3210 1186 3279 sublimatus
1202 3215 1253 3278 est

122 3319 229 3405 Regia
245 3319 417 3404 dignitate,
443 3341 482 3386 ac
498 3320 529 3386 ei
554 3326 624 3389 tota
640 3341 676 3387 se
692 3319 865 3390 devotione
883 3320 1102 3401 substernens,
1128 3317 1185 3401 qui
1200 3336 1253 3383 ex-

123 3430 207 3496 altat
222 3428 364 3494 humiles
381 3428 414 3496 in
430 3429 580 3512 salutem,
597 3429 641 3496 ad
657 3428 899 3514 obsequendum
918 3427 983 3494 sibi
995 3433 1109 3496 contra
1123 3423 1254 3512 impios,

123 3537 288 3604 hereticos
320 3541 353 3601 et
384 3535 588 3604 scismaticos
613 3544 699 3603 terre
724 3536 864 3620 Ascani,
895 3535 1065 3622 ipsumque
1089 3531 1255 3600 Assanum

123 3645 362 3726 scismaticum,
380 3662 484 3728 nuper
508 3642 552 3710 ad
577 3643 863 3714 commonitionem
887 3650 1034 3711 nostram
1058 3662 1124 3710 non
1148 3641 1253 3708 solum

122 3771 184 3818 sna
211 3752 352 3820 devotus
368 3753 531 3839 exposuit,
557 3751 616 3818 sed
642 3751 742 3818 etiam
765 3752 986 3838 semetipsum,
1010 3746 1254 3837 propterquod

123 3859 327 3927 excellencie
352 3877 410 3925 sue
425 3859 530 3925 zelum
546 3858 654 3943 dignis
670 3857 704 3926 in
719 3860 857 3928 Domino
881 3857 1034 3926 laudibus
1051 3853 1254 3924 commenda

122 3986 206 4049 mus,
224 3986 266 4032 ac
280 3967 508 4052 prosequimur
522 3966 704 4034 actionibus
721 3965 912 4049 gratiarum.
939 3963 1098 4046 Oetcmm,
1114 3961 1193 4046 quia
1207 3958 1253 4026 in·

120 4073 258 4161 dignum
274 4081 373 4159 esset,
399 4079 435 4140 ut
450 4074 526 4140 dum
541 4073 629 4140 idem
644 4075 715 4141 Rex
740 4073 860 4139 militat
874 4073 956 4156 Regi
973 4073 1101 4154 Regum
1117 4065 1253 4150 aliquod

120 4185 229 4270 Regni
253 4182 304 4250 sui
330 4180 540 4268 dispendium
565 4181 717 4269 patiatur,
743 4183 778 4248 in
803 4199 925 4264 omnes,
949 4177 1006 4263 qni
1021 4183 1194 4264 postquam
1214 4193 1251 4242 se

121 4292 301 4360 accinxerit
327 4289 370 4357 ad
395 4287 556 4374 prelatum
581 4289 748 4375 negotium
773 4284 1018 4374 exequendum,
1042 4282 1197 4369 quamdiu
1220 4283 1254 4349 in

118 4401 351 4487 prosecutione
365 4397 470 4486 ipsius
479 4398 587 4484 fuerit,
604 4401 753 4486 Regnum
764 4397 871 4485 ipsum
881 4393 1064 4462 invaserint
1073 4391 1127 4458 rel
1136 4395 1251 4459 contra

121 4529 198 4578 eum
214 4509 349 4577 diabolo
360 4505 618 4590 conspiraverint
627 4506 813 4592 instigante,
832 4497 1173 4571 excommunicationis
1183 4515 1253 4564 sen-

123 4619 260 4686 tentiam
285 4615 542 4702 promulgamus,
568 4633 665 4698 quam
681 4633 739 4700 per
763 4633 822 4682 vos
839 4611 987 4680 volumus
1013 4616 1046 4676 et
1061 4604 1253 4674 mandamus
