3186 5188
628 893 704 963 lte.

83 1093 114 1151 A
134 1085 282 1170 adprdbi
296 1037 509 1167 kdptdlaaaalc
528 1077 798 1164 tizooyoctplcoote,
821 1076 900 1163 hcpp
915 1077 1041 1167 Mr'hdly
1056 1105 1152 1149 conces
1170 1084 1226 1150 Oh

177 1193 232 1256 ra'c
247 1194 328 1256 necui
342 1187 477 1255 hirtokdt
490 1186 620 1253 Mortem
635 1185 778 1250 Nezdeea
784 1185 897 1268 fidnok
911 1187 1023 1254 clarita.
1039 1186 1137 1256 1247.

200 1385 395 1473 Capitulum
411 1379 646 1469 Zegrahiensis
661 1381 808 1450 Ecclesie
823 1381 970 1450 omnibus
988 1383 1108 1455 christi
1127 1389 1226 1457 fideli-

86 1499 148 1564 hus
169 1495 320 1562 salutem
335 1493 369 1560 in
384 1490 527 1562 omnium
553 1489 727 1560 calcatore.
755 1489 808 1556 Ad
822 1491 1047 1560 uniuersorum
1072 1495 1226 1564 noticiam

85 1613 204 1672 tenore
231 1601 438 1690 presencium
463 1600 611 1668 uolumus
635 1597 827 1686 peruenire,
853 1599 939 1683 quod
963 1601 1156 1672 accedentes
1181 1603 1225 1671 ad

87 1719 243 1780 nostram
259 1709 464 1798 presenciam
488 1706 631 1776 Michael
646 1704 766 1775 (loures
785 1705 887 1775 irater
906 1707 1019 1776 Buzad
1034 1710 1168 1779 Comitis
1183 1732 1225 1779 ex

87 1842 153 1888 nna
169 1825 284 1909 parte,
312 1824 344 1886 et
368 1817 527 1886 hlartinus
544 1817 631 1886 tilius
656 1814 805 1884 Ncndcee
820 1835 862 1884 ex
878 1816 1000 1902 altera;
1025 1824 1224 1905 protestatus

87 1937 137 1996 est
151 1929 250 1998 idem
275 1928 417 1996 Michael
433 1946 543 1995 coram
567 1926 674 2014 nobis,
699 1925 785 2010 quod
804 1925 968 2011 quandam
993 1935 1113 1996 terram
1131 1950 1224 1999 suam

88 2038 230 2108 nomine
248 2035 346 2104 Obris
361 2035 395 2102 in
410 2033 583 2123 priuilegio
599 2033 716 2120 Regali
730 2034 791 2102 sub
800 2034 892 2102 bulla
907 2054 1008 2103 aurea
1023 2038 1224 2123 existentem,

88 2149 188 2215 sitam
204 2147 305 2214 iuxta
319 2149 441 2212 terram
457 2143 536 2210 dicti
560 2142 704 2227 Martini,
730 2147 765 2208 ut
778 2141 863 2210 inter
879 2163 936 2212 eos
960 2153 1085 2214 remota
1101 2153 1225 2215 contro-

89 2257 204 2324 uersia
232 2275 300 2342 pax
325 2251 549 2323 irreuoeabilis
564 2251 758 2337 firmaretur,
785 2249 988 2320 uendidisset
1012 2253 1117 2323 eidem
1142 2256 1224 2321 Mar-

89 2365 158 2432 tiuo
186 2369 222 2430 et
238 2362 308 2430 suis
324 2359 500 2429 heredibus
516 2357 739 2443 heredumque
766 2360 1006 2428 successoribus
1032 2381 1091 2447 pro
1107 2362 1223 2447 uiginti

90 2471 212 2539 marcis
246 2467 377 2556 argenti
403 2471 562 2554 perpetuo
592 2463 836 2552 possidendam,
863 2468 1015 2552 quoniam
1038 2469 1114 2557 ipsa
1138 2478 1224 2540 terra

92 2577 189 2647 Obris
219 2576 410 2665 supradicto
434 2573 573 2643 hlautino
593 2573 677 2642 adeo
702 2574 808 2658 fuerat
823 2577 1020 2666 necessaria,
1047 2586 1083 2646 ut
1097 2580 1168 2647 sine
1183 2599 1224 2648 ea

92 2707 166 2754 esse
182 2685 377 2754 nullatenus
392 2682 574 2771 potuisset3
599 2686 731 2768 totaque
748 2703 875 2752 summa
889 2687 1027 2772 pecunie
1047 2687 1152 2756 eidem
1167 2687 1223 2754 hli-

93 2795 199 2864 chaeli
212 2814 326 2864 coram
340 2793 435 2860 nobis
452 2798 502 2860 cst
528 2791 678 2878 plenarie
704 2793 890 2880 persoluta3
915 2795 964 2863 ita
987 2801 1108 2882 tamem
1134 2795 1221 2881 quod

93 2902 122 2969 si
138 2902 257 2990 aliqua
272 2921 374 2971 causa
390 2907 503 2970 contra
517 2901 625 2989 ipsum
640 2901 813 2974 Martinum
829 2923 889 2990 pro
904 2903 978 2992 ipsa
994 2911 1222 2991 mergeretur,

95 3009 180 3079 idem
203 3009 347 3078 Michael
373 3008 489 3076 (lomes
514 3007 652 3076 eundem
676 3009 851 3077 Martinam
867 3015 899 3076 et
923 3011 992 3079 eius
1019 3030 1222 3079 successores

98 3119 169 3186 sine
185 3118 329 3206 dampno
346 3114 521 3184 defendere
536 3120 707 3183 teneretur.
724 3117 878 3184 Preterea
889 3116 919 3183 si
933 3136 1090 3202 processu
1102 3125 1223 3204 tempo-

96 3226 141 3294 ris
167 3225 375 3315 supradictus
390 3222 550 3291 Martinus
566 3223 619 3291 vel
643 3222 761 3310 aliquis
777 3243 909 3293 suorum
933 3225 1087 3295 heredum
1102 3233 1222 3295 terram

96 3335 311 3420 prescriptam
328 3331 430 3400 uellet
445 3349 609 3418 exponere
624 3329 820 3418 uendicioni,
836 3337 869 3400 ct
885 3333 1015 3420 cognati
1029 3333 1133 3420 ipsius
1157 3357 1222 3405 non

99 3447 253 3527 emerent,
277 3439 359 3508 nulli
374 3444 530 3507 extraneo
545 3446 660 3527 posset
674 3437 828 3528 vendere,
843 3440 907 3508 nisi
921 3438 1075 3510 liichaeli
1093 3440 1222 3529 comiti,

97 3549 124 3616 si
138 3548 231 3618 iuxta
252 3553 376 3619 rectam
403 3547 648 3616 estimacicnem
673 3548 773 3616 uellet
798 3568 996 3638 comparare.
1021 3550 1120 3620 Cuius
1135 3557 1222 3620 terre

97 3656 202 3742 prima
225 3665 314 3728 meta
328 3658 445 3746 incipit
459 3657 502 3726 ab
529 3658 710 3727 orientem
733 3666 850 3744 monte,
874 3659 931 3726 ubi
955 3667 1033 3728 sunt
1047 3667 1112 3728 tres
1137 3667 1222 3730 mehe

98 3768 210 3856 terroe,
225 3787 291 3836 una
316 3765 488 3835 Michaelis
515 3765 660 3852 Comitis,
687 3766 791 3834 altera
805 3765 1001 3855 Lodomerij,
1027 3768 1129 3837 tercia
1144 3788 1222 3837 uero

99 3873 247 3964 hartini3
265 3881 298 3943 et
311 3895 370 3964 per
385 3875 474 3943 uiam
490 3874 582 3943 uadit
597 3874 641 3942 ad
663 3873 896 3944 occidentalem
912 3881 1047 3963 partem,
1071 3875 1120 3942 ita
1135 3875 1222 3961 quod

99 4001 173 4067 pars
188 3982 412 4053 meridionalis
427 3989 598 4052 remaneat
611 3983 765 4052 llichaeli
784 3981 913 4068 comit,
930 3992 964 4052 et
978 3982 1222 4070 septemtriona-

99 4087 137 4156 lis
151 4091 311 4176 Martin03
329 4095 362 4157 et
377 4088 455 4159 inde
471 4090 512 4160 de
527 4090 586 4159 uia
599 4090 691 4158 uadit
706 4089 751 4158 ad
771 4089 1006 4160 occidentalem
1030 4095 1156 4178 partem
1171 4110 1221 4158 us-

100 4213 158 4279 quc
172 4198 302 4267 uincam
312 4198 443 4285 Ztrelk;
460 4195 537 4266 inde
548 4217 625 4266 uero
642 4195 810 4266 descendit
823 4196 985 4267 demente
1002 4198 1045 4266 ad
1060 4198 1221 4283 arborem,

102 4321 160 4385 que
174 4302 292 4373 dicitur
307 4301 414 4390 fagus,
432 4301 523 4373 etad
539 4311 660 4373 metam
675 4311 833 4390 terream
851 4312 884 4372 et
898 4302 974 4372 inde
992 4303 1085 4373 uadit
1098 4304 1221 4372 directe

101 4410 260 4482 insiluam
276 4433 336 4500 per
354 4421 458 4482 metas
482 4419 607 4482 terreas
632 4414 675 4481 ed
700 4432 796 4480 vnam
822 4413 983 4497 arborem,
1000 4432 1063 4497 quc
1086 4419 1221 4481 uocatur

103 4517 254 4605 fraxinus,
269 4540 333 4607 que
348 4527 400 4589 est
414 4540 508 4590 cruce
524 4521 666 4608 signata,
683 4527 715 4588 et
730 4519 904 4588 admotam
919 4524 1078 4607 terream;
1096 4527 1129 4589 et
1143 4520 1220 4588 inde

102 4627 185 4696 uadit
199 4629 243 4698 ad
258 4649 357 4698 unam
371 4630 535 4718 paludem,
553 4649 615 4717 que
630 4633 766 4701 uocatur
782 4628 940 4725 chemya,
966 4634 998 4700 et
1014 4629 1060 4698 ibi
1076 4648 1117 4698 ex
1132 4633 1219 4700 utra-
