<?xml version="1.0" encoding="UTF-8"?>
<!DOCTYPE html PUBLIC "-//W3C//DTD XHTML 1.0 Transitional//EN"
    "http://www.w3.org/TR/xhtml1/DTD/xhtml1-transitional.dtd">
<html xmlns="http://www.w3.org/1999/xhtml" xml:lang="en" lang="en">
 <head>
  <title>
</title>
<meta http-equiv="Content-Type" content="text/html;charset=utf-8" />
  <meta name='ocr-system' content='tesseract 3.04.00' />
  <meta name='ocr-capabilities' content='ocr_page ocr_carea ocr_par ocr_line ocrx_word'/>
</head>
<body>
  <div class='ocr_page' id='page_1' title='image "./codexdiplomatic18wenzgoog_0536.png"; bbox 0 0 3226 5194; ppageno 0'>
   <div class='ocr_carea' id='block_1_1' title="bbox 858 344 1010 449">
    <p class='ocr_par' dir='ltr' id='par_1_1' title="bbox 858 344 1010 449">
     <span class='ocr_line' id='line_1_1' title="bbox 858 344 1010 449; baseline -0.02 0"><span class='ocrx_word' id='word_1_1' title='bbox 858 344 1010 449; x_wconf 47' lang='lat' dir='ltr'><strong>Aa...</strong></span> 
     </span>
    </p>
   </div>
   <div class='ocr_carea' id='block_1_2' title="bbox 369 538 1506 4746">
    <p class='ocr_par' dir='ltr' id='par_1_2' title="bbox 369 538 1506 4746">
     <span class='ocr_line' id='line_1_2' title="bbox 371 538 1502 632; baseline -0.012 -17"><span class='ocrx_word' id='word_1_2' title='bbox 371 547 504 632; x_wconf 91' lang='lat' dir='ltr'><strong>proprio</strong></span> <span class='ocrx_word' id='word_1_3' title='bbox 520 550 552 612; x_wconf 89' lang='lat' dir='ltr'><strong>et</strong></span> <span class='ocrx_word' id='word_1_4' title='bbox 567 546 778 627; x_wconf 80' lang='lat' dir='ltr'><strong>ornamentis,</strong></span> <span class='ocrx_word' id='word_1_5' title='bbox 805 546 902 610; x_wconf 86' lang='lat' dir='ltr'><strong>sertis</strong></span> <span class='ocrx_word' id='word_1_6' title='bbox 917 543 1073 610; x_wconf 85' lang='lat' dir='ltr'><strong>videlicet</strong></span> <span class='ocrx_word' id='word_1_7' title='bbox 1089 543 1198 608; x_wconf 86' lang='lat' dir='ltr'><strong>aureis</strong></span> <span class='ocrx_word' id='word_1_8' title='bbox 1214 547 1248 608; x_wconf 91' lang='lat' dir='ltr'><strong>et</strong></span> <span class='ocrx_word' id='word_1_9' title='bbox 1268 538 1448 606; x_wconf 89' lang='lat' dir='ltr'><strong>monilibus</strong></span> <span class='ocrx_word' id='word_1_10' title='bbox 1464 555 1502 602; x_wconf 85' lang='lat' dir='ltr'><strong>ac</strong></span> 
     </span>
     <span class='ocr_line' id='line_1_3' title="bbox 370 647 1499 738; baseline -0.011 -17"><span class='ocrx_word' id='word_1_11' title='bbox 370 653 447 721; x_wconf 88' lang='lat' dir='ltr'><strong>aliis</strong></span> <span class='ocrx_word' id='word_1_12' title='bbox 468 652 566 720; x_wconf 89' lang='lat' dir='ltr'><strong>robus</strong></span> <span class='ocrx_word' id='word_1_13' title='bbox 592 651 751 738; x_wconf 71' lang='lat' dir='ltr'>preciosis</span> <span class='ocrx_word' id='word_1_14' title='bbox 775 671 884 718; x_wconf 88' lang='lat' dir='ltr'><strong>secum</strong></span> <span class='ocrx_word' id='word_1_15' title='bbox 910 651 1041 734; x_wconf 87' lang='lat' dir='ltr'><strong>allatis,</strong></span> <span class='ocrx_word' id='word_1_16' title='bbox 1072 655 1215 716; x_wconf 87' lang='lat' dir='ltr'><strong>castrum</strong></span> <span class='ocrx_word' id='word_1_17' title='bbox 1240 647 1282 714; x_wconf 92' lang='lat' dir='ltr'><strong>de</strong></span> <span class='ocrx_word' id='word_1_18' title='bbox 1306 651 1499 730; x_wconf 88' lang='lat' dir='ltr'><strong>sumptuoso</strong></span> 
     </span>
     <span class='ocr_line' id='line_1_4' title="bbox 370 753 1499 846; baseline -0.006 -21"><span class='ocrx_word' id='word_1_19' title='bbox 370 760 448 826; x_wconf 87' lang='lat' dir='ltr'><strong>fecit</strong></span> <span class='ocrx_word' id='word_1_20' title='bbox 472 779 569 846; x_wconf 86' lang='lat' dir='ltr'><strong>opere</strong></span> <span class='ocrx_word' id='word_1_21' title='bbox 593 759 746 844; x_wconf 87' lang='lat' dir='ltr'><strong>construi,</strong></span> <span class='ocrx_word' id='word_1_22' title='bbox 774 758 818 825; x_wconf 90' lang='lat' dir='ltr'><strong>ad</strong></span> <span class='ocrx_word' id='word_1_23' title='bbox 833 758 919 843; x_wconf 86' lang='lat' dir='ltr'><strong>quod</strong></span> <span class='ocrx_word' id='word_1_24' title='bbox 938 759 1144 824; x_wconf 73' lang='lat' dir='ltr'><strong>necessitatis</strong></span> <span class='ocrx_word' id='word_1_25' title='bbox 1169 763 1318 842; x_wconf 84' lang='lat' dir='ltr'><strong>tempore</strong></span> <span class='ocrx_word' id='word_1_26' title='bbox 1343 753 1445 820; x_wconf 87' lang='lat' dir='ltr'><strong>vidue</strong></span> <span class='ocrx_word' id='word_1_27' title='bbox 1468 759 1499 818; x_wconf 84' lang='lat' dir='ltr'><strong>et</strong></span> 
     </span>
     <span class='ocr_line' id='line_1_5' title="bbox 370 861 1502 954; baseline -0.009 -19"><span class='ocrx_word' id='word_1_28' title='bbox 370 868 520 953; x_wconf 89' lang='lat' dir='ltr'><strong>orphani,</strong></span> <span class='ocrx_word' id='word_1_29' title='bbox 544 887 584 934; x_wconf 89' lang='lat' dir='ltr'><strong>ac</strong></span> <span class='ocrx_word' id='word_1_30' title='bbox 599 867 657 933; x_wconf 92' lang='lat' dir='ltr'><strong>alii</strong></span> <span class='ocrx_word' id='word_1_31' title='bbox 674 868 879 954; x_wconf 86' lang='lat' dir='ltr'><strong>receptacula</strong></span> <span class='ocrx_word' id='word_1_32' title='bbox 895 866 1029 954; x_wconf 88' lang='lat' dir='ltr'><strong>propria</strong></span> <span class='ocrx_word' id='word_1_33' title='bbox 1045 886 1109 932; x_wconf 93' lang='lat' dir='ltr'><strong>uon</strong></span> <span class='ocrx_word' id='word_1_34' title='bbox 1129 865 1299 949; x_wconf 89' lang='lat' dir='ltr'><strong>babentes,</strong></span> <span class='ocrx_word' id='word_1_35' title='bbox 1325 861 1502 945; x_wconf 84' lang='lat' dir='ltr'><strong>coningere</strong></span> 
     </span>
     <span class='ocr_line' id='line_1_6' title="bbox 369 967 1502 1058; baseline -0.007 -18"><span class='ocrx_word' id='word_1_36' title='bbox 369 974 513 1058; x_wconf 87' lang='lat' dir='ltr'><strong>valeant,</strong></span> <span class='ocrx_word' id='word_1_37' title='bbox 531 974 622 1040; x_wconf 84' lang='lat' dir='ltr'><strong>stab</strong></span> <span class='ocrx_word' id='word_1_38' title='bbox 638 973 747 1041; x_wconf 89' lang='lat' dir='ltr'><strong>hostili</strong></span> <span class='ocrx_word' id='word_1_39' title='bbox 758 975 853 1040; x_wconf 89' lang='lat' dir='ltr'><strong>rabie</strong></span> <span class='ocrx_word' id='word_1_40' title='bbox 869 981 1035 1058; x_wconf 85' lang='lat' dir='ltr'><strong>tamquam</strong></span> <span class='ocrx_word' id='word_1_41' title='bbox 1053 975 1085 1040; x_wconf 91' lang='lat' dir='ltr'><strong>in</strong></span> <span class='ocrx_word' id='word_1_42' title='bbox 1104 973 1200 1039; x_wconf 93' lang='lat' dir='ltr'><strong>domo</strong></span> <span class='ocrx_word' id='word_1_43' title='bbox 1216 971 1336 1056; x_wconf 85' lang='lat' dir='ltr'><strong>refugii</strong></span> <span class='ocrx_word' id='word_1_44' title='bbox 1352 989 1391 1036; x_wconf 84' lang='lat' dir='ltr'><strong>se</strong></span> <span class='ocrx_word' id='word_1_45' title='bbox 1406 967 1502 1036; x_wconf 88' lang='lat' dir='ltr'><strong>tucri.</strong></span> 
     </span>
     <span class='ocr_line' id='line_1_7' title="bbox 371 1079 1503 1168; baseline -0.008 -20"><span class='ocrx_word' id='word_1_46' title='bbox 371 1081 439 1148; x_wconf 81' lang='lat' dir='ltr'><strong>Nos</strong></span> <span class='ocrx_word' id='word_1_47' title='bbox 463 1083 574 1166; x_wconf 86' lang='lat' dir='ltr'><strong>itaque</strong></span> <span class='ocrx_word' id='word_1_48' title='bbox 599 1080 806 1151; x_wconf 87' lang='lat' dir='ltr'><strong>considerata</strong></span> <span class='ocrx_word' id='word_1_49' title='bbox 829 1080 1058 1166; x_wconf 89' lang='lat' dir='ltr'><strong>magnitudine</strong></span> <span class='ocrx_word' id='word_1_50' title='bbox 1084 1089 1290 1168; x_wconf 87' lang='lat' dir='ltr'><strong>sumptuum,</strong></span> <span class='ocrx_word' id='word_1_51' title='bbox 1317 1099 1402 1164; x_wconf 86' lang='lat' dir='ltr'><strong>quos</strong></span> <span class='ocrx_word' id='word_1_52' title='bbox 1429 1079 1503 1161; x_wconf 87' lang='lat' dir='ltr'><strong>ipsa</strong></span> 
     </span>
     <span class='ocr_line' id='line_1_8' title="bbox 371 1189 1503 1278; baseline -0.006 -19"><span class='ocrx_word' id='word_1_53' title='bbox 371 1211 506 1259; x_wconf 86' lang='lat' dir='ltr'><strong>consors</strong></span> <span class='ocrx_word' id='word_1_54' title='bbox 528 1198 641 1259; x_wconf 87' lang='lat' dir='ltr'><strong>nostra</strong></span> <span class='ocrx_word' id='word_1_55' title='bbox 657 1190 698 1258; x_wconf 95' lang='lat' dir='ltr'><strong>de</strong></span> <span class='ocrx_word' id='word_1_56' title='bbox 722 1211 781 1258; x_wconf 92' lang='lat' dir='ltr'><strong>suo</strong></span> <span class='ocrx_word' id='word_1_57' title='bbox 797 1193 928 1278; x_wconf 90' lang='lat' dir='ltr'><strong>proprio</strong></span> <span class='ocrx_word' id='word_1_58' title='bbox 943 1191 977 1256; x_wconf 93' lang='lat' dir='ltr'><strong>in</strong></span> <span class='ocrx_word' id='word_1_59' title='bbox 993 1209 1092 1276; x_wconf 88' lang='lat' dir='ltr'><strong>opcrc</strong></span> <span class='ocrx_word' id='word_1_60' title='bbox 1117 1191 1219 1258; x_wconf 77' lang='lat' dir='ltr'><strong>castri</strong></span> <span class='ocrx_word' id='word_1_61' title='bbox 1234 1189 1358 1255; x_wconf 83' lang='lat' dir='ltr'><strong>iecerat</strong></span> <span class='ocrx_word' id='word_1_62' title='bbox 1385 1203 1503 1253; x_wconf 91' lang='lat' dir='ltr'><strong>memo·</strong></span> 
     </span>
     <span class='ocr_line' id='line_1_9' title="bbox 372 1294 1503 1385; baseline -0.007 -19"><span class='ocrx_word' id='word_1_63' title='bbox 372 1300 446 1385; x_wconf 91' lang='lat' dir='ltr'><strong>rati,</strong></span> <span class='ocrx_word' id='word_1_64' title='bbox 463 1299 572 1385; x_wconf 87' lang='lat' dir='ltr'><strong>ipsum</strong></span> <span class='ocrx_word' id='word_1_65' title='bbox 587 1306 738 1384; x_wconf 87' lang='lat' dir='ltr'><strong>castrum,</strong></span> <span class='ocrx_word' id='word_1_66' title='bbox 765 1318 838 1365; x_wconf 92' lang='lat' dir='ltr'><strong>cum</strong></span> <span class='ocrx_word' id='word_1_67' title='bbox 854 1299 1017 1366; x_wconf 86' lang='lat' dir='ltr'><strong>Gomitatu</strong></span> <span class='ocrx_word' id='word_1_68' title='bbox 1034 1306 1068 1365; x_wconf 88' lang='lat' dir='ltr'><strong>ct</strong></span> <span class='ocrx_word' id='word_1_69' title='bbox 1084 1299 1243 1366; x_wconf 87' lang='lat' dir='ltr'><strong>Districtu</strong></span> <span class='ocrx_word' id='word_1_70' title='bbox 1259 1295 1301 1363; x_wconf 91' lang='lat' dir='ltr'><strong>de</strong></span> <span class='ocrx_word' id='word_1_71' title='bbox 1319 1294 1430 1378; x_wconf 80' lang='lat' dir='ltr'><strong>Pelys,</strong></span> <span class='ocrx_word' id='word_1_72' title='bbox 1460 1295 1503 1359; x_wconf 90' lang='lat' dir='ltr'><strong>ei·</strong></span> 
     </span>
     <span class='ocr_line' id='line_1_10' title="bbox 373 1399 1504 1493; baseline -0.003 -23"><span class='ocrx_word' id='word_1_73' title='bbox 373 1403 458 1491; x_wconf 89' lang='lat' dir='ltr'><strong>dem,</strong></span> <span class='ocrx_word' id='word_1_74' title='bbox 484 1407 570 1474; x_wconf 87' lang='lat' dir='ltr'><strong>sicut</strong></span> <span class='ocrx_word' id='word_1_75' title='bbox 583 1408 691 1475; x_wconf 91' lang='lat' dir='ltr'><strong>locum</strong></span> <span class='ocrx_word' id='word_1_76' title='bbox 707 1406 856 1493; x_wconf 86' lang='lat' dir='ltr'><strong>primitus</strong></span> <span class='ocrx_word' id='word_1_77' title='bbox 880 1425 1154 1488; x_wconf 85' lang='lat' dir='ltr'><strong>concesseramus,</strong></span> <span class='ocrx_word' id='word_1_78' title='bbox 1180 1403 1340 1485; x_wconf 84' lang='lat' dir='ltr'><strong>dedimus,</strong></span> <span class='ocrx_word' id='word_1_79' title='bbox 1366 1399 1504 1469; x_wconf 87' lang='lat' dir='ltr'><strong>tradidi-</strong></span> 
     </span>
     <span class='ocr_line' id='line_1_11' title="bbox 375 1509 1504 1600; baseline -0.004 -21"><span class='ocrx_word' id='word_1_80' title='bbox 375 1533 447 1580; x_wconf 90' lang='lat' dir='ltr'><strong>mus</strong></span> <span class='ocrx_word' id='word_1_81' title='bbox 472 1520 505 1580; x_wconf 88' lang='lat' dir='ltr'><strong>et</strong></span> <span class='ocrx_word' id='word_1_82' title='bbox 519 1515 716 1583; x_wconf 90' lang='lat' dir='ltr'><strong>contulimus</strong></span> <span class='ocrx_word' id='word_1_83' title='bbox 740 1513 931 1582; x_wconf 80' lang='lat' dir='ltr'><strong>donacionis</strong></span> <span class='ocrx_word' id='word_1_84' title='bbox 956 1513 1052 1581; x_wconf 88' lang='lat' dir='ltr'><strong>titulo</strong></span> <span class='ocrx_word' id='word_1_85' title='bbox 1074 1519 1232 1600; x_wconf 87' lang='lat' dir='ltr'><strong>perpetuo</strong></span> <span class='ocrx_word' id='word_1_86' title='bbox 1255 1511 1418 1596; x_wconf 78' lang='lat' dir='ltr'><strong>valitura,</strong></span> <span class='ocrx_word' id='word_1_87' title='bbox 1446 1509 1504 1576; x_wconf 83' lang='lat' dir='ltr'><strong>illa</strong></span> 
     </span>
     <span class='ocr_line' id='line_1_12' title="bbox 374 1620 1504 1710; baseline -0.002 -23"><span class='ocrx_word' id='word_1_88' title='bbox 374 1624 517 1690; x_wconf 85' lang='lat' dir='ltr'><strong>maxime</strong></span> <span class='ocrx_word' id='word_1_89' title='bbox 526 1621 801 1708; x_wconf 87' lang='lat' dir='ltr'><strong>consideracione,</strong></span> <span class='ocrx_word' id='word_1_90' title='bbox 818 1622 905 1706; x_wconf 85' lang='lat' dir='ltr'><strong>quod</strong></span> <span class='ocrx_word' id='word_1_91' title='bbox 915 1642 987 1689; x_wconf 90' lang='lat' dir='ltr'><strong>cum</strong></span> <span class='ocrx_word' id='word_1_92' title='bbox 997 1625 1072 1710; x_wconf 88' lang='lat' dir='ltr'><strong>ipsa</strong></span> <span class='ocrx_word' id='word_1_93' title='bbox 1082 1623 1215 1690; x_wconf 89' lang='lat' dir='ltr'><strong>domina</strong></span> <span class='ocrx_word' id='word_1_94' title='bbox 1225 1620 1351 1704; x_wconf 88' lang='lat' dir='ltr'><strong>Regina</strong></span> <span class='ocrx_word' id='word_1_95' title='bbox 1368 1638 1504 1686; x_wconf 87' lang='lat' dir='ltr'><strong>consors</strong></span> 
     </span>
     <span class='ocr_line' id='line_1_13' title="bbox 375 1728 1504 1816; baseline -0.003 -19"><span class='ocrx_word' id='word_1_96' title='bbox 375 1736 489 1800; x_wconf 88' lang='lat' dir='ltr'><strong>nostra</strong></span> <span class='ocrx_word' id='word_1_97' title='bbox 504 1732 734 1799; x_wconf 86' lang='lat' dir='ltr'><strong>monasterium</strong></span> <span class='ocrx_word' id='word_1_98' title='bbox 760 1731 923 1816; x_wconf 78' lang='lat' dir='ltr'><strong>quoddam</strong></span> <span class='ocrx_word' id='word_1_99' title='bbox 940 1733 973 1797; x_wconf 93' lang='lat' dir='ltr'><strong>in</strong></span> <span class='ocrx_word' id='word_1_100' title='bbox 990 1733 1099 1798; x_wconf 90' lang='lat' dir='ltr'><strong>insula</strong></span> <span class='ocrx_word' id='word_1_101' title='bbox 1115 1730 1260 1797; x_wconf 86' lang='lat' dir='ltr'><strong>Danubii</strong></span> <span class='ocrx_word' id='word_1_102' title='bbox 1280 1729 1323 1795; x_wconf 88' lang='lat' dir='ltr'><strong>ad</strong></span> <span class='ocrx_word' id='word_1_103' title='bbox 1348 1728 1504 1796; x_wconf 88' lang='lat' dir='ltr'><strong>bonorem</strong></span> 
     </span>
     <span class='ocr_line' id='line_1_14' title="bbox 374 1838 1503 1926; baseline -0.003 -20"><span class='ocrx_word' id='word_1_104' title='bbox 374 1841 590 1907; x_wconf 82' lang='lat' dir='ltr'><strong>construxerit</strong></span> <span class='ocrx_word' id='word_1_105' title='bbox 612 1842 757 1926; x_wconf 76' lang='lat' dir='ltr'><strong>Virginis</strong></span> <span class='ocrx_word' id='word_1_106' title='bbox 781 1841 942 1926; x_wconf 83' lang='lat' dir='ltr'><strong>Gloriosa,</strong></span> <span class='ocrx_word' id='word_1_107' title='bbox 970 1861 1030 1908; x_wconf 88' lang='lat' dir='ltr'><strong>uos</strong></span> <span class='ocrx_word' id='word_1_108' title='bbox 1057 1840 1141 1908; x_wconf 90' lang='lat' dir='ltr'><strong>sicut</strong></span> <span class='ocrx_word' id='word_1_109' title='bbox 1166 1861 1208 1907; x_wconf 83' lang='lat' dir='ltr'><strong>ex</strong></span> <span class='ocrx_word' id='word_1_110' title='bbox 1235 1839 1313 1905; x_wconf 91' lang='lat' dir='ltr'><strong>aliis</strong></span> <span class='ocrx_word' id='word_1_111' title='bbox 1339 1838 1437 1904; x_wconf 87' lang='lat' dir='ltr'><strong>nobis</strong></span> <span class='ocrx_word' id='word_1_112' title='bbox 1464 1857 1503 1904; x_wconf 86' lang='lat' dir='ltr'><strong>ex</strong></span> 
     </span>
     <span class='ocr_line' id='line_1_15' title="bbox 376 1946 1502 2035; baseline -0.003 -21"><span class='ocrx_word' id='word_1_113' title='bbox 376 1949 498 2014; x_wconf 86' lang='lat' dir='ltr'><strong>Divina</strong></span> <span class='ocrx_word' id='word_1_114' title='bbox 513 1949 660 2035; x_wconf 82' lang='lat' dir='ltr'><strong>elargitis</strong></span> <span class='ocrx_word' id='word_1_115' title='bbox 675 1950 790 2032; x_wconf 85' lang='lat' dir='ltr'><strong>gracia</strong></span> <span class='ocrx_word' id='word_1_116' title='bbox 805 1948 973 2016; x_wconf 90' lang='lat' dir='ltr'><strong>dominum</strong></span> <span class='ocrx_word' id='word_1_117' title='bbox 990 1951 1180 2032; x_wconf 86' lang='lat' dir='ltr'><strong>largitorem</strong></span> <span class='ocrx_word' id='word_1_118' title='bbox 1201 1949 1345 2015; x_wconf 91' lang='lat' dir='ltr'><strong>omnium</strong></span> <span class='ocrx_word' id='word_1_119' title='bbox 1359 1946 1502 2013; x_wconf 88' lang='lat' dir='ltr'><strong>intendi·</strong></span> 
     </span>
     <span class='ocr_line' id='line_1_16' title="bbox 377 2054 1504 2140; baseline -0.002 -20"><span class='ocrx_word' id='word_1_120' title='bbox 377 2075 448 2124; x_wconf 87' lang='lat' dir='ltr'><strong>mus</strong></span> <span class='ocrx_word' id='word_1_121' title='bbox 465 2058 542 2122; x_wconf 88' lang='lat' dir='ltr'><strong>totis</strong></span> <span class='ocrx_word' id='word_1_122' title='bbox 567 2055 741 2122; x_wconf 83' lang='lat' dir='ltr'><strong>affectibus</strong></span> <span class='ocrx_word' id='word_1_123' title='bbox 763 2055 933 2140; x_wconf 85' lang='lat' dir='ltr'><strong>bonorare,</strong></span> <span class='ocrx_word' id='word_1_124' title='bbox 959 2056 1008 2122; x_wconf 86' lang='lat' dir='ltr'><strong>sic</strong></span> <span class='ocrx_word' id='word_1_125' title='bbox 1023 2055 1126 2122; x_wconf 89' lang='lat' dir='ltr'><strong>eciam</strong></span> <span class='ocrx_word' id='word_1_126' title='bbox 1144 2054 1348 2120; x_wconf 88' lang='lat' dir='ltr'><strong>oblacionem</strong></span> <span class='ocrx_word' id='word_1_127' title='bbox 1373 2059 1504 2139; x_wconf 83' lang='lat' dir='ltr'><strong>gratam</strong></span> 
     </span>
     <span class='ocr_line' id='line_1_17' title="bbox 377 2162 1503 2250; baseline -0.005 -18"><span class='ocrx_word' id='word_1_128' title='bbox 377 2167 439 2232; x_wconf 87' lang='lat' dir='ltr'><strong>Dei</strong></span> <span class='ocrx_word' id='word_1_129' title='bbox 454 2163 532 2250; x_wconf 86' lang='lat' dir='ltr'><strong>lilio,</strong></span> <span class='ocrx_word' id='word_1_130' title='bbox 550 2171 583 2230; x_wconf 89' lang='lat' dir='ltr'><strong>et</strong></span> <span class='ocrx_word' id='word_1_131' title='bbox 598 2165 702 2249; x_wconf 87' lang='lat' dir='ltr'><strong>ipsius</strong></span> <span class='ocrx_word' id='word_1_132' title='bbox 719 2162 877 2230; x_wconf 81' lang='lat' dir='ltr'><strong>Genitrici</strong></span> <span class='ocrx_word' id='word_1_133' title='bbox 892 2162 935 2230; x_wconf 90' lang='lat' dir='ltr'><strong>dc</strong></span> <span class='ocrx_word' id='word_1_134' title='bbox 952 2165 1074 2231; x_wconf 88' lang='lat' dir='ltr'><strong>nostris</strong></span> <span class='ocrx_word' id='word_1_135' title='bbox 1089 2163 1206 2231; x_wconf 84' lang='lat' dir='ltr'><strong>offerro</strong></span> <span class='ocrx_word' id='word_1_136' title='bbox 1222 2163 1335 2230; x_wconf 83' lang='lat' dir='ltr'><strong>liberis</strong></span> <span class='ocrx_word' id='word_1_137' title='bbox 1350 2170 1503 2244; x_wconf 63' lang='lat' dir='ltr'><strong>satapzcn-</strong></span> 
     </span>
     <span class='ocr_line' id='line_1_18' title="bbox 376 2271 1504 2359; baseline 0.001 -22"><span class='ocrx_word' id='word_1_138' title='bbox 376 2279 435 2354; x_wconf 89' lang='lat' dir='ltr'><strong>tes,</strong></span> <span class='ocrx_word' id='word_1_139' title='bbox 461 2271 626 2340; x_wconf 90' lang='lat' dir='ltr'><strong>domiuam</strong></span> <span class='ocrx_word' id='word_1_140' title='bbox 642 2273 863 2356; x_wconf 85' lang='lat' dir='ltr'><strong>Margaretam</strong></span> <span class='ocrx_word' id='word_1_141' title='bbox 878 2272 980 2338; x_wconf 90' lang='lat' dir='ltr'><strong>liliam</strong></span> <span class='ocrx_word' id='word_1_142' title='bbox 995 2279 1143 2340; x_wconf 86' lang='lat' dir='ltr'><strong>nostram</strong></span> <span class='ocrx_word' id='word_1_143' title='bbox 1166 2273 1200 2338; x_wconf 92' lang='lat' dir='ltr'><strong>in</strong></span> <span class='ocrx_word' id='word_1_144' title='bbox 1215 2274 1289 2359; x_wconf 88' lang='lat' dir='ltr'><strong>ipso</strong></span> <span class='ocrx_word' id='word_1_145' title='bbox 1304 2271 1504 2340; x_wconf 81' lang='lat' dir='ltr'><strong>monasterio</strong></span> 
     </span>
     <span class='ocr_line' id='line_1_19' title="bbox 376 2378 1504 2468; baseline -0.003 -21"><span class='ocrx_word' id='word_1_146' title='bbox 376 2380 543 2464; x_wconf 87' lang='lat' dir='ltr'><strong>poscimus</strong></span> <span class='ocrx_word' id='word_1_147' title='bbox 567 2383 602 2446; x_wconf 90' lang='lat' dir='ltr'><strong>iu</strong></span> <span class='ocrx_word' id='word_1_148' title='bbox 627 2401 686 2448; x_wconf 91' lang='lat' dir='ltr'><strong>suo</strong></span> <span class='ocrx_word' id='word_1_149' title='bbox 712 2387 869 2468; x_wconf 90' lang='lat' dir='ltr'><strong>perpetuo</strong></span> <span class='ocrx_word' id='word_1_150' title='bbox 894 2389 1051 2468; x_wconf 84' lang='lat' dir='ltr'><strong>perpetue</strong></span> <span class='ocrx_word' id='word_1_151' title='bbox 1068 2383 1191 2465; x_wconf 83' lang='lat' dir='ltr'><strong>virgini</strong></span> <span class='ocrx_word' id='word_1_152' title='bbox 1216 2383 1426 2448; x_wconf 87' lang='lat' dir='ltr'><strong>servituram.</strong></span> <span class='ocrx_word' id='word_1_153' title='bbox 1451 2378 1504 2444; x_wconf 86' lang='lat' dir='ltr'><strong>Ad</strong></span> 
     </span>
     <span class='ocr_line' id='line_1_20' title="bbox 376 2470 1502 2574; baseline 0.001 -20"><span class='ocrx_word' id='word_1_154' title='bbox 376 2505 474 2570; x_wconf 88' lang='lat' dir='ltr'><strong>quam</strong></span> <span class='ocrx_word' id='word_1_155' title='bbox 499 2505 572 2553; x_wconf 91' lang='lat' dir='ltr'><strong>cum</strong></span> <span class='ocrx_word' id='word_1_156' title='bbox 597 2487 735 2574; x_wconf 89' lang='lat' dir='ltr'><strong>plurime</strong></span> <span class='ocrx_word' id='word_1_157' title='bbox 750 2470 895 2574; x_wconf 76' lang='lat' dir='ltr'><strong>virgines</strong></span> <span class='ocrx_word' id='word_1_158' title='bbox 921 2489 960 2558; x_wconf 90' lang='lat' dir='ltr'><strong>de</strong></span> <span class='ocrx_word' id='word_1_159' title='bbox 975 2491 1141 2558; x_wconf 79' lang='lat' dir='ltr'><strong>Beronum</strong></span> <span class='ocrx_word' id='word_1_160' title='bbox 1156 2497 1189 2556; x_wconf 88' lang='lat' dir='ltr'><strong>et</strong></span> <span class='ocrx_word' id='word_1_161' title='bbox 1204 2489 1374 2557; x_wconf 81' lang='lat' dir='ltr'><strong>Nobilium</strong></span> <span class='ocrx_word' id='word_1_162' title='bbox 1397 2487 1502 2572; x_wconf 79' lang='lat' dir='ltr'><strong>Regni</strong></span> 
     </span>
     <span class='ocr_line' id='line_1_21' title="bbox 377 2595 1503 2682; baseline 0.001 -21"><span class='ocrx_word' id='word_1_163' title='bbox 377 2595 546 2680; x_wconf 87' lang='lat' dir='ltr'><strong>Hungarie</strong></span> <span class='ocrx_word' id='word_1_164' title='bbox 570 2595 701 2664; x_wconf 88' lang='lat' dir='ltr'><strong>tiliabus</strong></span> <span class='ocrx_word' id='word_1_165' title='bbox 727 2595 770 2662; x_wconf 88' lang='lat' dir='ltr'><strong>ad</strong></span> <span class='ocrx_word' id='word_1_166' title='bbox 796 2595 997 2664; x_wconf 88' lang='lat' dir='ltr'><strong>laudandum</strong></span> <span class='ocrx_word' id='word_1_167' title='bbox 1022 2599 1145 2682; x_wconf 83' lang='lat' dir='ltr'><strong>Regem</strong></span> <span class='ocrx_word' id='word_1_168' title='bbox 1171 2598 1342 2682; x_wconf 87' lang='lat' dir='ltr'><strong>celestem,</strong></span> <span class='ocrx_word' id='word_1_169' title='bbox 1372 2595 1503 2662; x_wconf 87' lang='lat' dir='ltr'><strong>eteius</strong></span> 
     </span>
     <span class='ocr_line' id='line_1_22' title="bbox 377 2703 1505 2791; baseline 0 -22"><span class='ocrx_word' id='word_1_170' title='bbox 377 2708 523 2790; x_wconf 90' lang='lat' dir='ltr'><strong>matrem,</strong></span> <span class='ocrx_word' id='word_1_171' title='bbox 549 2703 679 2791; x_wconf 90' lang='lat' dir='ltr'><strong>inipso</strong></span> <span class='ocrx_word' id='word_1_172' title='bbox 705 2705 903 2771; x_wconf 89' lang='lat' dir='ltr'><strong>monasterio</strong></span> <span class='ocrx_word' id='word_1_173' title='bbox 928 2705 1056 2773; x_wconf 88' lang='lat' dir='ltr'><strong>circiter</strong></span> <span class='ocrx_word' id='word_1_174' title='bbox 1087 2705 1306 2774; x_wconf 86' lang='lat' dir='ltr'><strong>centenarium</strong></span> <span class='ocrx_word' id='word_1_175' title='bbox 1332 2723 1505 2771; x_wconf 89' lang='lat' dir='ltr'><strong>nnmerum</strong></span> 
     </span>
     <span class='ocr_line' id='line_1_23' title="bbox 378 2811 1504 2900; baseline 0 -22"><span class='ocrx_word' id='word_1_176' title='bbox 378 2811 622 2896; x_wconf 86' lang='lat' dir='ltr'><strong>convenissent,</strong></span> <span class='ocrx_word' id='word_1_177' title='bbox 654 2813 733 2898; x_wconf 90' lang='lat' dir='ltr'><strong>quia</strong></span> <span class='ocrx_word' id='word_1_178' title='bbox 757 2812 926 2881; x_wconf 79' lang='lat' dir='ltr'><strong>formidari</strong></span> <span class='ocrx_word' id='word_1_179' title='bbox 950 2821 1100 2900; x_wconf 87' lang='lat' dir='ltr'><strong>poterat,</strong></span> <span class='ocrx_word' id='word_1_180' title='bbox 1132 2834 1175 2882; x_wconf 87' lang='lat' dir='ltr'><strong>ua</strong></span> <span class='ocrx_word' id='word_1_181' title='bbox 1200 2815 1349 2900; x_wconf 89' lang='lat' dir='ltr'><strong>personis</strong></span> <span class='ocrx_word' id='word_1_182' title='bbox 1380 2812 1504 2879; x_wconf 84' lang='lat' dir='ltr'><strong>talibus</strong></span> 
     </span>
     <span class='ocr_line' id='line_1_24' title="bbox 376 2920 1505 3010; baseline -0.004 -20"><span class='ocrx_word' id='word_1_183' title='bbox 376 2927 491 2990; x_wconf 87' lang='lat' dir='ltr'><strong>sancta</strong></span> <span class='ocrx_word' id='word_1_184' title='bbox 515 2920 724 3008; x_wconf 82' lang='lat' dir='ltr'><strong>simplicitate</strong></span> <span class='ocrx_word' id='word_1_185' title='bbox 748 2921 968 3005; x_wconf 87' lang='lat' dir='ltr'><strong>gaudentibus</strong></span> <span class='ocrx_word' id='word_1_186' title='bbox 991 2922 1127 3008; x_wconf 86' lang='lat' dir='ltr'><strong>periculi</strong></span> <span class='ocrx_word' id='word_1_187' title='bbox 1153 2930 1298 3010; x_wconf 89' lang='lat' dir='ltr'><strong>tempore</strong></span> <span class='ocrx_word' id='word_1_188' title='bbox 1317 2922 1389 2990; x_wconf 88' lang='lat' dir='ltr'><strong>aina</strong></span> <span class='ocrx_word' id='word_1_189' title='bbox 1407 2922 1505 2988; x_wconf 93' lang='lat' dir='ltr'><strong>domo</strong></span> 
     </span>
     <span class='ocr_line' id='line_1_25' title="bbox 375 3029 1505 3117; baseline 0 -21"><span class='ocrx_word' id='word_1_190' title='bbox 375 3029 493 3116; x_wconf 87' lang='lat' dir='ltr'><strong>refugii</strong></span> <span class='ocrx_word' id='word_1_191' title='bbox 518 3029 682 3098; x_wconf 87' lang='lat' dir='ltr'><strong>derelictis</strong></span> <span class='ocrx_word' id='word_1_192' title='bbox 707 3030 836 3098; x_wconf 88' lang='lat' dir='ltr'><strong>hostilis</strong></span> <span class='ocrx_word' id='word_1_193' title='bbox 853 3031 963 3100; x_wconf 88' lang='lat' dir='ltr'><strong>rabies</strong></span> <span class='ocrx_word' id='word_1_194' title='bbox 982 3040 1126 3117; x_wconf 87' lang='lat' dir='ltr'><strong>noceret,</strong></span> <span class='ocrx_word' id='word_1_195' title='bbox 1152 3035 1311 3116; x_wconf 88' lang='lat' dir='ltr'><strong>volumus,</strong></span> <span class='ocrx_word' id='word_1_196' title='bbox 1337 3039 1374 3099; x_wconf 85' lang='lat' dir='ltr'><strong>ut</strong></span> <span class='ocrx_word' id='word_1_197' title='bbox 1389 3031 1505 3098; x_wconf 90' lang='lat' dir='ltr'><strong>eedem</strong></span> 
     </span>
     <span class='ocr_line' id='line_1_26' title="bbox 377 3131 1505 3226; baseline 0 -22"><span class='ocrx_word' id='word_1_198' title='bbox 377 3140 546 3224; x_wconf 88' lang='lat' dir='ltr'><strong>ingruente</strong></span> <span class='ocrx_word' id='word_1_199' title='bbox 560 3137 766 3206; x_wconf 87' lang='lat' dir='ltr'><strong>necessitatis</strong></span> <span class='ocrx_word' id='word_1_200' title='bbox 790 3145 937 3226; x_wconf 88' lang='lat' dir='ltr'><strong>tempore</strong></span> <span class='ocrx_word' id='word_1_201' title='bbox 951 3141 985 3208; x_wconf 94' lang='lat' dir='ltr'><strong>in</strong></span> <span class='ocrx_word' id='word_1_202' title='bbox 1002 3141 1074 3226; x_wconf 90' lang='lat' dir='ltr'><strong>ipso</strong></span> <span class='ocrx_word' id='word_1_203' title='bbox 1099 3131 1207 3209; x_wconf 80' lang='lat' dir='ltr'><strong>castro</strong></span> <span class='ocrx_word' id='word_1_204' title='bbox 1222 3141 1367 3226; x_wconf 80' lang='lat' dir='ltr'><strong>recipere</strong></span> <span class='ocrx_word' id='word_1_205' title='bbox 1391 3159 1428 3206; x_wconf 91' lang='lat' dir='ltr'><strong>se</strong></span> <span class='ocrx_word' id='word_1_206' title='bbox 1446 3157 1505 3205; x_wconf 83' lang='lat' dir='ltr'><strong>va·</strong></span> 
     </span>
     <span class='ocr_line' id='line_1_27' title="bbox 377 3246 1506 3334; baseline 0.003 -21"><span class='ocrx_word' id='word_1_207' title='bbox 377 3246 476 3326; x_wconf 88' lang='lat' dir='ltr'><strong>leant,</strong></span> <span class='ocrx_word' id='word_1_208' title='bbox 492 3246 574 3315; x_wconf 88' lang='lat' dir='ltr'><strong>etin</strong></span> <span class='ocrx_word' id='word_1_209' title='bbox 590 3249 765 3316; x_wconf 88' lang='lat' dir='ltr'><strong>secretario</strong></span> <span class='ocrx_word' id='word_1_210' title='bbox 781 3247 887 3334; x_wconf 87' lang='lat' dir='ltr'><strong>ipsius</strong></span> <span class='ocrx_word' id='word_1_211' title='bbox 903 3249 1002 3318; x_wconf 86' lang='lat' dir='ltr'><strong>castri</strong></span> <span class='ocrx_word' id='word_1_212' title='bbox 1019 3251 1091 3317; x_wconf 86' lang='lat' dir='ltr'><strong>siue</strong></span> <span class='ocrx_word' id='word_1_213' title='bbox 1106 3250 1346 3319; x_wconf 88' lang='lat' dir='ltr'><strong>intermissione</strong></span> <span class='ocrx_word' id='word_1_214' title='bbox 1363 3247 1506 3316; x_wconf 89' lang='lat' dir='ltr'><strong>Domino</strong></span> 
     </span>
     <span class='ocr_line' id='line_1_28' title="bbox 378 3355 1506 3444; baseline 0.003 -23"><span class='ocrx_word' id='word_1_215' title='bbox 378 3355 591 3440; x_wconf 61' lang='lat' dir='ltr'><strong>famulantum</strong></span> <span class='ocrx_word' id='word_1_216' title='bbox 618 3355 806 3442; x_wconf 87' lang='lat' dir='ltr'><strong>adicientes,</strong></span> <span class='ocrx_word' id='word_1_217' title='bbox 822 3364 857 3424; x_wconf 88' lang='lat' dir='ltr'><strong>ut</strong></span> <span class='ocrx_word' id='word_1_218' title='bbox 871 3357 947 3444; x_wconf 92' lang='lat' dir='ltr'><strong>ipsa</strong></span> <span class='ocrx_word' id='word_1_219' title='bbox 961 3357 1094 3426; x_wconf 91' lang='lat' dir='ltr'><strong>domina</strong></span> <span class='ocrx_word' id='word_1_220' title='bbox 1108 3357 1236 3443; x_wconf 88' lang='lat' dir='ltr'><strong>Regina</strong></span> <span class='ocrx_word' id='word_1_221' title='bbox 1253 3357 1434 3444; x_wconf 88' lang='lat' dir='ltr'><strong>predictum</strong></span> <span class='ocrx_word' id='word_1_222' title='bbox 1453 3377 1506 3424; x_wconf 88' lang='lat' dir='ltr'><strong>ca-</strong></span> 
     </span>
     <span class='ocr_line' id='line_1_29' title="bbox 376 3462 1506 3554; baseline 0.001 -23"><span class='ocrx_word' id='word_1_223' title='bbox 376 3469 479 3531; x_wconf 87' lang='lat' dir='ltr'><strong>strum</strong></span> <span class='ocrx_word' id='word_1_224' title='bbox 494 3462 567 3531; x_wconf 88' lang='lat' dir='ltr'><strong>aine</strong></span> <span class='ocrx_word' id='word_1_225' title='bbox 581 3464 822 3549; x_wconf 87' lang='lat' dir='ltr'><strong>inquietacionc</strong></span> <span class='ocrx_word' id='word_1_226' title='bbox 845 3466 993 3549; x_wconf 88' lang='lat' dir='ltr'><strong>qualibet</strong></span> <span class='ocrx_word' id='word_1_227' title='bbox 1007 3467 1177 3554; x_wconf 88' lang='lat' dir='ltr'><strong>possidere</strong></span> <span class='ocrx_word' id='word_1_228' title='bbox 1192 3466 1304 3534; x_wconf 89' lang='lat' dir='ltr'><strong>valeat</strong></span> <span class='ocrx_word' id='word_1_229' title='bbox 1321 3471 1355 3533; x_wconf 88' lang='lat' dir='ltr'><strong>et</strong></span> <span class='ocrx_word' id='word_1_230' title='bbox 1369 3465 1506 3534; x_wconf 88' lang='lat' dir='ltr'><strong>babere.</strong></span> 
     </span>
     <span class='ocr_line' id='line_1_30' title="bbox 377 3570 1506 3656; baseline 0.004 -20"><span class='ocrx_word' id='word_1_231' title='bbox 377 3571 579 3656; x_wconf 89' lang='lat' dir='ltr'><strong>lniuugimus</strong></span> <span class='ocrx_word' id='word_1_232' title='bbox 604 3573 709 3640; x_wconf 86' lang='lat' dir='ltr'><strong>eciam</strong></span> <span class='ocrx_word' id='word_1_233' title='bbox 734 3571 809 3640; x_wconf 86' lang='lat' dir='ltr'><strong>filiis</strong></span> <span class='ocrx_word' id='word_1_234' title='bbox 833 3572 953 3642; x_wconf 80' lang='lat' dir='ltr'><strong>cosbin</strong></span> <span class='ocrx_word' id='word_1_235' title='bbox 969 3574 1031 3642; x_wconf 86' lang='lat' dir='ltr'><strong>sub</strong></span> <span class='ocrx_word' id='word_1_236' title='bbox 1055 3573 1323 3642; x_wconf 87' lang='lat' dir='ltr'><strong>interminacione</strong></span> <span class='ocrx_word' id='word_1_237' title='bbox 1350 3570 1506 3640; x_wconf 72' lang='lat' dir='ltr'><strong>musmo</strong></span> 
     </span>
     <span class='ocr_line' id='line_1_31' title="bbox 376 3679 1505 3768; baseline 0.003 -22"><span class='ocrx_word' id='word_1_238' title='bbox 376 3679 480 3747; x_wconf 89' lang='lat' dir='ltr'><strong>cionis</strong></span> <span class='ocrx_word' id='word_1_239' title='bbox 496 3684 640 3766; x_wconf 86' lang='lat' dir='ltr'><strong>paterne,</strong></span> <span class='ocrx_word' id='word_1_240' title='bbox 665 3686 701 3746; x_wconf 88' lang='lat' dir='ltr'><strong>nt</strong></span> <span class='ocrx_word' id='word_1_241' title='bbox 714 3679 895 3767; x_wconf 87' lang='lat' dir='ltr'><strong>predictam</strong></span> <span class='ocrx_word' id='word_1_242' title='bbox 919 3682 1132 3752; x_wconf 89' lang='lat' dir='ltr'><strong>donacionem</strong></span> <span class='ocrx_word' id='word_1_243' title='bbox 1155 3689 1300 3751; x_wconf 88' lang='lat' dir='ltr'><strong>nostram</strong></span> <span class='ocrx_word' id='word_1_244' title='bbox 1325 3683 1505 3768; x_wconf 81' lang='lat' dir='ltr'><strong>infringere</strong></span> 
     </span>
     <span class='ocr_line' id='line_1_32' title="bbox 376 3788 1506 3877; baseline 0.004 -22"><span class='ocrx_word' id='word_1_245' title='bbox 376 3810 440 3857; x_wconf 92' lang='lat' dir='ltr'><strong>nou</strong></span> <span class='ocrx_word' id='word_1_246' title='bbox 456 3788 609 3874; x_wconf 85' lang='lat' dir='ltr'><strong>audeant,</strong></span> <span class='ocrx_word' id='word_1_247' title='bbox 634 3790 688 3856; x_wconf 83' lang='lat' dir='ltr'><strong>vel</strong></span> <span class='ocrx_word' id='word_1_248' title='bbox 703 3790 892 3874; x_wconf 87' lang='lat' dir='ltr'><strong>aliqualiter</strong></span> <span class='ocrx_word' id='word_1_249' title='bbox 905 3793 1108 3876; x_wconf 88' lang='lat' dir='ltr'><strong>perturbare,</strong></span> <span class='ocrx_word' id='word_1_250' title='bbox 1135 3793 1165 3859; x_wconf 89' lang='lat' dir='ltr'><strong>si</strong></span> <span class='ocrx_word' id='word_1_251' title='bbox 1180 3791 1428 3877; x_wconf 86' lang='lat' dir='ltr'><strong>ingratitudinis</strong></span> <span class='ocrx_word' id='word_1_252' title='bbox 1450 3811 1506 3859; x_wconf 85' lang='lat' dir='ltr'><strong>no</strong></span> 
     </span>
     <span class='ocr_line' id='line_1_33' title="bbox 375 3895 1504 3986; baseline 0.002 -22"><span class='ocrx_word' id='word_1_253' title='bbox 375 3895 604 3983; x_wconf 84' lang='lat' dir='ltr'><strong>tamevadere,</strong></span> <span class='ocrx_word' id='word_1_254' title='bbox 623 3898 676 3964; x_wconf 85' lang='lat' dir='ltr'><strong>uel</strong></span> <span class='ocrx_word' id='word_1_255' title='bbox 691 3918 810 3985; x_wconf 91' lang='lat' dir='ltr'><strong>penam</strong></span> <span class='ocrx_word' id='word_1_256' title='bbox 821 3898 966 3968; x_wconf 90' lang='lat' dir='ltr'><strong>eiusdem</strong></span> <span class='ocrx_word' id='word_1_257' title='bbox 985 3900 1374 3986; x_wconf 84' lang='lat' dir='ltr'><strong>effugerevolucrint,vel</strong></span> <span class='ocrx_word' id='word_1_258' title='bbox 1387 3901 1504 3968; x_wconf 84' lang='lat' dir='ltr'><strong>vitare.</strong></span> 
     </span>
     <span class='ocr_line' id='line_1_34' title="bbox 375 4006 1505 4095; baseline 0.004 -22"><span class='ocrx_word' id='word_1_259' title='bbox 375 4009 418 4073; x_wconf 83' lang='lat' dir='ltr'><strong>Et</strong></span> <span class='ocrx_word' id='word_1_260' title='bbox 432 4013 468 4073; x_wconf 88' lang='lat' dir='ltr'><strong>ut</strong></span> <span class='ocrx_word' id='word_1_261' title='bbox 482 4007 588 4073; x_wconf 87' lang='lat' dir='ltr'><strong>libera</strong></span> <span class='ocrx_word' id='word_1_262' title='bbox 605 4006 779 4075; x_wconf 88' lang='lat' dir='ltr'><strong>ordinandi</strong></span> <span class='ocrx_word' id='word_1_263' title='bbox 793 4016 827 4074; x_wconf 88' lang='lat' dir='ltr'><strong>et</strong></span> <span class='ocrx_word' id='word_1_264' title='bbox 843 4009 1036 4094; x_wconf 86' lang='lat' dir='ltr'><strong>disponendi</strong></span> <span class='ocrx_word' id='word_1_265' title='bbox 1052 4009 1093 4077; x_wconf 92' lang='lat' dir='ltr'><strong>de</strong></span> <span class='ocrx_word' id='word_1_266' title='bbox 1107 4011 1179 4095; x_wconf 93' lang='lat' dir='ltr'><strong>ipso</strong></span> <span class='ocrx_word' id='word_1_267' title='bbox 1195 4015 1303 4077; x_wconf 89' lang='lat' dir='ltr'><strong>castro</strong></span> <span class='ocrx_word' id='word_1_268' title='bbox 1319 4015 1505 4078; x_wconf 87' lang='lat' dir='ltr'><strong>constructo</strong></span> 
     </span>
     <span class='ocr_line' id='line_1_35' title="bbox 375 4112 1506 4203; baseline 0.004 -24"><span class='ocrx_word' id='word_1_269' title='bbox 375 4112 417 4182; x_wconf 87' lang='lat' dir='ltr'><strong>de</strong></span> <span class='ocrx_word' id='word_1_270' title='bbox 441 4113 583 4201; x_wconf 88' lang='lat' dir='ltr'><strong>propriis</strong></span> <span class='ocrx_word' id='word_1_271' title='bbox 607 4116 702 4181; x_wconf 89' lang='lat' dir='ltr'><strong>bonis</strong></span> <span class='ocrx_word' id='word_1_272' title='bbox 726 4135 826 4202; x_wconf 88' lang='lat' dir='ltr'><strong>penes</strong></span> <span class='ocrx_word' id='word_1_273' title='bbox 850 4118 957 4203; x_wconf 87' lang='lat' dir='ltr'><strong>ipsam</strong></span> <span class='ocrx_word' id='word_1_274' title='bbox 982 4119 1148 4186; x_wconf 91' lang='lat' dir='ltr'><strong>dominam</strong></span> <span class='ocrx_word' id='word_1_275' title='bbox 1170 4117 1330 4202; x_wconf 89' lang='lat' dir='ltr'><strong>Reginam</strong></span> <span class='ocrx_word' id='word_1_276' title='bbox 1354 4123 1506 4203; x_wconf 86' lang='lat' dir='ltr'><strong>potestas</strong></span> 
     </span>
     <span class='ocr_line' id='line_1_36' title="bbox 375 4223 1505 4306; baseline 0.002 -16"><span class='ocrx_word' id='word_1_277' title='bbox 375 4233 544 4290; x_wconf 82' lang='lat' dir='ltr'><strong>remaneat</strong></span> <span class='ocrx_word' id='word_1_278' title='bbox 560 4229 592 4288; x_wconf 90' lang='lat' dir='ltr'><strong>et</strong></span> <span class='ocrx_word' id='word_1_279' title='bbox 606 4223 759 4306; x_wconf 83' lang='lat' dir='ltr'><strong>facultas,</strong></span> <span class='ocrx_word' id='word_1_280' title='bbox 782 4226 955 4294; x_wconf 88' lang='lat' dir='ltr'><strong>statuimus</strong></span> <span class='ocrx_word' id='word_1_281' title='bbox 971 4224 1161 4294; x_wconf 89' lang='lat' dir='ltr'><strong>ordinantes</strong></span> <span class='ocrx_word' id='word_1_282' title='bbox 1178 4225 1221 4292; x_wconf 86' lang='lat' dir='ltr'><strong>dc</strong></span> <span class='ocrx_word' id='word_1_283' title='bbox 1236 4225 1373 4293; x_wconf 86' lang='lat' dir='ltr'><strong>consilio</strong></span> <span class='ocrx_word' id='word_1_284' title='bbox 1393 4225 1505 4292; x_wconf 84' lang='lat' dir='ltr'><strong>Prela·</strong></span> 
     </span>
     <span class='ocr_line' id='line_1_37' title="bbox 374 4332 1506 4420; baseline 0.001 -22"><span class='ocrx_word' id='word_1_285' title='bbox 374 4339 481 4399; x_wconf 88' lang='lat' dir='ltr'><strong>torum</strong></span> <span class='ocrx_word' id='word_1_286' title='bbox 505 4337 538 4396; x_wconf 90' lang='lat' dir='ltr'><strong>et</strong></span> <span class='ocrx_word' id='word_1_287' title='bbox 562 4332 726 4400; x_wconf 83' lang='lat' dir='ltr'><strong>Beronum</strong></span> <span class='ocrx_word' id='word_1_288' title='bbox 749 4334 853 4418; x_wconf 83' lang='lat' dir='ltr'><strong>Regni</strong></span> <span class='ocrx_word' id='word_1_289' title='bbox 880 4335 992 4418; x_wconf 88' lang='lat' dir='ltr'><strong>nostri,</strong></span> <span class='ocrx_word' id='word_1_290' title='bbox 1020 4342 1055 4400; x_wconf 87' lang='lat' dir='ltr'><strong>nt</strong></span> <span class='ocrx_word' id='word_1_291' title='bbox 1079 4335 1186 4420; x_wconf 88' lang='lat' dir='ltr'><strong>ipsum</strong></span> <span class='ocrx_word' id='word_1_292' title='bbox 1212 4339 1356 4400; x_wconf 89' lang='lat' dir='ltr'><strong>castrum</strong></span> <span class='ocrx_word' id='word_1_293' title='bbox 1381 4334 1445 4400; x_wconf 87' lang='lat' dir='ltr'><strong>uni.</strong></span> <span class='ocrx_word' id='word_1_294' title='bbox 1464 4354 1506 4401; x_wconf 84' lang='lat' dir='ltr'><strong>ex</strong></span> 
     </span>
     <span class='ocr_line' id='line_1_38' title="bbox 375 4438 1505 4525; baseline 0.002 -19"><span class='ocrx_word' id='word_1_295' title='bbox 375 4439 487 4507; x_wconf 88' lang='lat' dir='ltr'><strong>liberis</strong></span> <span class='ocrx_word' id='word_1_296' title='bbox 511 4438 643 4524; x_wconf 89' lang='lat' dir='ltr'><strong>nostris,</strong></span> <span class='ocrx_word' id='word_1_297' title='bbox 669 4440 799 4524; x_wconf 89' lang='lat' dir='ltr'><strong>quisue</strong></span> <span class='ocrx_word' id='word_1_298' title='bbox 823 4443 930 4525; x_wconf 87' lang='lat' dir='ltr'><strong>magis</strong></span> <span class='ocrx_word' id='word_1_299' title='bbox 957 4442 1132 4508; x_wconf 86' lang='lat' dir='ltr'><strong>obsecutus</strong></span> <span class='ocrx_word' id='word_1_300' title='bbox 1157 4441 1256 4508; x_wconf 81' lang='lat' dir='ltr'><strong>luerit</strong></span> <span class='ocrx_word' id='word_1_301' title='bbox 1276 4440 1450 4524; x_wconf 87' lang='lat' dir='ltr'><strong>voluntati,</strong></span> <span class='ocrx_word' id='word_1_302' title='bbox 1471 4443 1505 4508; x_wconf 92' lang='lat' dir='ltr'><strong>iu</strong></span> 
     </span>
     <span class='ocr_line' id='line_1_39' title="bbox 375 4544 1506 4634; baseline 0.001 -20"><span class='ocrx_word' id='word_1_303' title='bbox 375 4547 446 4614; x_wconf 82' lang='lat' dir='ltr'><strong>uita</strong></span> <span class='ocrx_word' id='word_1_304' title='bbox 470 4544 593 4613; x_wconf 89' lang='lat' dir='ltr'><strong>donare</strong></span> <span class='ocrx_word' id='word_1_305' title='bbox 607 4548 661 4613; x_wconf 87' lang='lat' dir='ltr'><strong>val</strong></span> <span class='ocrx_word' id='word_1_306' title='bbox 676 4547 710 4614; x_wconf 91' lang='lat' dir='ltr'><strong>in</strong></span> <span class='ocrx_word' id='word_1_307' title='bbox 735 4555 838 4616; x_wconf 87' lang='lat' dir='ltr'><strong>morte</strong></span> <span class='ocrx_word' id='word_1_308' title='bbox 864 4549 976 4634; x_wconf 87' lang='lat' dir='ltr'><strong>legare</strong></span> <span class='ocrx_word' id='word_1_309' title='bbox 991 4549 1112 4633; x_wconf 84' lang='lat' dir='ltr'><strong>valeat,</strong></span> <span class='ocrx_word' id='word_1_310' title='bbox 1141 4555 1235 4634; x_wconf 90' lang='lat' dir='ltr'><strong>prout</strong></span> <span class='ocrx_word' id='word_1_311' title='bbox 1259 4567 1318 4616; x_wconf 91' lang='lat' dir='ltr'><strong>sue</strong></span> <span class='ocrx_word' id='word_1_312' title='bbox 1342 4547 1506 4633; x_wconf 89' lang='lat' dir='ltr'><strong>placuerit</strong></span> 
     </span>
     <span class='ocr_line' id='line_1_40' title="bbox 376 4653 1503 4746; baseline 0.002 -26"><span class='ocrx_word' id='word_1_313' title='bbox 376 4653 547 4723; x_wconf 83' lang='lat' dir='ltr'><strong>uoluntati.</strong></span> <span class='ocrx_word' id='word_1_314' title='bbox 574 4653 619 4722; x_wconf 89' lang='lat' dir='ltr'><strong>Ut</strong></span> <span class='ocrx_word' id='word_1_315' title='bbox 633 4655 734 4742; x_wconf 87' lang='lat' dir='ltr'><strong>igitur</strong></span> <span class='ocrx_word' id='word_1_316' title='bbox 759 4657 854 4725; x_wconf 85' lang='lat' dir='ltr'><strong>huius</strong></span> <span class='ocrx_word' id='word_1_317' title='bbox 880 4665 990 4726; x_wconf 88' lang='lat' dir='ltr'><strong>nostre</strong></span> <span class='ocrx_word' id='word_1_318' title='bbox 1009 4657 1200 4728; x_wconf 88' lang='lat' dir='ltr'><strong>donacionis</strong></span> <span class='ocrx_word' id='word_1_319' title='bbox 1225 4675 1266 4728; x_wconf 84' lang='lat' dir='ltr'><strong>cx</strong></span> <span class='ocrx_word' id='word_1_320' title='bbox 1283 4661 1351 4724; x_wconf 86' lang='lat' dir='ltr'><strong>tam</strong></span> <span class='ocrx_word' id='word_1_321' title='bbox 1376 4655 1503 4746; x_wconf 84' lang='lat' dir='ltr'><strong>piarum</strong></span> 
     </span>
    </p>
   </div>
   <div class='ocr_carea' id='block_1_3' title="bbox 0 0 1623 5194">
    <p class='ocr_par' dir='ltr' id='par_1_3' title="bbox 0 0 1623 5194">
     <span class='ocr_line' id='line_1_41' title="bbox 0 0 1623 5194; baseline 0 0"><span class='ocrx_word' id='word_1_322' title='bbox 0 0 1623 5194; x_wconf 95' lang='lat' dir='ltr'><strong> </strong></span> 
     </span>
    </p>
   </div>
  </div>
 </body>
</html>
