3162 5188
640 333 791 446 em

130 528 312 604 frueretur
327 561 393 605 vna
410 559 481 606 cum
507 559 618 606 sorore
636 559 697 606 sua
713 541 888 624 antedicta,
914 541 989 625 ipsa
1005 563 1083 609 vero
1104 529 1279 608 decedente

128 665 203 710 nee
235 667 295 733 pro
312 647 422 711 anima
439 667 510 730 suu,
537 667 597 712 nec
613 647 763 730 cuiquam
781 657 991 731 cognatorum
1018 669 1149 716 suorum
1173 650 1283 716 confe-

127 755 253 840 rendi,
272 773 329 820 seu
346 753 500 840 donandi,
526 755 578 821 rel
594 754 773 840 quidquam
800 755 972 844 ordinandi
988 757 1122 825 habebit
1143 757 1279 824 faculta-

126 872 231 948 tem3
259 862 318 929 sed
343 863 490 929 totaliter
518 862 596 928 solis
617 862 693 947 filijs
720 871 752 930 et
767 883 831 930 non
858 864 989 930 filiabus
1016 863 1151 931 Comitis
1175 866 1278 932 Jaoor

126 972 361 1038 devolnentur
377 977 410 1036 et
434 971 649 1037 remanebunt
665 972 872 1056 possidendo.
889 972 975 1057 Ipsis
992 992 1068 1041 vero
1085 973 1163 1059 lilijs
1184 975 1274 1039 dece·

125 1081 299 1146 dentibus
313 1079 442 1145 filiabus
454 1079 602 1145 eiusdem
613 1078 863 1146 ComitisJacov
872 1082 1087 1147 remanebunt
1105 1081 1154 1147 ita
1164 1101 1277 1147 secure

126 1195 166 1252 et
198 1188 340 1274 pacifice
361 1185 570 1273 possidende,
598 1194 633 1252 vt
649 1187 770 1252 nemini
797 1193 1011 1272 cognatorum
1034 1187 1169 1254 Comitis
1186 1189 1275 1254 Petri

128 1317 200 1363 seu
230 1295 362 1362 domine
388 1297 526 1380 Agnetis
552 1295 651 1361 liceat
676 1294 809 1361 easdem
836 1316 1000 1384 reuocare,
1032 1297 1091 1363 sed
1117 1297 1219 1363 libere
1245 1305 1277 1363 et

127 1406 255 1488 quiete
271 1405 304 1469 in
321 1410 516 1490 perpetuum
531 1403 702 1489 possideat
718 1405 812 1469 saluo
829 1403 908 1469 iure.
932 1405 1001 1470 Nec
1017 1405 1078 1470 hoc
1093 1405 1274 1490 pretermit-

128 1515 254 1598 timus,
272 1513 360 1596 quod
376 1513 475 1578 villas
491 1512 602 1597 sepius
618 1518 815 1578 memoratas
833 1510 947 1579 Comes
967 1512 1092 1590 Petrus,
1120 1511 1276 1596 quamdiu

131 1628 313 1708 superstes
330 1620 483 1699 extiterit,
501 1620 598 1705 pleno
614 1619 683 1686 inre
699 1619 889 1706 possidebit,
913 1620 984 1706 ipso
1002 1641 1079 1688 vero
1097 1622 1275 1687 decedente

130 1729 240 1794 uxori
256 1748 314 1794 sne
325 1728 513 1814 supradicte
530 1725 790 1811 domineAgneti
801 1728 1022 1793 remanebunt.
1041 1726 1183 1805 Quarum
1195 1748 1272 1794 vsus

132 1845 170 1904 et
191 1839 350 1904 utilitates
365 1837 440 1922 ipsa
454 1835 569 1902 eadem
586 1833 727 1921 domina,
745 1835 900 1919 quamdiu
916 1834 1044 1918 vixerit,
1069 1835 1272 1918 integraliter

129 1947 319 2032 percipiet,
335 1945 411 2032 ipsa
425 1965 503 2012 vero
519 1945 609 2009 viam
625 1943 774 2010 uniuersa
792 1945 900 2009 carnis
916 1942 1120 2026 ingrediente
1135 1943 1268 2008 filiabus

133 2055 211 2121 suis
223 2075 282 2139 pro
295 2060 381 2139 voto,
392 2053 505 2118 ordine
517 2059 550 2118 et
559 2051 654 2116 modo
664 2051 846 2138 prehabito,
863 2051 1025 2136 relinquet
1034 2051 1067 2116 in
1079 2058 1271 2136 perpetuum

131 2163 372 2249 possidendas.
388 2163 525 2246 Insuper
536 2160 647 2246 sepius
664 2161 752 2226 diota
768 2159 900 2227 domina
910 2160 1021 2244 Agnes
1037 2159 1187 2226 confessa
1207 2158 1268 2224 fnit

131 2273 220 2338 vina
238 2291 318 2339 voce
335 2291 375 2336 ex
400 2277 495 2356 parte
510 2268 599 2334 Petri
614 2270 724 2335 mariti
740 2269 788 2335 sui
807 2270 846 2335 de
863 2268 992 2336 dotibus
1014 2276 1046 2334 et
1060 2269 1156 2334 rebus
1174 2287 1267 2352 para·

132 2380 321 2448 iemalibus
338 2379 405 2445 suis
422 2377 486 2444 sibi
501 2397 560 2462 per
575 2378 685 2444 omnia
701 2378 803 2444 fuisse
820 2378 1024 2444 satisfactum
1041 2397 1100 2463 per
1124 2375 1272 2442 collacio-

134 2509 216 2556 nem
232 2489 331 2554 trium
346 2486 496 2552 villarum
523 2485 752 2574 predictarum.
780 2483 875 2550 Vnde
892 2485 1034 2552 absoluit
1051 2505 1124 2550 eum
1142 2503 1222 2569 pure
1237 2487 1268 2549 et

135 2597 337 2683 simpliciter
362 2595 404 2660 ab
430 2593 516 2660 omni
543 2593 676 2660 accione
702 2599 735 2659 et
758 2593 975 2679 impetitione,
1005 2614 1068 2677 que
1095 2594 1267 2660 occasione

135 2707 228 2773 dotis
254 2724 312 2770 sue
329 2712 360 2770 et
376 2722 484 2768 rerum
509 2699 768 2786 parafernalinm
792 2721 852 2786 per
867 2699 985 2766 fratres
1006 2719 1082 2766 suos
1108 2720 1167 2767 seu
1184 2701 1267 2766 alios

135 2814 304 2899 quoslibet
320 2817 476 2895 cognatos
488 2807 614 2874 moueri
623 2809 794 2894 potuisset.
811 2810 855 2873 Vt
869 2807 968 2892 igitur
983 2807 1099 2873 harum
1120 2807 1268 2873 satisfac-

135 2923 280 3006 cionum,
298 2918 512 2986 collacionum
530 2936 588 2983 seu
605 2915 849 2982 ordinacionum
865 2915 969 2980 series
986 2919 1092 2979 tractu
1111 2917 1266 3001 temporis

134 3051 198 3118 per
214 3028 401 3114 quempiam
426 3036 636 3109 cognatorum
653 3043 785 3089 suorum
803 3027 945 3105 nequeat
959 3021 1118 3104 reuocari,
1145 3022 1204 3088 sed
1219 3043 1267 3088 ro·

137 3141 202 3205 bur
220 3156 349 3222 semper
359 3134 522 3202 firmitatis
532 3137 689 3218 perpetue
701 3128 878 3212 obtineant,
896 3128 939 3193 ad
949 3127 1144 3214 peticionem
1154 3131 1266 3196 utrius-

137 3268 203 3333 que
218 3244 321 3332 partis
337 3250 505 3329 presentes
522 3241 648 3306 litteras
665 3235 767 3321 sigilli
783 3235 885 3302 nostri
903 3234 1080 3301 munimine
1095 3236 1264 3304 roboratas

137 3354 306 3442 sepedicte
323 3351 462 3436 domine,
491 3355 523 3416 et
538 3370 597 3435 per
613 3367 686 3413 eam
703 3345 771 3411 suis
788 3343 920 3410 filiabus
937 3348 969 3408 et
984 3343 1123 3410 filiarum
1139 3345 1264 3411 heredi-

139 3467 199 3530 bus
232 3460 452 3545 heredumque
478 3456 721 3523 snccessoribus
748 3451 986 3537 concessimus,
1019 3474 1127 3520 annno
1153 3456 1265 3537 gracie

139 3571 313 3638 millesimo
330 3567 393 3634 CO.
410 3569 478 3632 XL.
498 3585 592 3650 nono,
611 3565 750 3648 septimo
765 3562 843 3627 Idus
867 3561 1082 3647 Septembris.
1107 3562 1264 3645 Magistro

137 3682 266 3747 Achille
284 3677 428 3745 Ecclesie
454 3682 563 3741 nostre
579 3672 760 3758 Proposito,
785 3670 909 3738 Jacobo
926 3669 1076 3754 Cantore,
1096 3673 1188 3738 Anus
1205 3669 1264 3736 Cu-

137 3788 241 3872 stode,
259 3785 432 3852 Azochiele
447 3785 581 3850 Deoano
603 3780 825 3848 existentibus.

200 3985 260 4050 (lV.
276 3985 343 4038 Bdla
355 3981 446 4051 loir-aly
459 3979 622 4049 megerdsltb'
636 3977 827 4045 olrmdnydbdl,
842 3980 911 4030 mint
924 3977 1034 4030 fentebb
1048 3981 1109 4030 202.
1123 3995 1159 4030 sa.
1173 3979 1209 4046 a.)

565 4259 835 4275 ῌ--ι-
