3186 5188
604 313 756 414 ffl—

123 511 182 592 lov,
206 509 370 592 Zourado,
397 510 528 578 Matheo
544 517 576 576 et
591 511 749 579 Miroslou
776 512 1006 596 iobagionibus
1023 513 1128 580 Gastri
1153 515 1245 582 'l'rin-

123 617 304 702 curiensis,
332 615 501 700 quandam
517 616 622 705 ipsius
638 626 724 688 terre
743 620 937 704 particulam
953 622 998 690 ad
1014 640 1081 707 eos,
1107 629 1144 688 ut
1158 621 1243 690 dice·

121 725 203 810 baut,
218 726 290 794 iure
306 723 502 793 hereditario
517 725 733 812 pertinentem
750 727 817 794 suis
833 727 1021 797 nitebantur
1039 729 1152 796 usibus
1167 748 1242 797 uen-

119 832 236 901 dicare.
253 833 324 900 Nos
340 831 440 916 igitur
455 833 578 901 auditis
594 833 669 924 binc
685 841 718 902 et
733 833 812 902 inde
827 835 975 921 parcium
998 838 1184 924 propositis,
1201 837 1245 904 ad

117 938 320 1009 fundandam
336 949 369 1010 et
388 940 599 1010 astruendam
615 941 830 1012 intencionem
856 942 1000 1029 ipsorum
1014 949 1116 1012 testes
1131 945 1244 1013 indixi·

116 1068 185 1117 mus
201 1047 433 1138 producendos
442 1077 456 1135 ,·
480 1049 598 1134 quibus
613 1051 752 1118 termino
767 1050 932 1138 productis
947 1054 1128 1139 assignato,
1151 1061 1183 1122 et
1198 1075 1244 1122 re-

1 1199 2 1262 3
115 1158 218 1246 ceptis
235 1159 380 1247 ipsorum
396 1158 677 1244 attestacionibns,
702 1161 782 1242 quia
796 1160 891 1228 nobis
908 1167 939 1226 et
956 1181 1065 1229 eorum
1081 1161 1177 1230 dictis
1202 1162 1244 1230 de
1344 1233 1351 1253 ‚

1 1266 2 1329 l
115 1267 240 1337 meritis
266 1287 365 1336 cause
380 1266 505 1354 liquido
530 1287 595 1337 non
620 1267 765 1356 patebat,
793 1268 836 1334 ad
855 1287 992 1336 examen
1008 1268 1108 1336 duelli
1132 1279 1244 1358 partes

114 1373 319 1444 decreuimus
339 1373 552 1464 iudicandas;
578 1376 626 1443 its
651 1384 686 1444 ut
710 1396 769 1463 per
793 1377 1072 1444 concertacionem
1096 1377 1244 1464 pugilum

113 1484 155 1551 ab
172 1491 310 1570 utraque
325 1491 421 1572 parte
435 1484 674 1573 productorum,
691 1505 755 1572 que
772 1485 917 1572 ipsarum
935 1487 968 1553 in
990 1486 1141 1554 habenda
1157 1495 1244 1555 terra

1 1607 2 1610 ’
114 1591 181 1678 illa,
199 1609 298 1680 super
316 1613 382 1678 qua
398 1591 621 1661 controuersia
644 1592 761 1679 luerat,
786 1593 901 1679 pocior
925 1593 1093 1677 habeatur,
1114 1594 1242 1662 euiden-

114 1699 181 1769 oius
199 1699 402 1768 decernatur.
417 1697 577 1769 Adductis
593 1700 695 1786 igitur
710 1700 763 1767 die
779 1700 899 1768 adhoc
924 1705 1045 1768 statuto
1069 1700 1243 1788 pugilibus,

116 1806 238 1894 inipso
257 1827 435 1893 congressu
459 1807 551 1894 pugil
576 1807 757 1896 supradicti
773 1806 904 1876 Becend
920 1805 1056 1875 Comitis
1081 1807 1115 1872 in
1143 1807 1244 1875 duelli

116 1915 268 1984 examine
284 1914 457 1984 uictoriam
483 1915 632 2001 obtinuit,
659 1915 772 2004 pugile
797 1917 902 2004 partis
928 1916 1063 1983 adverse
1079 1916 1242 1984 miaerabi-

113 2021 188 2091 liter
205 2023 444 2092 succumbente.
471 2021 564 2091 Vnde
583 2043 643 2092 nos
669 2021 863 2110 prephatam
888 2031 1008 2090 terram
1033 2023 1163 2091 Beuean
1182 2023 1242 2092 Oo-

113 2130 185 2197 miti
203 2128 469 2199 adiudicauimus
485 2128 664 2218 sepedicto,
690 2130 896 2216 presentibus
912 2129 1032 2198 nostris
1048 2129 1242 2215 Beronibus,

111 2239 168 2324 qni
182 2243 252 2307 tum
270 2237 424 2324 aderant,
441 2238 535 2306 alteri
550 2237 638 2323 parti
653 2237 822 2306 silencium
838 2238 1053 2324 imponentes,
1079 2246 1112 2305 et
1130 2257 1240 2306 secun-

110 2345 190 2413 dum
205 2345 311 2431 Regni
327 2346 428 2416 nostri
448 2344 713 2414 consuetudinem
730 2365 816 2432 pena
838 2345 930 2434 dupli
955 2345 1241 2435 condempnantes.

111 2455 155 2520 Itt
170 2469 212 2520 ne
228 2449 331 2538 uarijs
357 2459 481 2522 etatum
506 2451 705 2539 temporibus
731 2452 779 2519 rei
796 2461 888 2538 geste
913 2453 1016 2521 series
1041 2453 1076 2521 in
1100 2453 1242 2522 recidine

1 2643 2 2654 χ
113 2560 295 2646 questionis
313 2559 500 2648 scrupulum
525 2561 718 2647 elaberetur,
743 2566 889 2628 nostrum
906 2559 1012 2628 eidem
1034 2561 1241 2648 priuilegium

1 2675 2 2680 ’
112 2667 333 2737 concessimus
349 2666 384 2736 in
399 2667 587 2737 memoriam
604 2673 815 2754 posterorum.
832 2668 954 2755 Elapso
970 2668 1102 2736 tandem
1118 2674 1240 2757 ternpo-

110 2777 156 2845 ris
172 2775 333 2845 curriculo
361 2775 450 2844 idem
464 2776 596 2844 Becend
620 2775 664 2844 ad
679 2784 827 2846 nostram
852 2776 1013 2845 accedens
1037 2776 1241 2863 presenciam

110 2883 206 2953 nobis
224 2883 388 2953 humiliter
403 2883 610 2972 supplicauit,
636 2891 672 2952 ut
689 2904 763 2953 cum
778 2885 988 2971 priuilegium
1006 2883 1088 2953 illud
1105 2905 1184 2952 casu
1200 2885 1243 2952 sit

111 2992 281 3076 amissum,
306 3011 349 3060 ne
363 2992 497 3078 aliquod
513 2992 576 3062 sibi
600 2990 815 3080 preludicium
841 2997 953 3082 posset
969 2993 1170 3081 inposterum
1187 3014 1241 3079 ge·

108 3099 229 3186 nerari,
257 3105 400 3167 nostrum
426 3099 635 3188 priuilegium
661 3099 725 3168 sibi
741 3097 920 3170 concedere
947 3099 1158 3186 dignaremur
1185 3101 1241 3167 lte·

107 3215 203 3292 rato;
229 3213 263 3274 et
277 3205 355 3274 licet
380 3213 513 3293 propter
540 3206 619 3276 facti
634 3207 846 3279 retinenciam
870 3226 1058 3295 processum
1079 3227 1178 3276 cause
1203 3229 1243 3276 ac

109 3313 230 3384 seriem
256 3315 441 3384 memoriter
466 3313 671 3401 haberemus,
696 3315 776 3402 quia
794 3323 905 3384 tamen
922 3315 1007 3384 idem
1035 3317 1242 3404 priuilegium

110 3422 259 3510 Capituli
275 3421 450 3491 Nitriensis
465 3421 510 3490 ad
525 3423 739 3493 remouendos
763 3424 869 3495 tocius
885 3423 1108 3510 ambiguitatis
1124 3423 1239 3509 nodos,

108 3531 137 3598 si
157 3530 264 3614 aliqui
279 3531 491 3618 exstitissent,
508 3535 617 3600 nostro
633 3533 820 3619 conspectui
835 3532 1047 3620 presentauit,
1068 3532 1155 3620 quod
1172 3532 1227 3618 qui

109 3637 189 3707 dem
205 3658 305 3727 super
328 3657 484 3728 processu
509 3641 615 3708 tocius
639 3639 768 3725 negocij
795 3639 930 3708 euidens
956 3638 1047 3707 dabit
1071 3661 1242 3726 argumen-

106 3755 189 3834 tum,
213 3752 247 3816 et
262 3769 303 3815 ne
319 3765 378 3834 per
394 3745 468 3814 illos
483 3765 543 3816 seu
569 3747 732 3833 quoslibet
748 3747 832 3816 alios
857 3749 891 3815 in
916 3753 1082 3837 posterum
1107 3749 1244 3816 oriretur

114 3857 290 3944 scrupulus
300 3854 443 3924 recidiuc
459 3855 647 3941 questionis,
660 3854 703 3922 ad
720 3854 947 3923 certitudinem
958 3857 1099 3924 omnium
1109 3857 1243 3942 premis-

106 3986 221 4034 sorum
247 3965 364 4033 iterato
388 3964 517 4032 litteras
541 3972 671 4033 nostras
698 3964 928 4048 concessimus,
956 3961 1117 4050 dupplicis
1144 3961 1245 4048 sigilli

107 4073 214 4143 nostri
223 4071 416 4140 muniminer
426 4074 588 4141 oboratas.
605 4073 726 4140 Datum
736 4091 822 4138 anno
838 4071 950 4156 gracie
960 4070 1005 4137 ll⁰
1016 4067 1081 4136 00⁰
1091 4069 1163 4138 ΧΙ,ο
1173 4087 1244 4158 sep-

105 4185 184 4251 timo
200 4181 248 4249 X?
266 4179 430 4248 kalendas
445 4179 537 4266 Julij,
553 4179 658 4266 Regni
672 4185 784 4250 autem
798 4178 901 4248 nostri
925 4197 1010 4244 anno
1044 4177 1243 4246 duodecimo.

117 4363 262 4431 (Bredetie
274 4359 449 4428 bdrhdrtydn,
461 4361 574 4427 melyrltl
588 4357 762 4428 verbs-sdrga
784 4359 1009 4426 sslyeunasinoron
1023 4374 1040 4410 a
1051 4354 1143 4424 kirtly
1154 4358 1244 4410 kettda

107 4451 286 4520 pscsdtjdnelr
300 4453 428 4518 nagyobb
447 4449 520 4502 resne
533 4448 595 4518 meg
617 4451 693 4517 ttigg,
717 4465 733 4500 a
756 4463 845 4504 nemu.
863 4463 985 4500 muscum
999 4428 1241 4499 kdrirattdrdbau.)
