3168 5186
925 889 1002 957 283.

406 1067 532 1131 Rolriod
556 1069 659 1132 reddor·
674 1074 704 1131 e‘s
730 1068 838 1133 Vineae
852 1075 973 1157 nya'troi
996 1073 1116 1158 piapdlc
1134 1076 1213 1137 mint
1237 1073 1387 1137 leliiluou
1413 1073 1526 1156 lu'rdlpi

405 1175 502 1255 obul,
524 1176 631 1240 Endon
646 1178 782 1263 ,friispdn
798 1184 828 1242 c's
843 1182 1074 1246 budtorsatoat
1091 1182 1207 1246 Monor
1221 1185 1341 1269 hclpady
1357 1185 1457 1246 irriuti
1472 1185 1525 1244 r'le'-

723 1285 790 1351 letor
804 1288 926 1373 helybcu
944 1289 1088 1374 lappjol.
1112 1289 1204 1354 1255.

511 1482 678 1550 Rolandus
702 1483 871 1550 Palatinus
898 1491 930 1550 et
946 1485 1061 1552 Comes
1086 1486 1305 1573 Posoniensis,
1328 1489 1524 1555 vinoenoins

405 1593 467 1662 Dei
476 1596 590 1678 gracia
601 1595 783 1682 Episcopus
794 1595 979 1681 Nitriensis,
1000 1597 1148 1664 omnibus
1160 1599 1365 1685 presencium
1375 1600 1525 1665 noticiam

403 1702 562 1770 habituris
571 1703 711 1770 salutem
721 1703 755 1768 in
771 1703 889 1770 salutis
901 1711 1043 1772 auctore.
1061 1703 1222 1782 Quoniam
1232 1725 1388 1792 processu
1404 1713 1523 1792 tempo·

403 1833 471 1878 rum
489 1812 592 1878 multa
606 1811 783 1896 irritantur,
810 1832 944 1880 nccesse
960 1820 1009 1880 est
1024 1833 1076 1880 ros
1093 1821 1204 1899 gestas
1230 1816 1352 1901 scripto
1369 1835 1525 1880 commcn-

404 1919 493 2004 dare,
519 1929 554 1986 ut
570 1940 611 1987 ex
634 1920 751 1987 litteris
777 1927 974 2005 cognoscant
995 1923 1155 2004 absentes,
1183 1921 1270 2008 qnod
1286 1923 1360 1990 uisu
1385 1922 1526 1989 didicere

403 2037 583 2116 presentes.
609 2029 751 2098 Proinde
768 2030 811 2096 ad
827 2031 1050 2098 uniuersorum
1067 2031 1221 2098 noticiam
1236 2040 1303 2098 tam
1323 2032 1524 2119 presencium

404 2159 499 2224 qnam
516 2138 693 2206 futurorum
709 2140 823 2206 barum
839 2139 1080 2207 serievolumus
1096 2139 1277 2226 peruenire,
1298 2141 1472 2225 quodcum
1488 2160 1523 2206 er

404 2247 559 2317 mandato
585 2247 707 2315 domini
732 2249 810 2315 Bele
835 2249 972 2317 illustris
998 2249 1099 2332 Regis
1124 2251 1239 2316 Petrus
1271 2249 1358 2317 lilius
1384 2252 1524 2336 Myron,

404 2358 552 2424 Andreas
569 2356 655 2424 filius
672 2356 831 2442 Faroasij,
858 2356 958 2424 Bolcb
975 2356 1060 2424 lilius
1076 2357 1209 2440 Mathis,
1235 2359 1363 2443 Bereyn
1381 2358 1423 2425 de
1442 2358 1521 2436 Ilka,

402 2466 494 2534 Boda
508 2466 592 2534 lilius
608 2466 749 2552 Dionisij
767 2467 807 2533 de
822 2468 960 2551 Zovcor,
978 2466 1149 2534 Florianus
1165 2466 1252 2535 lilius
1264 2467 1385 2552 Bacha,
1402 2468 1521 2534 Joban·

402 2596 460 2644 nes
487 2575 571 2644 iilius
597 2573 814 2658 anurcbulr,
842 2573 972 2642 lvanka
996 2575 1036 2642 de
1061 2575 1160 2662 Scap,
1188 2583 1220 2642 et
1245 2576 1302 2660 alij
1322 2576 1522 2662 jobagionos

403 2686 509 2754 Castri
535 2685 691 2770 eiusdem,
718 2705 758 2751 ac
777 2692 960 2752 castrenses
977 2685 1018 2752 dc
1042 2684 1122 2751 villa
1145 2687 1268 2772 Monar‚
1294 2685 1364 2754 Bon
1390 2687 1523 2771 scilicet,

402 2795 504 2884 Zeka,
529 2793 664 2879 Bereeb,
689 2794 809 2878 Pousa,
835 2815 873 2862 ao
899 2796 1030 2880 cognati
1053 2815 1184 2880 eornm,
1210 2796 1295 2863 filios
1319 2797 1518 2879 Manebonis,
1561 2847 1565 2862 .

401 2904 575 2972 Antonium
591 2901 745 2970 videlicet
769 2912 801 2970 et
815 2903 1006 2988 iohannem,
1024 2924 1061 2969 ac
1082 2903 1166 2972 filios
1184 2905 1286 2989 Hyas,
1311 2904 1518 2972 Benedicturn

403 3013 527 3080 scilicet
542 3020 575 3079 et
584 3011 708 3096 Fylcm,
725 3031 765 3077 ac
774 3013 916 3096 Petrum,
934 3014 966 3080 in
984 3019 1094 3080 nostra
1107 3019 1325 3080 conuenerunt
1343 3016 1521 3100 presencia,

402 3130 435 3189 et
450 3121 686 3209 proponebant,
704 3120 789 3207 quod
805 3127 925 3188 terram
936 3121 1049 3187 Monar
1065 3120 1105 3188 de
1121 3121 1191 3189 iuro
1206 3122 1311 3190 Casiri
1331 3123 1520 3190 existentem

401 3229 583 3297 detinerent
593 3249 651 3316 per
667 3227 845 3296 indebitam
855 3230 1114 3317 occupacionem.
1132 3229 1183 3294 Ad
1193 3229 1254 3295 hoc
1270 3227 1379 3313 iidem,
1397 3231 1432 3295 in
1444 3250 1521 3316 qnos

400 3339 571 3424 agebatur,
597 3337 706 3404 taliter
721 3337 972 3424 respondebant,
990 3337 1078 3422 quod
1092 3338 1151 3404 illa
1166 3343 1254 3404 terra
1276 3338 1422 3426 ipsorum
1440 3343 1521 3406 esset

401 3446 608 3532 hereditaria,
633 3466 656 3512 a
671 3444 784 3532 primis
800 3447 1061 3533 progenitoribus
1088 3468 1198 3515 eorum
1214 3447 1323 3531 quiete
1338 3453 1372 3513 ct
1388 3448 1520 3534 pacifica

400 3573 564 3643 possessa,
590 3562 623 3622 et
647 3555 741 3622 metis
768 3555 909 3641 antiquis
933 3554 1115 3641 designata.
1145 3555 1386 3623 Subiunxerunt
1408 3557 1519 3640 eciam,

401 3664 488 3752 qaod
498 3663 693 3750 jobagiones
710 3663 818 3731 (lastri
839 3665 996 3732 nominati
1011 3674 1158 3752 tempore
1174 3665 1398 3733 reuocaoionis
1413 3685 1520 3751 perpe·

399 3775 549 3841 tuitatnm
575 3773 609 3839 in
625 3771 796 3860 presencia
813 3772 939 3840 Andree
966 3773 1092 3841 Judiois
1109 3772 1205 3839 Curia
1230 3773 1351 3842 domini
1375 3775 1478 3858 Regis
1492 3777 1520 3838 et

400 3883 537 3952 Comitis
554 3881 773 3968 Posoniensis,
798 3882 959 3949 lobannis
974 3882 1135 3968 Propositi
1151 3889 1228 3948 tunc
1253 3881 1410 3967 temporis
1427 3881 1518 3949 Poso-

399 3993 532 4073 niensis,
545 3991 691 4077 judicum
708 4011 729 4056 a
744 3989 875 4058 domino
886 3989 965 4057 Belo.
982 3989 1105 4056 Illustri
1116 3991 1205 4074 Rege
1221 4008 1320 4074 super
1338 3987 1518 4056 iudicandis

399 4099 493 4168 terris
509 4100 656 4167 eiusdem
672 4097 778 4166 Oastri
795 4097 1019 4182 delegatorum
1035 4099 1077 4164 ab
1094 4097 1218 4165 eisdem
1237 4095 1470 4184 requisissent;
1488 4099 1517 4164 iu

400 4211 492 4277 cuius
512 4209 558 4276 rei
585 4207 775 4275 memoriam
800 4205 925 4274 litteras
950 4207 1124 4275 eorundem
1145 4205 1291 4292 judicum
1316 4207 1376 4272 sub
1401 4207 1516 4292 sigillis

399 4317 542 4404 ipsorum
559 4318 656 4384 talem
672 4323 815 4384 tenorem
843 4316 1043 4382 continentes
1059 4336 1167 4382 coram
1184 4315 1279 4380 nobis
1294 4314 1514 4382 exlribuoront.

506 4428 672 4496 lohannes
687 4424 896 4494 Posoniensis
913 4425 1101 4512 Propositus
1117 4423 1179 4491 stb.
1198 4423 1406 4507 (kbretkezilr
1429 4445 1451 4488 a
1467 4445 1515 4511 po·

398 4535 511 4622 usonyi
534 4533 762 4621 ktptalannak
794 4533 928 4602 raes-ki
955 4531 1248 4620 bizonysaglevele,
1277 4531 1356 4597 mint
1386 4530 1512 4598 fentebb

385 4649 510 4730 ,16.su.
529 4643 574 4727 a.)
679 4727 682 4747 Ι
