3168 5186
832 354 990 460 nm..

350 553 384 617 in
410 549 573 620 comitatu
599 549 822 620 chanadiensi
848 553 1043 637 existentes3
1078 554 1157 619 item
1181 553 1421 638 Paugracbfais
1443 561 1471 620 et

352 656 608 727 Obenkewreme
633 659 784 727 similiter
808 681 912 748 prope
927 662 1105 729 Morusium
1134 663 1168 727 in
1184 661 1348 730 comitatu
1364 659 1473 725 Orodi-

352 765 422 832 onsi
438 767 627 836 adiacentes
637 768 714 854 ilijs
730 777 762 836 et
774 769 946 855 nepotibus
955 769 1154 836 Kelemenus
1165 769 1248 836 Boni
1267 769 1474 855 pertinerent.

350 875 432 941 Item
448 875 525 960 filijs
540 876 660 964 Waffa,
681 875 819 944 (ihunad
843 875 1006 962 videlicet,
1033 877 1178 954 Barlaba
1203 885 1237 944 et
1250 877 1419 962 Philippo,
1445 885 1476 942 et

352 1002 464 1049 eornm
489 983 565 1069 filijs
589 982 743 1070 predictis
761 1005 863 1072 prope
879 986 1055 1052 Morusium
1081 993 1156 1052 sunt
1180 985 1259 1051 ville
1277 985 1479 1071 pertinentes

350 1089 513 1158 'Phembcs
529 1091 653 1159 scilicet
669 1112 742 1159 cum
758 1093 862 1160 tribus
878 1093 1025 1179 ecclesijs
1041 1099 1073 1160 et
1087 1091 1190 1160 tribus
1200 1091 1402 1159 sessionibus
1419 1092 1478 1158 vil-

216 1289 219 1296 *
351 1196 466 1284 lorum,
479 1200 556 1266 item
568 1200 800 1269 monasterium
809 1199 1483 1288 BeateVirginisininsula‘l‘hembescum

349 1303 519 1390 piscatura
534 1307 576 1375 de
592 1307 671 1374 foris
690 1327 804 1376 versus
829 1328 979 1395 campum
995 1308 1222 1404 existentibus,
1237 1307 1315 1374 item
1337 1306 1483 1373 Dcdcm·

350 1431 423 1499 nug,
440 1415 516 1482 item
527 1413 720 1500 Olwelnwit,
737 1417 815 1485 item
825 1417 1033 1501 Wossontbo,
1051 1417 1128 1485 item
1143 1415 1332 1501 Borumiok,
1349 1415 1431 1482 item
1448 1413 1486 1479 in

349 1540 466 1607 campo
485 1542 597 1590 versus
613 1524 754 1590 Zorazer
769 1523 986 1609 Zemekbaza,
1014 1523 1091 1590 item
1108 1522 1238 1607 deas,
1263 1521 1342 1589 item
1358 1519 1486 1588 Bolnh-

350 1629 455 1696 kerek
472 1649 545 1697 cum
562 1631 689 1699 duabus
715 1634 915 1700 sessionibus
937 1633 1099 1718 villarum,
1125 1633 1202 1699 item
1219 1627 1486 1698 Therimtbelwk

350 1757 422 1804 cum
439 1737 581 1824 quinque
607 1739 810 1808 sessionibus
826 1741 986 1826 villorum,
1013 1743 1091 1807 item
1107 1741 1195 1808 Beeb
1212 1759 1284 1807 cum
1305 1737 1434 1806 tributo
1451 1743 1485 1802 et

346 1847 518 1930 'piscatura
535 1845 613 1930 suis,
639 1847 716 1913 item
732 1849 918 1915 Kewkener
941 1848 1008 1915 alio
1024 1848 1155 1915 nomine
1173 1845 1418 1931 Woffayilesse,
1448 1849 1481 1908 et

350 1952 509 2020 medietas
519 1951 598 2020 ville
608 1953 734 2040 Rabey,
744 1955 821 2022 item
831 1956 1028 2042 Kywolkau,
1039 1959 1117 2024 item
1127 1952 1377 2040 Weghwoiksn,
1397 1952 1481 2018 item

349 2059 540 2146 Wercsdub,
557 2061 634 2127 item
644 2063 845 2147 Zwrakrew,
860 2064 937 2130 item
953 2063 1165 2147 Kistheghau,
1186 2063 1263 2128 item
1272 2059 1481 2144 oweghaz,

349 2166 428 2233 item
440 2166 591 2253 Zecbicn,
604 2167 682 2235 item
691 2169 894 2256 Peyreghaz,
913 2171 990 2236 item
1000 2168 1149 2251 Nedasd,
1166 2168 1245 2234 item
1255 2164 1479 2246 Fekettewia,

348 2271 427 2338 item
443 2272 619 2358 Puklussy,
635 2275 712 2340 item
721 2275 871 2360 Feyrwh‚
888 2275 966 2342 item
981 2275 1051 2342 elia
1067 2272 1227 2342 medietas
1242 2273 1323 2339 ville
1333 2271 1482 2339 cnonas

348 2379 498 2448 similiter
513 2401 586 2448 cum
603 2382 729 2450 duabus
746 2382 827 2451 rotis
842 2383 1098 2452 molendinorum
1118 2388 1151 2449 et
1166 2379 1344 2449 medietate
1362 2378 1483 2446 tributi

348 2494 479 2574 aperte
495 2489 634 2557 ecclesie
651 2489 764 2558 Sancti
773 2491 862 2558 Petri
877 2509 950 2557 cum
966 2489 1082 2557 eadem
1098 2489 1247 2575 ecclesia,
1266 2494 1299 2555 et
1315 2485 1484 2553 medietas

348 2597 427 2662 villo
443 2597 644 2664 Kalanteluk
667 2598 760 2666 iuxta
775 2598 901 2666 Borsua
925 2620 997 2666 cum
1014 2619 1080 2665 una
1095 2605 1167 2666 rota
1183 2595 1372 2664 molendini.
1397 2595 1485 2660 Pos-

349 2707 516 2776 sessiones
541 2727 628 2791 vero,
654 2715 899 2791 successerant
922 2727 980 2775 sen
996 2715 1214 2794 prouenerent
1238 2706 1273 2772 in
1288 2704 1486 2791 porcionem

349 2813 462 2897 Magni
472 2814 618 2900 Philippi
634 2813 693 2899 filij
705 2815 853 2901 Belenyg
868 2815 1001 2882 maioris
1017 2813 1128 2880 fratris
1145 2811 1322 2880 eorundem
1333 2809 1486 2877 filiorum

348 2919 518 3006 Belenigb,
545 2919 601 3003 qui
626 2919 697 2988 sine
720 2921 839 2989 herede
858 2921 998 2991 decessit
1022 2920 1055 2988 in
1080 2920 1230 3008 partibus
1246 2915 1488 2984 drausiluanis

350 3034 425 3094 snut
440 3025 519 3112 heo;
546 3026 670 3094 scilicet
685 3028 866 3114 chtiyrol
895 3049 967 3096 oum
982 3029 1070 3097 vitiis
1094 3026 1197 3095 adse
1224 3025 1487 3112 pertinentibnS,

350 3137 427 3202 item
436 3134 657 3220 Nagkechkes
674 3135 843 3202 cumviilis
860 3137 903 3204 cd
920 3156 957 3203 se
973 3135 1220 3223 pertinentibus,
1240 3133 1320 3200 item
1329 3130 1488 3216 Philwp·

348 3245 446 3311 kwne
461 3242 611 3310 similiter
628 3263 698 3310 cum
713 3244 801 3310 viliis
818 3243 861 3310 ad
877 3264 914 3311 se
929 3243 1176 3330 pertinentibus,
1200 3242 1278 3309 item
1291 3239 1488 3306 Dnburdnu

346 3370 419 3417 cum
435 3351 583 3438 pluribus
598 3351 686 3418 villis
702 3351 788 3417 inira
801 3371 877 3418 suas
894 3358 998 3421 metas
1015 3352 1238 3437 existentibus,
1258 3352 1336 3417 item
1346 3347 1487 3414 deus

347 3466 379 3524 et
395 3459 526 3541 Theyes
543 3457 694 3525 similiter
722 3477 793 3526 cum
810 3461 957 3546 pluribus
973 3461 1061 3527 villis
1077 3458 1313 3546 pertinentibus
1332 3454 1375 3520 ad
1399 3473 1484 3520 eas·

348 3565 423 3630 dem
439 3563 523 3631 infre
539 3585 618 3632 suas
634 3572 756 3652 metas,
784 3587 867 3652 quas
882 3567 941 3653 filij
960 3587 999 3634 sc
1014 3573 1150 3654 nepotes
1166 3567 1360 3633 Kelemenus
1377 3561 1486 3642 Buni,

348 3678 381 3737 et
395 3671 451 3756 filij
472 3672 581 3740 Woiie
604 3673 688 3742 inter
713 3693 748 3741 se
775 3675 846 3740 sine
867 3673 1027 3741 diuisione
1044 3673 1232 3741 dimiserunt
1254 3667 1486 3757 possidendas

345 3778 405 3846 tali
422 3777 640 3868 ordinacione,
657 3781 744 3865 quod
758 3781 881 3849 fructus
897 3789 931 3849 et
945 3789 1122 3869 prouentus
1133 3782 1274 3850 omnium
1290 3776 1486 3865 possessio·

345 3907 423 3953 num
433 3885 652 3973 predictarum
669 3896 701 3955 et
716 3890 989 3976 pertinenciatum
1003 3891 1047 3957 ad
1062 3890 1197 3957 easdem
1212 3907 1271 3975 per
1286 3887 1366 3954 dnos
1377 3885 1485 3950 fami-

345 3993 456 4077 liares,
473 4012 554 4076 quos
570 3996 769 4081 temporibus
793 3997 1007 4083 progressiuis
1024 4017 1086 4063 vno
1104 4014 1264 4064 consensu
1281 3993 1323 4060 ad
1339 3995 1402 4060 hoc
1418 3991 1486 4058 de·

256 4126 258 4131 ’
345 4103 540 4188 putauerint,
552 4101 756 4190 colligantur,
774 4110 806 4170 ct
815 4105 1028 4190 equanimiter
1037 4105 1120 4173 inter
1129 4105 1220 4189 ipsos
1229 4103 1320 4171 filios
1331 4109 1363 4170 ct
1371 4119 1481 4185 nepo-

347 4215 396 4274 tes
412 4208 609 4277 Kelemenus
624 4210 708 4278 Bani
725 4218 758 4278 et
774 4211 908 4279 Comitis
924 4213 1031 4281 Woffo
1047 4213 1244 4280 diuiduntur.
1263 4213 1344 4279 Item
1359 4228 1484 4275 mona-

206 4407 209 4414 Ι
345 4316 480 4382 sterium
506 4315 631 4383 Kenise
656 4337 728 4384 cum
755 4317 843 4385 villis
868 4318 912 4386 ad
938 4339 975 4386 se
999 4319 1249 4405 pertinentibus,
1275 4317 1354 4385 item
1380 4316 1482 4384 alind

345 4421 578 4489 monasterium
595 4424 781 4492 Kemeuche
797 4433 946 4492 vocatum
963 4425 1112 4492 similiter
1128 4445 1201 4492 cnm
1217 4425 1366 4494 omnibus
1385 4424 1481 4489 stili-

344 4530 468 4597 tatibus
484 4530 528 4597 ad
543 4550 579 4598 se
594 4533 829 4618 pertinentibus
845 4535 879 4600 in
896 4531 979 4600 duas
995 4539 1106 4621 partes
1131 4534 1266 4620 equales
1281 4531 1480 4617 diuidendo,

344 4637 428 4704 inter
452 4635 535 4704 dlios
561 4645 594 4705 et
617 4647 752 4727 nepotes
770 4642 964 4710 Kelemenus
989 4642 1071 4708 Beni
1095 4662 1136 4709 ex
1151 4661 1218 4708 vna
1242 4647 1349 4728 perte,
1373 4645 1407 4706 et
1432 4659 1479 4707 ex
