3226 5194
864 339 1014 443 —5-10-

375 531 418 600 tis
432 529 466 599 in
483 533 629 620 ipserum
641 538 839 604 monasterio
855 557 1093 624 permansuros,
1105 558 1170 606 non
1187 537 1337 606 obstante
1353 535 1517 604 eonstitu-

375 641 463 709 tione
489 643 589 710 vestri
616 643 738 712 ordinis
762 651 819 712 uut
843 646 955 732 alique
980 647 1076 716 Sedis
1091 645 1281 733 Apesteiiee
1298 644 1517 730 indulgentis

376 755 436 816 ete.
455 748 594 829 Quodsi
612 772 676 821 non
693 773 805 821 omnes
821 755 886 842 hijs
902 756 1103 841 exequendis
1119 756 1261 823 interese
1277 754 1427 841 possitis,
1450 753 1518 820 sin-

375 859 444 944 guli
454 859 553 929 vestri
569 867 629 928 ete.
647 861 768 931 Datum
779 861 931 949 Anagnie
945 865 1018 934 VII.
1028 863 1190 932 kalendas
1201 862 1516 933 JuliiPontiiiestus

376 967 479 1037 nostri
495 987 582 1038 anno
599 969 722 1057 quinte.

376 1149 518 1217 (Theinen
532 1153 632 1206 Vetere
642 1154 819 1207 Monumentu
828 1153 970 1208 surorum
979 1155 1198 1208 Meridionulium
1208 1154 1358 1207 Historiam
1373 1152 1514 1205 illustren-

790 1289 799 1302 ,
815 1246 855 1298 tis
867 1245 889 1299 L
906 1246 962 1300 ket.
976 1246 1019 1300 87.
1034 1241 1065 1315 Ι.)

905 1909 982 1978 862.

375 2087 484 2153 Ietudu
499 2088 679 2155 szlavoniae'
703 2089 765 2154 buu
781 2098 812 2155 ur
827 2093 944 2176 eppeut,
970 2089 1048 2154 kilret
1065 2087 1210 2175 Csoruup
1234 2088 1409 2157 Glauuizai
1436 2089 1509 2152 ea'r·

372 2195 503 2281 jobbdpy
527 2197 680 2262 tamisae
708 2196 891 2284 eolpuunat
905 2197 1029 2278 dllitott,
1054 2196 1147 2260 erueek
1157 2195 1305 2283 joptulun
1329 2195 1507 2281 meptuimu·

725 2304 807 2372 dcisa
823 2304 1036 2390 alulfelment.
1055 2301 1154 2371 1259.

496 2479 566 2548 Nes
589 2482 775 2569 Stephanus
799 2484 912 2550 Burrus
942 2483 1047 2552 tonius
1072 2481 1245 2550 Seluuunie
1275 2480 1504 2565 significemus

378 2587 528 2656 omnibus
554 2608 689 2674 presens
713 2590 869 2677 seriptum
894 2589 1100 2676 inspecturis,
1127 2588 1212 2674 quod
1238 2588 1393 2671 Ohornng
1420 2585 1505 2652 filius

374 2695 587 2763 Chomuueeh
613 2696 744 2781 iobugio
761 2695 868 2764 Oestri
885 2695 927 2764 de
944 2697 1113 2782 Glannize,
1131 2717 1152 2763 a
1168 2697 1245 2781 fliijs
1265 2693 1374 2761 Endre
1401 2694 1505 2777 requi-

375 2802 467 2870 rebat
493 2821 602 2871 eorum
627 2805 722 2872 nobis
738 2804 911 2892 Prediuoy,
927 2805 1120 2888 Volkonum,
1147 2805 1363 2890 Seynerkum,
1380 2802 1504 2869 Voiko-

375 2911 517 2998 mitium,
543 2914 743 3002 Vikoynum,
771 2923 804 2981 et
826 2915 980 2999 susp-sam
1005 2915 1135 2983 nomine
1158 2931 1289 2980 suorum
1314 2929 1504 2994 seruorum

376 3039 474 3106 super
490 3021 607 3106 quibus
624 3021 683 3107 filij
701 3022 810 3090 lindre
827 3023 990 3107 dicebant,
1017 3023 1103 3110 quod
1118 3021 1273 3105 Ohurnug
1292 3020 1438 3107 prefatus
1456 3039 1504 3087 se-

375 3125 530 3195 eundurio
546 3127 709 3216 predictos
725 3130 882 3212 homines,
907 3129 963 3215 qui
979 3149 1109 3216 semper
1124 3128 1218 3196 liberi
1235 3128 1385 3212 inissent,
1403 3128 1502 3213 impe·

374 3243 457 3306 teret
479 3235 514 3300 in
539 3235 748 3320 seruitutem,
775 3242 807 3302 et
831 3237 972 3319 qualiter
998 3235 1135 3322 predieti
1160 3233 1306 3303 homines
1332 3227 1503 3300 iustifieuti

374 3343 514 3412 fuissent
529 3349 644 3411 eontra
659 3343 799 3410 eundem
816 3341 989 3428 Ohurnug;
1011 3362 1109 3429 super
1124 3342 1185 3410 hoe
1200 3341 1352 3408 dixerunt
1375 3341 1503 3407 litteras

373 3449 478 3536 (iuris,
505 3449 666 3535 quondam
683 3449 818 3519 Comitis
836 3453 1080 3537 Zegrebiensis,
1098 3471 1134 3518 se
1150 3451 1281 3517 habere.
1310 3448 1402 3526 Ques
1429 3465 1501 3514 uum

373 3558 431 3644 iilij
458 3557 567 3625 Endre
582 3558 615 3625 in
642 3559 696 3626 die
721 3559 764 3627 ad
788 3561 849 3629 hoe
873 3561 1053 3646 assignato,
1080 3558 1314 3638 exhibuissent,
1349 3555 1498 3641 preintus

373 3665 526 3750 Ohumug
550 3684 608 3732 eus
624 3665 822 3754 fulsifieunit,
849 3667 979 3736 demum
995 3675 1104 3734 temen
1121 3666 1276 3749 Ohumug
1299 3663 1449 3750 preintus
1469 3665 1500 3728 in

371 3773 477 3843 formu
502 3773 752 3863 composicionis
778 3779 890 3845 habite
907 3778 938 3845 in
959 3777 1077 3862 duello,
1105 3775 1192 3862 quod
1216 3773 1361 3840 habebut
1386 3779 1500 3838 eontra

372 3882 457 3950 filios
467 3879 575 3949 Endre
585 3901 682 3969 super
698 3885 794 3952 terris
804 3886 945 3970 Dobony
962 3895 994 3953 et
1003 3883 1161 3968 Zuhodoi,
1178 3882 1344 3970 predietos
1357 3882 1499 3964 quinque

372 3987 520 4058 homines
544 3995 700 4075 tunquam
716 3992 851 4077 liberos,
878 4001 911 4059 st
925 3993 1053 4060 litteras
1069 3991 1161 4060 Gurk
1181 3987 1316 4056 Comitis
1343 3995 1498 4072 unquam

371 4097 475 4165 iustus
491 4096 621 4181 reliquit
636 4117 744 4165 eorum
761 4099 867 4167 nobis.
892 4099 984 4168 Vnde
1000 4121 1060 4169 nos
1078 4102 1167 4187 ipsos
1183 4099 1327 4181 quinque
1350 4098 1497 4163 homines

371 4205 414 4271 ub
429 4203 551 4271 iniusta
565 4201 771 4290 impetitione
791 4209 893 4296 ipsius
914 4209 1067 4294 Ohumug
1081 4209 1300 4288 absoluentes,
1322 4209 1355 4272 et
1369 4205 1496 4272 litteras

372 4311 466 4380 (iuris
481 4311 616 4379 comitis
640 4311 744 4382 iustas
760 4317 929 4401 habentes,
954 4317 1081 4385 litteras
1105 4321 1275 4402 presentes
1297 4312 1490 4380 eontulimus

371 4420 405 4484 in
418 4420 639 4488 testimonium
664 4420 760 4490 huius
776 4423 853 4492 faeti
870 4423 973 4510 sigilii
998 4426 1099 4493 nostri
1115 4420 1292 4491 munimine
1312 4420 1492 4486 roboratus.

372 4525 492 4592 Datum
509 4543 594 4593 enno
611 4525 743 4596 Domini
760 4531 805 4596 Μο
816 4529 880 4596 00⁰
891 4530 930 4595 L⁰
946 4552 1041 4599 nono.

453 4667 502 4732 (Ar
515 4669 615 4720 eredeti
627 4669 692 4723 uttn
706 4669 776 4724 letti
789 4671 901 4742 Kiroip
920 4677 1007 4729 Huzai
1021 4671 1192 4740 Okmtnyttr
1205 4671 1251 4724 IV.
1267 4669 1325 4722 kuu
1340 4669 1385 4721 3⁷.
1399 4668 1430 4736 l.)
