3162 5188
896 341 963 418 336

363 547 516 614 frutribus
541 545 582 613 de
605 545 664 614 Bcl
689 547 750 613 bus
776 549 954 635 cxoqnics;
981 546 1135 616 uidelicet
1150 548 1177 614 1,
1192 568 1296 636 penes
1312 549 1420 632 ulbos,
1449 548 1497 614 Vl

362 654 477 740 ydrias
501 654 674 740 cereuisie,
699 655 795 722 unius
810 655 890 723 unni
912 655 1060 743 uitulum,
1086 675 1237 725 mserem
1252 663 1286 726 et
1300 654 1385 725 (loss
1401 655 1500 741 gulti-

363 783 433 830 nus.
449 765 491 831 nt
505 773 540 830 ut
555 763 616 831 hoc
632 763 806 832 seruicium
821 764 986 853 predictus
1002 763 1116 833 Obeluo
1130 766 1288 859 plenarie·
1301 764 1409 853 possit
1423 785 1500 852 per-

363 873 500 963 soluere,
527 875 651 944 contuli
676 873 739 941 sibi
764 874 881 961 uiginti
907 875 1024 961 iugero
1047 880 1207 944 terrarum
1231 882 1264 944 et
1289 875 1498 963 particulam

363 981 447 1051 silue
457 981 522 1050 sibi
531 980 755 1049 sufficientem.
771 982 853 1050 item
863 980 963 1049 ulium
975 1001 1106 1050 seruum
1115 982 1357 1050 meumoontnli
1369 983 1498 1050 Snucto

362 1087 509 1159 tlercrdo
525 1089 661 1179 capelle
685 1088 831 1158 eiusdem
844 1090 1033 1158 lloussterii
1058 1089 1152 1160 cuius
1168 1127 1211 1140 -
1228 1127 1273 1142 -·
1287 1127 1332 1141 -
1348 1090 1409 1158 lcii
1437 1111 1498 1157 uo

362 1199 499 1283 nomine,
517 1199 599 1267 Abel
625 1198 712 1266 ilios
737 1197 887 1284 Heocbu;
912 1205 1112 1267 tamencum
1137 1201 1195 1268 tuli
1211 1199 1351 1270 seruicio
1369 1197 1496 1268 cousti-

360 1311 420 1394 tui‚
447 1314 484 1375 ut
507 1328 580 1376 cnm
606 1309 676 1375 suis
701 1305 878 1375 heredibus
902 1307 1004 1376 Bouto
1029 1307 1176 1376 Gercrdo
1200 1309 1417 1397 csmpsuiuct.
1446 1309 1493 1375 Vt

361 1421 469 1482 autem
484 1417 545 1484 hec
560 1415 697 1485 donacio
721 1413 793 1483 sinc
808 1415 920 1500 uliquu
935 1417 1134 1484 retruocioue
1150 1417 1203 1484 vel
1229 1415 1422 1505 calumpnia
1438 1417 1489 1482 iu·

361 1523 556 1592 uiolsbiliter
580 1542 732 1613 processu
757 1531 937 1612 temporum
960 1532 1118 1612 perpetuo
1143 1525 1250 1611 possit
1277 1545 1488 1612 permanere,

359 1632 483 1702 litteras
505 1642 673 1720 presentes
698 1632 808 1719 sigillo
833 1634 986 1719 Gregorii
1010 1634 1121 1701 {rubis
1147 1635 1210 1702 mei
1235 1632 1298 1701 feci
1323 1635 1487 1718 roborari,

359 1741 437 1826 quis
451 1761 513 1829 ego
536 1740 679 1829 sigillum
703 1742 872 1827 proprium
894 1761 959 1810 non
974 1741 1147 1810 bubcbum
1173 1745 1268 1809 Auno
1288 1741 1423 1808 Domini
1440 1742 1489 1807 w

512 2011 651 2079 (Erodetie
663 2026 680 2063 u
691 2010 886 2078 pcuuonbulmi
898 2007 1098 2080 ibupttstgusk
1111 2007 1320 2078 levtlttrlbuu.)

878 2783 955 2852 234.

355 2963 385 3028 A
395 2965 507 3050 jodroi
520 2963 749 3030 kereekedbknek
769 2962 980 3029 loresledomi
1001 2967 1161 3049 cissonyoi
1183 2963 1380 3030 Veleoczeben
1406 2989 1475 3030 ozn-

744 3071 969 3157 brilyoztotoalr.
989 3071 1086 3136 1251.

460 3271 496 3336 ln
522 3267 651 3336 nomine
675 3265 736 3334 Dei
760 3265 894 3334 Aeterni
917 3267 1032 3335 Amen.
1057 3266 1154 3335 Auno
1178 3268 1223 3336 eb
1247 3268 1476 3336 lncnruutionc

353 3376 485 3442 Domini
502 3375 604 3443 nostri
619 3375 698 3442 Jesu
709 3373 829 3441 Christi
845 3373 1018 3442 millesimo
1034 3372 1258 3444 ducentesimo
1276 3377 1480 3464 quinquege-

353 3485 437 3550 simo
453 3481 557 3568 primo
573 3483 625 3550 dic
641 3486 758 3550 octauo
774 3487 914 3550 exeunte
930 3501 1039 3550 menso
1050 3483 1199 3568 Augusti,
1221 3483 1402 3553 Indictione
1418 3486 1472 3552 1v.

353 3590 495 3659 Rivoulti
519 3591 598 3658 urbe
615 3589 703 3658 lelioi
727 3590 761 3656 in
778 3588 906 3656 Palatio
923 3590 1068 3656 Dnoetus
1092 3590 1320 3676 venetiorum
1344 3611 1478 3677 presen-

350 3699 438 3766 tibus
462 3699 600 3766 testibus
625 3696 750 3783 rogatis
766 3695 941 3766 Nobilibus
965 3697 1045 3766 uiris
1061 3697 1201 3783 Lumpre
1219 3697 1285 3765 lilio
1309 3698 1477 3784 quondum

351 3806 464 3874 Preste
489 3805 530 3874 de
545 3805 657 3890 Duris,
682 3805 791 3872 Juuuo
815 3805 882 3874 lilio
897 3804 1017 3872 Potrici
1041 3802 1083 3871 de
1096 3805 1205 3889 Forte,
1229 3803 1383 3873 Dimitrio
1410 3805 1478 3874 filio

351 3917 466 3982 Preste
489 3911 531 3981 (le
546 3911 717 3996 Mutolcro,
731 3912 898 3980 lluttlrueo
923 3911 990 3980 lilio
1014 3911 1176 3996 quondum
1193 3910 1358 3982 Theodori
1372 3913 1475 3982 'l'osu-

350 4022 450 4108 uingi,
465 4022 598 4090 Andron
622 4021 690 4090 tilio
707 4019 840 4090 Beudos
864 4021 1048 4092 Jodrutiuis
1072 4020 1202 4092 Jouune
1220 4022 1359 4091 Bsrooio
1398 4023 1475 4090 Bur-

350 4130 534 4200 tholomueo
559 4127 600 4198 de
615 4128 739 4214 lluglu,
757 4128 898 4198 Henrieo
921 4128 964 4199 de
980 4131 1178 4216 Fusoureno,
1203 4131 1377 4200 Dominico
1404 4129 1476 4197 Ari·

349 4239 469 4308 mundo
495 4238 537 4307 de
560 4235 717 4322 Venetiis,
742 4246 776 4306 et
802 4237 878 4306 eliis
903 4239 1023 4307 multis.
1049 4237 1168 4308 (lorum
1190 4238 1323 4306 domino
1348 4239 1476 4306 llsrino

348 4348 543 4416 licuroeeno
560 4346 622 4414 Dei
647 4346 756 4430 grstia
772 4345 888 4414 [nolito
903 4347 996 4415 Duce
1013 4347 1231 4432 venetiarum,
1254 4347 1324 4416 Nos
1339 4347 1476 4434 Stepbs·
1495 4397 1501 4406 .

348 4475 410 4522 nus
434 4456 476 4524 de
500 4454 625 4543 Picigu,
653 4463 686 4522 et
700 4456 808 4522 Zerne
830 4453 873 4523 de
893 4455 1029 4541 Meros,
1055 4455 1172 4524 Nunoii
1188 4461 1222 4522 ct
1238 4455 1475 4524 Anubsxstores

349 4561 495 4647 Comitis,
521 4562 788 4631 consiliariorum
812 4568 845 4632 et
860 4561 1048 4633 Communis
1063 4562 1198 4650 Judrue,
1225 4563 1383 4633 habentes
1404 4562 1470 4650 plc-

348 4691 425 4738 num
440 4670 701 4739 commissionem
712 4671 754 4739 ab
770 4671 905 4759 eisdem,
923 4677 1016 4740 tenor
1029 4672 1122 4756 cujus
1139 4671 1377 4740 commissionis
1393 4670 1472 4739 inle-
