3162 5188
845 329 1010 431 Q

364 539 458 617 regat
477 539 508 598 et
523 532 664 598 instruat
688 527 863 596 secundum
884 526 1138 594 ecclesiasticam
1160 523 1379 611 disciplinam.
1405 524 1495 590 Etsi

364 641 506 725 aliquem
524 640 715 707 clericorum
734 635 890 723 repererit
907 633 1076 720 excedere,
1105 635 1157 700 vel
1173 633 1308 700 deniare
1323 652 1345 697 a
1360 633 1496 698 tramite

363 746 461 832 officij
479 746 651 832 clericalis,
676 753 743 812 tam
760 745 866 814 officio
884 766 985 830 quam
1010 745 1168 813 beneficio
1192 741 1359 831 spoliabit,
1384 749 1419 808 et
1433 739 1495 822 alij

362 853 507 921 conseret
532 853 574 919 ad
599 872 694 920 suum
722 851 889 919 arbitrium
915 851 1106 936 voluntatis,
1139 859 1206 918 tam
1233 849 1434 938 prebendae,
1461 853 1494 914 et

363 961 510 1029 ordinum
528 959 715 1046 dignitates,
732 959 813 1027 iuris
828 968 939 1027 tamen
957 959 990 1025 in
1007 959 1159 1029 omnibus
1176 957 1289 1026 ordine
1302 959 1492 1026 obseruato.

362 1068 486 1135 Eodem
514 1076 623 1135 antem
648 1068 811 1156 Episcopo
834 1067 987 1154 Tragurij
1012 1075 1240 1151 commorante,
1260 1065 1493 1153 Archipresbi-

362 1186 412 1244 ter
438 1196 495 1262 per
520 1175 718 1262 Episcopum
743 1174 910 1242 institutus
936 1194 1056 1244 causas
1083 1176 1217 1262 cudat,
1245 1173 1493 1262 appellacioues

363 1283 407 1350 ad
424 1283 623 1370 Episcopum
648 1283 857 1368 transmittat,
886 1289 917 1349 et
950 1284 1148 1351 sentenciam
1173 1282 1317 1350 eiusdem
1334 1282 1492 1369 Episcopi

362 1391 550 1458 obedienter
582 1395 615 1454 et
638 1387 804 1455 humiliter
828 1394 1048 1475 suscepturus.
1080 1391 1170 1457 Idem
1196 1410 1324 1476 quoqne
1350 1389 1490 1476 Episco-

362 1520 423 1586 pus
447 1497 536 1585 apud
555 1497 751 1584 Tragurium
777 1497 904 1565 clericis
929 1499 1194 1567 Sibenicensibus
1219 1499 1351 1566 ordines
1376 1505 1411 1564 et
1431 1499 1490 1563 Eo·

364 1605 482 1674 clesias
509 1627 569 1674 con
592 1605 695 1690 lerat;
721 1605 984 1691 archipresbiter
1007 1626 1156 1691 namque,
1182 1613 1216 1672 et
1240 1607 1342 1674 ceteri
1366 1605 1491 1674 Sibcni-

364 1733 478 1781 censes
504 1712 625 1798 elerici,
650 1711 792 1778 manime
809 1713 975 1781 Ecclesiae
992 1713 1210 1799 possidentes,
1235 1714 1331 1780 annis
1351 1711 1490 1798 singulis

361 1821 496 1889 visitent
527 1840 600 1887 eum
628 1840 699 1886 oum
731 1817 858 1904 euenijs
889 1821 1146 1906 competentibus
1173 1821 1225 1889 bis
1254 1821 1288 1887 in
1318 1841 1380 1889 sua
1404 1820 1490 1888 Sede

363 1928 562 2014 Episcopum
582 1933 804 2010 memoratum,
831 1927 864 1994 in
880 1927 1063 1995 Natiuitate
1083 1928 1215 1997 Domini
1237 1928 1319 1998 etin
1338 1930 1488 2014 Pascha,

363 2035 455 2102 citati
471 2037 575 2103 eciam
593 2037 635 2102 ab
660 2037 774 2104 eodem
791 2035 955 2123 Episcopo
980 2055 1040 2122 per
1053 2036 1182 2103 litteras
1197 2037 1249 2102 vel
1267 2037 1412 2121 sigillum
1429 2057 1490 2122 pro

363 2163 467 2211 cansa
492 2143 638 2230 qualibet
654 2143 851 2228 Tragurium
877 2143 1021 2213 veniant.
1046 2144 1084 2210 ln
1099 2144 1183 2210 sesto
1200 2163 1278 2212 vero
1300 2145 1414 2212 Sancti
1433 2145 1489 2210 bli-

361 2253 486 2321 cbaelis
512 2253 680 2320 annuatim
707 2252 890 2320 venientem
915 2251 1114 2338 Episcopum
1136 2252 1358 2320 Sibcnicensis
1374 2252 1490 2320 Arabi-

362 2361 524 2448 presbiter
538 2381 596 2447 per
611 2379 647 2427 se
663 2358 769 2447 ipsum
785 2361 886 2427 semel
902 2359 1099 2446 procurabit,
1127 2365 1160 2426 et
1174 2359 1285 2428 clerici
1310 2360 1488 2428 communi·

364 2477 413 2536 ter
437 2468 703 2554 procuracionem
728 2469 867 2534 alteram
892 2467 1109 2552 exhibebunt;
1137 2467 1180 2535 de
1195 2468 1288 2554 cujus
1306 2466 1380 2535 festi
1397 2468 1488 2534 obla·

364 2577 522 2662 sionibus,
539 2575 665 2644 scilieet
680 2576 831 2662 panibus,
858 2577 1013 2662 denariJ's,
1032 2576 1187 2660 candelis,
1204 2597 1267 2662 que
1290 2578 1333 2645 ad
1348 2577 1488 2644 eandem

364 2685 535 2754 ecclesium
553 2685 751 2770 deferuntur,
767 2685 927 2753 medietas
945 2685 1075 2753 dabitur
1084 2687 1260 2772 Episcopo,
1277 2687 1488 2754 medietatem

362 2794 499 2861 alteram
516 2793 747 2862 Sibcnicenses
764 2793 872 2859 clerici
889 2793 1071 2880 recepturi,
1098 2794 1208 2860 vinum
1224 2810 1313 2877 vero,
1339 2791 1426 2878 quod
1441 2793 1487 2858 ad

363 2920 519 2987 vesperas
545 2905 745 2989 apportatur,
772 2899 955 2987 Episcopus
971 2899 1073 2986 recipi
1088 2900 1200 2986 faciat,
1227 2901 1306 2969 dato
1322 2901 1412 2987 prius
1433 2899 1488 2968 bis

361 3014 416 3079 vel
431 3017 481 3077 ter
497 3010 539 3076 de
554 3009 626 3096 ipso
637 3007 765 3076 clericis
782 3015 814 3075 et
829 3007 926 3075 laicis
942 3008 986 3073 ad
996 3006 1180 3078 bibendum.
1196 3010 1247 3075 De
1260 3007 1488 3076 oblacionibus

362 3138 440 3186 vero
465 3117 557 3186 festis
582 3119 774 3185 Sanctorum
801 3115 919 3183 Oosme
946 3123 979 3182 et
1006 3116 1162 3183 Damiani
1193 3116 1326 3183 terciam
1357 3122 1488 3203 partem

363 3228 548 3315 Episcopus
565 3225 711 3313 recipiat.
728 3227 778 3292 De
790 3224 926 3292 decimis
942 3230 1050 3292 autem
1062 3225 1222 3312 omnibus,
1240 3246 1302 3310 que
1316 3245 1375 3313 per
1384 3234 1487 3293 totam

360 3335 548 3424 parochiam
574 3335 818 3402 Sibcnicenscm
835 3355 856 3400 a
871 3332 1125 3400 decimatoribns
1150 3334 1340 3401 clericorum
1364 3333 1486 3400 Sibeni-

360 3443 504 3510 censium
522 3461 594 3508 eam
610 3441 729 3509 clerieo
744 3439 901 3527 Episcopi
919 3441 1125 3527 colliguntur,
1152 3441 1278 3510 decima
1299 3463 1376 3529 pars
1394 3440 1486 3508 dabi-

360 3559 413 3618 tur
428 3549 546 3619 Comiti
561 3550 777 3635 Sibcnicensi‚
794 3569 883 3617 nona
898 3569 975 3637 pars
991 3550 1283 3637 Archipresbitero,
1308 3549 1398 3617 etde
1413 3557 1486 3618 octo

362 3658 501 3727 residuis
517 3660 725 3747 porcionibus
742 3658 949 3726 medietatem
966 3659 1150 3746 Episcopus
1170 3660 1319 3746 plenarie
1338 3661 1483 3748 recipiat,

360 3773 393 3836 et
409 3787 600 3853 quocunque
617 3766 755 3835 voluerit
781 3786 854 3834 eam
876 3765 977 3833 faeiat
994 3767 1097 3834 libere
1122 3769 1305 3853 asportari;
1332 3767 1484 3835 medieta-

358 3884 517 3944 tumuere
544 3878 681 3943 alteram
696 3873 925 3944 Sibcnicenses
943 3875 1052 3942 clerici
1075 3875 1238 3961 recipiant
1251 3877 1406 3943 uniuersi.
1435 3877 1484 3942 De

361 3984 598 4070 oblacionibus,
631 4003 694 4068 qne
720 3983 801 4050 fiunt
823 3983 857 4049 in
885 3983 1191 4052 consecracionibus
1219 3983 1428 4052 ecclesiamm
1450 3985 1481 4051 in

359 4093 520 4177 Sibcnico,
537 4087 570 4157 in
588 4111 703 4178 campo
719 4089 854 4176 marine,
872 4097 905 4157 et
920 4091 953 4156 in
973 4126 1242 4139 -----
1262 4092 1397 4158 terciam
1413 4110 1480 4177 par·

358 4208 424 4266 tem
441 4200 635 4287 Episcopus,
657 4196 792 4265 terciam
816 4196 926 4264 elerici
941 4197 1188 4282 Tbagurienscs,
1215 4197 1350 4264 terciam
1374 4199 1478 4265 elerici
1522 4280 1528 4288 Ι

357 4307 798 4376 Sibcnicensesobtinebnnt.
819 4304 908 4383 Quas
919 4305 1109 4374 oblaciones
1119 4305 1357 4392 Tragurienses
1373 4307 1477 4374 elerici

358 4418 515 4500 colligent
539 4415 601 4505 (et)
618 4415 776 4499 diuident,
794 4416 878 4482 siout
897 4415 1047 4502 superius
1073 4419 1123 4484 est
1146 4433 1346 4501 expressum.
1372 4415 1477 4482 Archi-

358 4524 518 4613 presbiter
533 4543 611 4593 vero
628 4531 662 4592 et
676 4524 789 4591 Abbas
804 4523 1041 4608 Sibcnicenses,
1065 4523 1098 4590 in
1115 4543 1173 4591 sue
1189 4523 1360 4609 dignitatis
1376 4522 1476 4591 officio

357 4654 415 4724 per
430 4633 627 4724 Episcopum
653 4631 829 4720 constituti,
847 4632 1042 4718 Tragurium
1058 4631 1202 4718 veniant,
1227 4651 1345 4701 manus
1370 4651 1473 4702 conse·
