3226 5194
657 845 735 913 364.

130 1030 179 1094 Aa
195 1032 377 1116 ecaterqama'
390 1029 604 1124 kdptalauaab
629 1027 899 1113 biaoaysdplevele,
922 1027 1004 1112 kopp
1020 1024 1144 1090 Luku‘ea
1160 1022 1258 1088 Sardi

133 1137 329 1224 Bepardaob
345 1139 397 1222 flu
414 1137 560 1202 Surdboa
576 1137 645 1202 teve
659 1135 790 1201 birtokdt
813 1133 1005 1200 rokoaau'nnk
1020 1133 1134 1199 eladtu.
1161 1134 1258 1197 1259.

237 1333 420 1420 Phylippus
430 1333 617 1417 Propositus
631 1338 662 1398 et
672 1331 859 1418 Capitulum
871 1332 1017 1398 Ecclesia
1026 1328 1260 1415 Strigoniensis

132 1439 285 1507 omnibus
303 1439 422 1506 Christi
438 1439 588 1506 fidelibus
615 1447 781 1525 presentes
798 1439 927 1505 litteras
951 1437 1146 1522 inspecturis
1170 1436 1259 1501 saln-

132 1556 198 1614 tem
215 1548 249 1612 in
266 1547 406 1613 Domino
433 1545 674 1628 sempiternam.
701 1543 753 1610 Ad
769 1546 995 1612 uniuersorum
1018 1543 1171 1611 noticiam
1194 1549 1261 1608 tam

133 1653 340 1744 presencium
355 1673 454 1737 quam
478 1653 657 1719 futororum
674 1653 790 1718 harum
816 1655 899 1720 serie
915 1653 1063 1722 volumus
1078 1651 1261 1740 peruenire,

133 1763 222 1847 quod
236 1763 331 1828 Luka
346 1762 432 1828 filius
448 1760 581 1843 Bogard
599 1761 639 1826 de
655 1761 770 1829 Sarow
786 1761 949 1829 innostra
965 1760 1138 1846 presencia
1152 1778 1262 1846 perso·

134 1870 254 1938 naliter
269 1869 462 1937 constitutus
489 1869 530 1936 ab
546 1890 612 1936 una
628 1875 732 1956 parte,
760 1875 792 1936 et
808 1870 901 1954 Guge
916 1867 1003 1935 iilius
1018 1867 1105 1933 Petri
1122 1866 1162 1933 de
1182 1865 1263 1933 uilla

134 1980 249 2064 Balan,
277 1997 316 2043 ae
341 1977 520 2044 Ladizlaus
546 1977 630 2044 filius
647 1977 785 2043 Adriani
809 1975 909 2043 frater·
934 1975 1089 2060 eiusdem,
1114 1993 1174 2042 neo
1198 1994 1262 2042 non

135 2086 274 2172 Egidius
290 2085 376 2152 filius
393 2087 505 2171 Rogas
523 2085 642 2152 nobilis
657 2085 698 2152 de
714 2086 805 2170 Saag
820 2085 861 2152 de
875 2085 1091 2170 generatione
1106 2091 1139 2150 et
1153 2081 1261 2170 proxi-

138 2197 252 2262 mitate
265 2194 440 2262 eorundem
457 2193 604 2261 similiter
614 2213 654 2260 ex
671 2195 794 2280 altera;
812 2194 916 2262 dictus
928 2192 1119 2261 Lakafiiius
1128 2189 1262 2276 Bogard

136 2299 179 2367 de
194 2301 308 2369 Sarow
324 2318 473 2367 asserens
489 2320 600 2367 eoram
616 2301 712 2369 nobis
728 2301 806 2368 nina
822 2319 910 2387 uoce,
932 2299 1017 2385 quod
1033 2306 1153 2368 terram
1168 2317 1262 2366 snam

135 2409 171 2475 in
185 2410 299 2477 Sarow
314 2408 381 2476 iam
396 2406 485 2476 dieta
501 2407 703 2494 existentem,
729 2414 762 2475 et
776 2405 821 2476 ad
836 2428 895 2476 sex
910 2416 1020 2477 aratra
1035 2406 1258 2492 sufficientem,

137 2537 210 2586 cum
226 2516 353 2585 duobus
378 2514 585 2603 moleudynis
601 2536 699 2603 super
714 2515 847 2586 fluuium
864 2516 972 2584 (toron
988 2517 1023 2582 in
1040 2514 1154 2583 eadem
1173 2521 1259 2585 terra

138 2625 223 2709 sitis,
251 2630 284 2691 et
305 2625 447 2692 insulam
472 2645 545 2691 cum
570 2645 700 2691 nemore
725 2630 758 2692 et
780 2625 887 2693 saneto
913 2625 957 2692 ad
982 2625 1119 2695 eandem
1143 2633 1264 2693 terram

138 2731 388 2822 pertinentibus,
414 2751 512 2817 quam
530 2731 572 2798 ab
598 2731 720 2798 eisdem
738 2733 831 2818 Guge
847 2731 912 2800 filio
928 2733 1025 2819 Petri,
1054 2739 1086 2800 et
1105 2733 1260 2802 budizlao

136 2842 206 2912 filio
222 2841 361 2908 Adriani
386 2840 486 2908 fratre
502 2861 560 2908 sno
578 2841 757 2928 iamdicto,
782 2841 877 2908 titulo
895 2843 1073 2928 empcionis
1099 2837 1263 2925 quondam

136 2971 197 3037 pro
213 2948 459 3033 quatuordeeim
476 2951 606 3034 mareis,
625 2949 841 3017 mediantibus
856 2951 974 3019 litteris
990 2951 1110 3019 nostris
1133 2951 1264 3038 priuile-

137 3058 282 3144 gialibus
300 3063 557 3144 compossuerat,
584 3055 817 3144 possidendam
834 3059 867 3124 in
884 3059 968 3127 tilios
984 3059 1121 3125 filiorum
1141 3059 1264 3146 pariter

137 3173 172 3233 et
186 3165 383 3250 habendam,
408 3167 599 3234 condicione
624 3166 683 3233 tali
700 3168 879 3252 interioota,
907 3167 1043 3251 quodsi
1068 3167 1154 3234 idom
1170 3166 1265 3234 Luka

138 3277 225 3344 filius
241 3274 382 3359 Bogard,
400 3274 451 3341 nel
468 3276 571 3361 ipsius
588 3277 823 3362 progenitores,
851 3295 909 3342 seu
926 3295 1140 3360 successores,
1158 3276 1264 3362 ipsam

137 3393 260 3450 terram
287 3379 330 3447 ad
356 3401 415 3448 sex
440 3389 558 3471 aratra,
587 3390 621 3450 vt
645 3385 840 3470 premissum
867 3393 932 3469 est,
957 3383 1169 3452 sufficientem
1195 3402 1266 3449 cum

139 3491 268 3560 duobus
286 3491 490 3578 molendynis
517 3492 581 3557 iam
599 3492 702 3580 dictis,
719 3500 751 3558 et
767 3493 885 3579 insula,
910 3514 950 3560 ac
965 3514 1097 3561 nemore
1114 3501 1146 3561 et
1161 3490 1266 3561 teneto

140 3599 329 3668 memoratis
345 3601 463 3684 quouis
488 3620 644 3686 processu
669 3610 849 3687 temporum
864 3601 1016 3688 uendere,
1041 3603 1093 3669 uel
1110 3601 1266 3690 obligare,

139 3730 198 3777 seu
214 3709 424 3797 inpignorare
440 3709 630 3795 intenderet,
648 3710 676 3776 si
692 3711 797 3797 ipsum
814 3714 993 3779 necessitas
1009 3713 1121 3796 aliqua
1139 3720 1268 3796 urgeret

141 3824 198 3885 ant
213 3817 375 3901 uoluntas,
402 3817 521 3883 nemini
538 3823 660 3904 posset,
686 3839 747 3886 nec
764 3819 908 3905 deberet,
935 3822 999 3887 nisi
1023 3819 1104 3908 ipsis
1121 3818 1216 3903 (iuge
1236 3825 1269 3885 et

141 3923 310 4010 Ladizlao,
336 3924 390 3990 uei
406 3925 551 4010 ipsorum
577 3926 735 4014 proximo,
760 3929 815 4013 qui
831 3949 886 3998 eos
903 3929 991 3996 linea
1008 3927 1189 4012 affinitatis,
1215 3929 1270 3994 uel

142 4033 245 4098 eciam
271 4032 581 4118 consangnineitatis
607 4037 781 4120 attingeret
805 4039 839 4103 in
863 4037 1006 4123 ipsorum
1032 4037 1268 4122 generacione5

145 4141 231 4208 dixit
246 4147 279 4207 et
294 4141 462 4210 confessus
480 4149 540 4229 est,
557 4143 664 4231 ipsam
681 4151 800 4212 terram
817 4143 969 4214 videlicet
993 4167 1053 4232 pro
1070 4168 1127 4214 sex
1152 4147 1269 4213 aratris

141 4248 365 4334 sufficientem,
384 4270 455 4317 cum
472 4251 553 4338 ipsis
570 4253 696 4321 duobus
717 4252 933 4340 molendyuis,
951 4263 983 4321 et
999 4258 1117 4340 insuia,
1139 4278 1269 4339 nemore

143 4377 182 4422 ac
198 4357 307 4425 feneto
326 4359 510 4427 memoratis
529 4357 715 4427 uendidisse
731 4381 790 4444 pro
807 4361 941 4430 totidem
959 4365 1100 4451 pecunia
1119 4371 1267 4450 quatuor·

143 4464 247 4531 decim
268 4485 450 4534 marcarum
467 4467 585 4552 Egidio
602 4467 667 4535 fitio
683 4471 796 4554 Rogas
813 4471 987 4560 antedicto,
1011 4481 1043 4540 et
1060 4474 1128 4540 suis
1144 4473 1269 4541 heredi·

144 4571 214 4655 bus,
233 4573 453 4660 heredumque
470 4593 599 4642 suorum
615 4577 857 4646 successoribus
884 4579 954 4646 iure
970 4589 1126 4668 perpetuo
1144 4590 1175 4649 et
1193 4581 1270 4650 irre·

190 4707 292 4743 uoumu.
309 4709 388 4745 arnus.
406 4710 475 4746 rursu.
496 4721 530 4730 -ψ
552 4713 622 4748 nura.
640 4706 672 4743 ¹².
1070 4701 1109 4758 83
