3186 5188
541 373 692 474 283--

56 572 187 660 tmimne,
216 570 321 658 sigilli
357 571 460 642 nostri
495 571 672 642 munimine
705 571 900 641 roboratam.
931 573 1026 640 Anno
1049 571 1180 642 Domini

55 679 246 750 nocmrv.

308 789 433 858 (Fuisti,
447 791 590 860 illyricum
602 791 714 846 Sacrum
726 791 759 846 V.
773 791 829 844 bot
844 790 887 846 ib.
900 787 931 861 b)

580 1600 657 1672 123.

61 1781 115 1847 11⁷.
129 1781 208 1850 Beda
232 1783 399 1868 kirdiynok
424 1783 603 1871 adoosdnpa
628 1785 736 1850 Istodn
759 1807 856 1852 conseo
871 1790 901 1850 e's
917 1785 1096 1870 orezdpbird
1110 1787 1179 1851 ezd-

509 1897 610 1960 mdra.
625 1891 723 1958 1245.

156 2089 241 2154 Bela
259 2087 322 2154 Dei
342 2087 644 2176 grucioiiungorie‚
661 2091 842 2174 Delmeeie,
859 2089 1049 2171 Cheruscis,
1066 2091 1178 2175 Reme,

57 2197 174 2280 Seruio,
186 2195 339 2280 culicis,
351 2195 552 2283 Lodomcrie,
568 2196 790 2284 (iumentoque
804 2201 874 2266 Rex
889 2199 1048 2266 uniuersis
1058 2195 1179 2266 Christi

56 2303 200 2372 fidelibus
225 2303 432 2391 presencium
455 2305 609 2372 noticiam
625 2305 785 2374 habituris
801 2308 939 2374 sulutem
954 2307 987 2374 in
1003 2327 1042 2374 eo
1058 2305 1113 2392 qui
1129 2310 1180 2372 cst

57 2415 151 2481 scius.
179 2413 285 2498 Regio
308 2412 615 2499 circumspeccionis
631 2413 728 2502 oculi,
749 2415 805 2500 qui
819 2413 958 2501 prouide
974 2414 1180 2483 considerant

56 2525 167 2592 merita
191 2523 405 2612 singniomm,
431 2523 550 2592 debent
574 2525 643 2594 suis
658 2523 808 2592 fidelibus
824 2525 914 2591 ctare
929 2524 1013 2593 tenti
1029 2525 1178 2594 culminis

58 2632 202 2703 subsidia
226 2631 397 2721 impertiri,
423 2633 564 2701 maxime
589 2633 790 2720 autemillis,
815 2653 873 2722 pro
893 2633 1009 2719 quibus
1026 2633 1178 2720 multipli-

4 2815 5 2818 ,
57 2749 126 2810 ceta
140 2743 276 2831 proprio
291 2740 434 2810 seruicia
460 2747 492 2808 et
507 2738 710 2810 diuersarum
733 2743 932 2829 probitatum
952 2745 1068 2811 merita
1082 2744 1177 2810 inter·

57 2849 178 2919 cedunt
195 2851 281 2917 Hinc
296 2857 356 2936 est,
376 2848 465 2934 quod
479 2848 523 2915 nd
537 2849 760 2920 uniuersorum
777 2856 845 2916 tam
861 2852 1065 2937 preseneium
1080 2872 1177 2937 quem

57 2965 254 3048 posterorum
278 2957 435 3024 noticiam
458 2955 572 3022 bemm
600 2956 683 3024 serie
708 2957 857 3025 uolumus
882 2957 1065 3044 peruenire,
1091 2955 1177 3042 quod

59 3089 124 3136 enm
147 3063 347 3154 predileetus
372 3072 405 3132 ct
429 3061 534 3132 fidelis
559 3071 671 3132 noster
695 3063 811 3135 Comes
826 3067 1011 3154 Stephanus
1027 3066 1109 3133 Aule
1124 3084 1178 3131 no-

59 3182 119 3242 stre
133 3171 245 3243 Judex
260 3192 281 3240 a
296 3177 442 3257 tempore
458 3168 565 3238 adhue
574 3169 717 3257 puericie
732 3191 790 3241 sue
806 3172 892 3260 petri
907 3170 1039 3240 domino
1048 3171 1179 3240 Andree

58 3285 161 3351 inclite
173 3278 418 3350 recordacionis
433 3279 516 3366 Regi
531 3280 712 3366 Hungarie,
729 3287 762 3348 et
776 3281 945 3349 carissimo
960 3279 1052 3348 fratri
1067 3286 1178 3348 nostro

58 3391 182 3459 Andree
196 3387 331 3456 illustris
347 3386 616 3457 memoriucDoei
626 3387 776 3477 Gallicis,
796 3409 836 3457 uc
851 3390 956 3458 edum
971 3387 1066 3457 nobis
1082 3396 1180 3475 grute

59 3519 181 3587 semper
197 3517 238 3565 ac
253 3497 341 3566 omni
351 3495 581 3583 acceptccione
596 3495 699 3582 digna
708 3495 904 3584 impenderit
911 3494 1079 3564 fidelitatis
1088 3498 1179 3566 obse·

58 3611 139 3696 quie,
165 3613 235 3672 tem
259 3605 293 3672 in
316 3603 473 3690 pestifero
497 3605 730 3674 Tartburorum
755 3605 906 3691 aduentu,
932 3625 1030 3692 quum
1055 3614 1132 3675 ante
1147 3612 1179 3673 et

58 3723 126 3806 post
140 3717 239 3784 lateri
254 3719 365 3782 nostro
380 3713 576 3782 continuatis
586 3714 735 3784 seruieiis
748 3715 964 3784 eminentibus
978 3713 1177 3802 adherendo,

57 3833 119 3893 tum
143 3824 234 3891 eirca
257 3825 368 3908 portes
394 3821 585 3908 maritimus,
611 3843 710 3908 quum
733 3822 853 3906 ubique
875 3823 1019 3892 iocorum
1034 3831 1179 3911 tempore

58 3929 262 4002 aduersitatis
278 3929 420 3998 maxime
443 3929 624 4000 officiosum
639 3949 676 3999 se
691 3950 792 4017 penes
807 3949 867 3999 nos
882 3931 1040 3999 exhibens
1056 3937 1088 3999 et
1102 3929 1178 3999 fide·

57 4043 126 4129 lem,
141 4045 277 4128 propter
300 4057 364 4124 que
389 4039 422 4106 in
446 4037 638 4124 Magistrum
662 4040 854 4124 Agasonum
868 4045 1051 4108 nostrorum
1066 4037 1178 4125 prefici

59 4153 213 4220 meruerat
236 4148 387 4235 primum,
413 4153 446 4216 et
469 4165 555 4216 nunc
578 4147 613 4214 in
630 4147 779 4218 Jutbcem
798 4147 882 4216 Aule
906 4154 1018 4217 nostre
1042 4145 1178 4234 prouehi

59 4259 178 4343 meruit,
206 4255 251 4325 ad
275 4255 399 4325 alciora
423 4257 527 4326 eciam
542 4276 798 4344 conscensurus,
817 4258 852 4326 in
869 4256 1058 4325 memorium
1074 4253 1179 4321 multi·

58 4365 184 4454 piieium
209 4363 423 4434 seruieiorum
447 4363 518 4432 eius
542 4371 577 4432 et
601 4363 766 4433 fidelitatis
782 4363 911 4450 eximie,
927 4383 993 4450 que
1007 4362 1177 4450 prepollet,

58 4481 241 4543 nontamen
258 4471 293 4538 in
307 4469 439 4558 plenum
463 4470 813 4560 recompensacionem,
840 4489 913 4538 oum
931 4477 1099 4538 teneamur
1114 4469 1178 4536 sibi

61 4583 201 4669 greciam
226 4579 339 4668 gracie
362 4580 537 4667 cumulare,
563 4587 666 4650 terras
686 4579 846 4666 quosdam
862 4577 1107 4648 hebetatoribus
1121 4597 1179 4646 uu·

60 4711 141 4782 euos,
161 4688 320 4762 uidelicet
331 4695 452 4760 terrm
466 4689 600 4780 Heiasz,
625 4689 682 4762 ubi
696 4690 858 4779 quondam
876 4687 975 4760 cestu
989 4687 1118 4761 fuerent
1132 4689 1179 4779 pi·
