3168 5186
569 383 726 485 en.

71 580 233 664 partibus
265 584 507 669 possessionum
539 579 718 647 diuisamm
743 585 923 667 spontanea
953 578 1118 645 uoluntate
1148 575 1205 642 eli-

69 686 192 771 gendo
207 695 407 776 receperunt.
435 690 517 755 Item
533 685 675 754 secundo
692 693 879 754 numeratas
902 685 1127 772 possessiones
1147 705 1207 772 pro

71 795 214 864 duabus
224 797 372 882 partibus
382 795 562 863 diuiserum
574 795 817 881 possessionum
826 792 1038 861 Sebastianus
1050 798 1083 858 et
1092 794 1207 862 Petrus

70 904 113 969 in
132 923 229 970 snam
244 906 430 991 porcionem
441 907 660 991 acceptarunt.
677 903 727 970 Ne
742 902 842 989 igitur
854 903 888 968 in
903 920 1042 989 prooesu
1050 901 1206 988 temporis

57 994 186 1078 'series
203 1020 234 1078 et
250 1010 371 1078 tactum
388 1009 483 1078 huius
492 1010 666 1078 diuisiouis
682 1010 787 1098 possit
803 1010 927 1078 cassari
943 1030 999 1077 seu
1020 1010 1204 1097 deprauari,

71 1139 121 1186 ex
148 1117 312 1205 peticione
337 1119 484 1206 parcium
510 1120 553 1186 a'd
579 1119 675 1187 robur
700 1125 732 1185 et
757 1118 984 1186 firmitudinem
1015 1122 1206 1205 perpetuam

71 1225 308 1294 huiuscemodi
334 1226 504 1294 diuisionis
523 1227 652 1295 litteras
668 1227 887 1294 concessimus
912 1225 1089 1294 munimine
1104 1226 1205 1292 nostri

71 1335 186 1421 sigilli
219 1335 399 1404 roboratas.
433 1337 553 1403 Datum
578 1335 612 1402 in
637 1336 767 1404 Aranas
798 1337 832 1402 in
856 1335 971 1420 vigilia
995 1335 1206 1402 Streunarum

74 1463 170 1512 anno
187 1443 319 1512 Domini
335 1443 508 1512 millesimo
525 1443 745 1512 ducentesimo
762 1443 1031 1530 quiuquagesimo
1046 1449 1150 1511 sexto.

154 1642 204 1708 (Aa
218 1643 319 1696 eredeti
332 1640 398 1695 utin
409 1640 481 1696 Rich
494 1639 605 1709 Ktroly‚
619 1643 706 1694 Hauai
719 1637 890 1707 lemdnyttr
902 1641 947 1692 IV.
961 1641 1018 1693 leot.
1033 1642 1075 1693 36.
1090 1640 1120 1706 l)

518 1917 585 1924 -0-
592 1915 778 1924 --.-—-—-—-—-

76 2540 190 2604 Interim
206 2541 381 2604 sclavonici
396 2540 457 2604 bric
477 2545 506 2602 e'a
523 2539 631 2625 Scyria
646 2538 929 2624 lomcnpzo'jonat
945 2537 1127 2604 Groboaeelo
1143 2539 1203 2602 bir-
1282 2545 1285 2554 '

335 2647 444 2712 colora
459 2647 624 2711 conotkozo'
639 2648 719 2712 biro'i
733 2648 835 2710 itolote.
853 2644 949 2711 1256.

188 2845 257 2912 Nos
281 2841 466 2929 Stephanus
491 2842 602 2910 Banue
627 2841 732 2909 tocius
757 2842 929 2910 Solanonie
954 2847 986 2908 et
1004 2840 1204 2927 capitaneus

77 2949 191 3036 Styric
216 2950 439 3036 significamus
465 2957 577 3017 tenore
601 2951 804 3035 presencium
830 2950 1002 3034 uniuersis,
1028 2950 1203 3033 quodcum

76 3062 221 3144 Pautyn,
248 3057 407 3143 Wogrila‚
433 3064 466 3124 et
481 3056 653 3140 generacio
679 3058 853 3126 eorundem
877 3078 975 3145 snper
999 3069 1086 3126 terra
1104 3057 1204 3126 Grab-

75 3168 218 3238 roscello
228 3167 331 3234 Jauov
347 3167 448 3234 filium
459 3165 639 3234 Gordiulov
648 3169 875 3234 conuenissent
885 3167 952 3234 litis
970 3167 1084 3236 ordine
1094 3186 1203 3235 coram

77 3277 186 3359 nobis,
212 3275 299 3342 idem
317 3277 421 3346 Jaoov
439 3275 587 3343 exhibuit
609 3276 738 3344 litteras
754 3277 904 3362 Magistri
919 3276 1098 3344 Alexandri
1113 3277 1203 3344 Vice-

77 3384 158 3452 bani
184 3386 298 3468 nostri,
325 3384 358 3449 in
376 3385 491 3469 quibus
509 3384 693 3452 inuenimus
719 3386 856 3453 eandem
875 3405 1008 3453 causam
1032 3405 1141 3453 coram
1164 3405 1203 3452 eo

76 3480 183 3559 fnisse
208 3492 293 3558 inter
318 3492 408 3577 ipsos
424 3492 551 3560 diucius
567 3493 769 3576 uentitatam,
795 3500 827 3559 et
842 3493 973 3560 taudem
998 3494 1040 3560 de
1058 3492 1204 3560 eiusdem

77 3599 231 3685 Magistri
248 3600 430 3667 Alexandri
450 3601 604 3668 Vicebani
619 3600 739 3668 iudicio
758 3603 968 3689 processisse,
991 3602 1078 3688 quod
1100 3602 1204 3672 Jacov

79 3729 154 3777 cnm
170 3708 305 3792 Bratlro,
322 3709 481 3794 Ztoyzlov
496 3710 564 3777 filio
580 3709 729 3797 Branisa,
742 3711 924 3798 Wllxodrug
943 3710 1078 3795 Claude,
1094 3711 1203 3782 Wlkc-

80 3837 155 3902 woy
171 3817 238 3884 filio
255 3816 463 3904 Zlobymerij,
488 3824 520 3884 et
537 3819 658 3904 Ovplen
674 3819 741 3887 filio
758 3821 858 3888 Kvles
883 3820 1073 3906 prestiterat
1095 3840 1202 3887 sacra·

79 3931 224 3994 mentum
249 3946 348 4014 super
372 3947 430 4012 eo;
458 3928 545 4014 quod
560 3927 664 3996 Jacov
679 3949 742 3996 non
767 3929 890 3996 fecerat
914 3928 1089 4014 maliciose,
1116 3926 1204 4013 quod

79 4035 236 4102 hacteuus
252 4042 489 4122 suppresserat,
515 4044 548 4103 et
562 4059 626 4105 non
641 4043 889 4125 presentauerat
904 4057 1012 4105 coram
1031 4037 1126 4106 nobis
1143 4038 1203 4122 pri·

80 4143 237 4227 uilegium
264 4143 448 4210 Salomonis
473 4143 557 4210 Bani
582 4145 728 4212 habitum
754 4165 851 4233 super
875 4145 950 4232 ipsa
972 4153 1059 4211 terra
1074 4142 1201 4213 Grato-

79 4251 176 4335 scelo,
194 4251 252 4318 sed
268 4259 452 4338 propterca,
472 4252 557 4338 quod
574 4253 659 4319 idem
677 4251 826 4320 detentus
843 4252 948 4320 iuerat
962 4252 995 4318 in
1011 4252 1202 4340 captiuitate

80 4379 139 4446 per
154 4360 314 4426 Abbatem
332 4360 571 4446 Toplicensem‚
588 4368 621 4426 ct
636 4381 699 4428 nou
717 4369 846 4446 poterat
860 4361 1013 4448 prosequi
1028 4379 1122 4427 suum
1136 4362 1201 4428 fac·

80 4476 167 4553 tum;
201 4488 299 4554 quam
324 4475 443 4535 terram
474 4468 679 4555 postmodum
704 4467 807 4536 dictus
831 4469 987 4553 Magister
1015 4469 1202 4537 Alexander

81 4577 264 4645 Vicebanus
276 4577 389 4644 ordine
405 4576 576 4646 iudiciario
594 4576 766 4645 obseruato
777 4577 953 4644 secundum
964 4579 1200 4647 continenciam

82 4685 244 4773 priuilegij
261 4686 444 4755 Salomonis
461 4687 544 4754 Bani
560 4692 720 4754 statuerat
736 4687 822 4756 dicto
833 4689 946 4756 Jaoov.
963 4689 1056 4755 Vnde
1076 4695 1109 4755 et
1123 4689 1201 4774 quia
