3162 5188
568 357 723 460 jis-

29 558 160 618 essent
193 562 351 640 quatuor
378 563 463 623 mete
496 563 612 642 terreo,
641 573 777 641 quarum
803 553 864 623 due
891 561 1082 643 separarent
1106 555 1212 638 Giuic,

31 661 103 727 due
123 679 223 730 vero
246 663 441 751 possession
456 663 466 729 i
483 663 564 748 Vrs;
595 661 714 730 deinde
730 663 852 730 directe
868 663 912 730 ad
927 671 1054 750 partem
1069 664 1213 730 occiden·

31 768 163 856 talem,
186 778 231 839 et
251 780 408 840 transcen
421 772 573 840 duanam
590 771 676 839 uiam
694 770 882 860 perueniret
898 771 942 837 ad
958 777 1096 857 quatuor
1110 777 1214 839 metas

37 887 197 964 terreas,
221 899 368 963 quarum
384 880 449 947 due
474 887 585 948 essent
602 880 709 966 Giule,
726 880 789 946 due
805 898 881 946 vero
899 879 1117 965 possessionis
1133 880 1213 962 Vrs3

38 985 177 1053 deinde
211 993 364 1056 uerteret
382 1007 418 1054 se
441 987 486 1055 ad
515 994 643 1076 partem
660 987 835 1070 sinistram,
861 994 895 1054 et
911 987 1035 1054 ueniret
1060 987 1102 1053 ad
1118 1005 1215 1054 uuam

42 1100 186 1161 metam
211 1103 385 1181 terream3
417 1094 535 1162 abhinc
550 1095 696 1164 flecteret
721 1114 757 1162 se
775 1096 1011 1182 aliquantulum
1032 1094 1074 1162 ad
1090 1101 1215 1181 partem

45 1204 392 1290 septemtrionalem,
423 1209 455 1270 et
473 1204 599 1272 ueniret
615 1204 659 1270 ad
676 1223 775 1270 unam
792 1209 913 1270 metam
933 1209 1089 1288 terream,
1115 1210 1148 1271 et
1163 1202 1216 1270 de·

44 1309 130 1376 inde
162 1329 241 1397 per
274 1311 447 1379 continuas
472 1319 576 1380 metas
594 1311 685 1379 iuxta
701 1313 788 1380 viam
814 1311 982 1395 antiquam
1008 1318 1149 1378 curreret
1173 1311 1216 1378 ad

48 1417 212 1485 candem
249 1427 388 1506 partem,
415 1425 447 1487 et
469 1421 594 1488 ueniret
620 1422 662 1488 ad
687 1421 770 1488 duas
796 1429 900 1488 metas
926 1426 1071 1502 terreas,
1097 1419 1215 1486 abhinc

18 1547 25 1556 ·
48 1548 114 1614 per
131 1527 328 1596 continuas
356 1535 461 1596 metas
483 1528 605 1596 directe
632 1529 674 1597 ad
692 1531 829 1598 eandem
846 1536 971 1616 partem
992 1527 1147 1596 currendo
1165 1548 1216 1596 uc-

53 1635 148 1702 niret
167 1635 222 1703 ad
243 1655 344 1703 unam
361 1642 487 1704 metam
504 1645 662 1722 terream,
681 1646 713 1705 et
729 1637 847 1704 deinde
863 1641 1005 1704 comeret
1022 1636 1065 1702 ad
1081 1634 1216 1702 eandem

55 1751 216 1832 partem,
240 1750 276 1811 et
284 1766 343 1830 per
355 1765 511 1831 magnum
522 1746 668 1833 spacium
682 1745 807 1814 ueniret
819 1745 863 1811 ad
880 1745 962 1812 duas
972 1753 1095 1812 terreas
1112 1751 1216 1812 metas

58 1853 163 1920 iuxta
182 1853 284 1920 uiam
300 1853 490 1939 antiquam,
522 1861 555 1922 et
571 1853 688 1920 exinde
704 1873 762 1942 per
789 1853 926 1921 eandem
943 1855 1029 1921 uiam
1050 1853 1216 1938 antiquam

62 1960 99 2028 in
114 1980 262 2048 magna
278 1962 367 2028 silua
394 1967 537 2029 curreret
552 1982 611 2049 per
628 1967 733 2029 metas
759 1961 925 2049 simplices
941 1967 974 2027 et
997 1959 1215 2048 dupplicatas,

65 2087 182 2151 usque
213 2069 263 2136 ad
289 2088 385 2136 unum
413 2069 572 2136 fossatum
591 2075 622 2135 et
637 2067 765 2136 foueam
791 2072 924 2136 arathus
946 2067 1087 2153 dictum;
1112 2075 1146 2134 et
1159 2085 1217 2153 per

69 2177 136 2242 hoe
154 2175 342 2244 reclinaret
357 2195 393 2244 sc
403 2194 505 2262 usque
521 2177 563 2243 ad
579 2196 717 2263 magnas
728 2181 842 2262 metas,
859 2197 923 2261 que
938 2177 1029 2243 iuxta
1044 2174 1131 2242 viam
1148 2196 1215 2241 ma·

69 2305 178 2369 gnam
199 2302 309 2372 prope
330 2285 526 2371 essentVrs;
545 2292 578 2353 et
595 2285 713 2353 deinde
728 2304 788 2372 per
804 2293 977 2353 consuetas
988 2283 1217 2352 distinctiones

74 2411 187 2476 nsque
217 2393 264 2458 ad
280 2391 407 2478 priores
424 2400 528 2461 metas
554 2393 718 2462 transiret.
743 2396 785 2461 Et
809 2395 887 2481 quia
909 2393 1003 2462 nobis
1027 2413 1086 2480 per
1109 2392 1215 2479 ipsum

74 2500 258 2571 dominum
274 2503 399 2587 Regem
424 2504 459 2570 in
475 2501 598 2570 eisdem
614 2503 731 2571 litteris
757 2502 986 2590 mandabatur,
1012 2512 1047 2570 vt
1062 2502 1090 2571 si
1113 2502 1216 2589 ipsius

79 2609 231 2677 statuoio
258 2616 370 2696 posset
395 2609 464 2677 fieri
490 2611 562 2678 sine
578 2609 824 2698 contradictore,
849 2617 926 2679 tuno
949 2611 1067 2678 exinde
1092 2610 1217 2677 litteras

79 2726 219 2788 nostras
233 2718 338 2786 eidem
349 2718 935 2807 dominoArchiepiseopotaceremus
946 2720 1111 2804 emanari;
1136 2736 1217 2802 quas

82 2848 144 2894 nos
161 2826 243 2895 dari
266 2826 401 2896 fecimus
420 2828 550 2895 iusticia
564 2827 735 2896 suadente.
761 2830 881 2896 Datum
897 2828 1101 2912 presentibus
1117 2826 1218 2892 tratre

88 2937 257 3006 Corrardo
274 2937 427 3015 Custode,
455 2945 487 3005 et
503 2937 664 3022 Magistro
689 2938 859 3007 Dominico
874 2937 1019 3023 Notario,
1045 2936 1077 3002 in
1094 2933 1217 3002 octauis

89 3045 329 3132 Pentecostes;
354 3067 441 3117 anno
456 3046 588 3115 Domini
604 3046 776 3115 millesimo
793 3046 857 3114 OG·
873 3043 1150 3132 quinquagesimo.

120 3245 269 3310 (Eredetie
282 3243 454 3314 bdrhtrtyu'tn,
475 3263 493 3300 a
505 3247 590 3315 idggtt
603 3245 695 3314 pecstt
708 3246 847 3308 eiveseett,
867 3244 978 3298 abudei
991 3244 1042 3295 kir.
1057 3241 1181 3294 benerei

560 3334 751 3404 ievtltdrban.)
