3210 5194
89 1044 200 1130 Aptari
214 1047 438 1132 doptaicnocic
454 1047 713 1134 diacopsdplecele
732 1071 753 1113 α
768 1047 930 1150 Scbcstpeo
949 1058 1131 1140 cemaetsdpc
1146 1077 1162 1119 r
1177 1079 1198 1120 o

88 1153 221 1220 ottorori
235 1155 379 1220 koloator
394 1159 427 1222 έε
442 1155 522 1222 riori
528 1155 710 1242 jobbdpyolt
721 1157 806 1222 toni
815 1161 1076 1247 percppersdprdl.
1097 1164 1196 1230 1240.

175 1347 356 1414 Farkasius
373 1347 563 1431 Propositus
574 1347 935 1431 Quinqueecclesiensis
951 1359 1118 1440 totumque
1135 1355 1194 1422 Oa·

87 1454 202 1539 pitnlum
218 1453 367 1522 eiusdem
383 1453 459 1539 loci,
486 1455 634 1522 omnibus
649 1475 785 1541 presens
807 1458 962 1545 scriptum
988 1462 1193 1528 cernentibus

23 1565 24 1618 ὲ
86 1563 204 1628 saltitem
219 1565 254 1630 in
270 1563 423 1631 Domino.
452 1560 628 1630 Constituti
643 1563 677 1629 in
693 1564 797 1631 nostri
819 1567 992 1652 presencia
1007 1569 1114 1636 Domo
1129 1571 1194 1636 Mo·

84 1669 187 1735 rachus
201 1671 395 1754 Monasterij
411 1669 606 1757 sebastiani,
623 1671 782 1739 Nicolaus
807 1673 893 1740 filius
909 1675 1049 1760 Nicolai,
1067 1683 1100 1742 et
1114 1677 1189 1743 Ber·

84 1777 186 1845 nardus
210 1778 299 1845 iilius
315 1777 497 1863 Laurenoii,
525 1778 580 1862 qui
595 1797 654 1864 pro
669 1797 705 1845 se
731 1784 762 1844 et
777 1800 838 1865 pro
853 1781 1069 1864 generacione
1093 1782 1192 1849 Seba-

84 1885 164 1950 stiani
188 1891 351 1953 venerant
375 1907 416 1952 ex
433 1905 498 1952 vna
513 1892 625 1971 parte,
643 1888 806 1954 exaltare
828 1906 906 1956 uero
922 1889 1049 1974 Heymo
1075 1890 1192 1958 Custos

83 1995 239 2060 monachos
264 1993 310 2060 de
326 1992 514 2079 Ohykador,
540 1995 596 2077 qui
611 2015 670 2082 pro
695 1993 781 2064 dioto
797 1996 868 2063 loco
888 2005 1029 2082 venerat,
1056 2005 1089 2064 et
1098 2000 1191 2083 joba-

80 2101 176 2183 giones
190 2100 383 2186 'Pytnlensis
411 2101 566 2188 Ecclesie,
584 2102 701 2188 Micho,
721 2102 875 2190 Baiasen,
901 2111 933 2171 et
949 2105 1108 2191 Andreas,
1133 2107 1190 2191 qui

78 2229 124 2292 pro
138 2208 221 2275 diota
236 2209 390 2274 Ecclesia
405 2215 571 2291 venerant,
598 2209 654 2292 qui
672 2208 792 2276 dictem
817 2213 1064 2294 generacionem
1080 2231 1188 2279 eoram

77 2313 196 2384 Nicolao
221 2316 312 2382 Aule
334 2315 439 2400 Regio
464 2312 580 2382 Jndiee
604 2318 637 2382 in
662 2337 797 2384 causam
820 2324 1005 2405 traxerant,
1031 2319 1189 2405 pristaldo

76 2423 203 2506 ipsorum
227 2425 392 2492 Silucstro
410 2422 535 2491 Clerico
561 2423 640 2491 Belo
655 2425 754 2509 Regis
772 2426 941 2511 existente,
961 2448 1020 2513 pro
1046 2427 1188 2509 quadam

76 2535 158 2615 terra,
183 2531 409 2598 mediantibus
433 2530 527 2599 bonis
552 2531 632 2598 viris
648 2532 691 2598 ad
706 2532 825 2600 bonam
851 2553 966 2619 pacem
988 2534 1187 2604 deuenarunt

74 2638 123 2702 teli
137 2639 248 2708 modo:
266 2640 358 2724 quod
372 2639 457 2706 dicte
483 2641 714 2724 generaciones
740 2641 902 2708 Dominici
927 2641 1075 2728 ecclesiJs
1101 2641 1187 2728 (tgy)

23 2771 24 2796 ÷
74 2745 173 2814 darent
196 2747 411 2833 septuaginta
434 2754 468 2814 et
493 2767 552 2814 ser
577 2747 691 2832 iugera
714 2755 813 2835 terro,
839 2750 1010 2834 sexaginta
1035 2749 1186 2817 infertili

73 2854 149 2919 turta
170 2856 286 2922 villam
303 2854 469 2940 Kezteloh,
495 2854 607 2922 decem
631 2861 665 2921 et
680 2875 739 2922 sex
753 2855 788 2922 in
809 2855 952 2923 siluestri
976 2865 1074 2942 terra,
1099 2874 1183 2940 quas

72 2959 137 3026 dicti
150 2961 266 3030 Custos
293 2961 533 3046 etjobagiones
552 2961 741 3046 'Pytulensis
766 2962 914 3028 Ecclesia
939 2963 1080 3031 confessi
1107 2971 1183 3031 sunt

72 3085 100 3134 se
112 3088 214 3136 coram
228 3069 327 3138 nobis
341 3068 546 3153 integraliter
561 3069 701 3155 habere,
728 3074 853 3136 ceteras
869 3090 945 3136 vero
961 3076 1078 3154 terras,
1096 3088 1180 3154 quas

72 3175 143 3244 dicte
166 3177 402 3263 generaciones
425 3177 518 3245 iuxta
540 3196 661 3260 aquam
676 3177 856 3263 Sceretche,
882 3177 936 3243 vbi
956 3176 1132 3244 Keztelehe
1148 3178 1181 3244 in

26 3357 31 3366 ,
71 3282 175 3352 dietam
191 3307 315 3370 aquam
331 3285 431 3371 cadit,
456 3284 566 3370 ibique
582 3285 732 3353 Ecclesia
747 3284 908 3352 dictarum
929 3284 1180 3371 generacionum

70 3398 110 3458 cst
129 3395 274 3481 fundata,
298 3395 372 3480 jure
397 3393 594 3462 hereditario
621 3394 708 3460 dicte
733 3395 966 3478 generacionee
991 3392 1179 3462 Sebastiani

68 3501 154 3570 libere
168 3503 397 3590 possidebunt,
421 3503 463 3570 Et
478 3522 519 3569 ne
534 3522 632 3589 super
647 3503 709 3570 hoc
722 3502 896 3589 dubitetur,
913 3523 972 3570 nos
988 3503 1031 3569 ad
1049 3502 1182 3590 peticio-

69 3629 130 3678 nem
144 3613 312 3698 verusque
336 3611 440 3697 parda
455 3629 591 3697 presens
608 3609 763 3697 seriptum
786 3583 1099 3692 corimlimussigilli
1124 3629 1180 3677 no-

68 3720 116 3784 stri
137 3720 323 3787 munimine.
355 3721 451 3786 Anno
476 3717 609 3784 Domini
636 3717 678 3783 Μ.
706 3715 769 3782 OG.
786 3717 867 3800 XL,
895 3736 1006 3782 mense
1032 3715 1182 3785 Octobris

67 3824 200 3896 Yuroone
216 3825 372 3912 (tentore,
389 3825 562 3893 Theodoro
577 3823 731 3910 Custode,
749 3823 921 3891 Salomone
932 3826 1077 3908 Decano,
1098 3831 1181 3890 cete-

66 3933 158 4019 risque
173 3955 270 4020 quam
287 3934 436 4023 pluribus
451 3933 574 4001 ibidem
598 3931 822 4000 existentibus.
838 3933 959 4000 Datum
975 3951 1034 4018 por
1062 3949 1177 3996 manus

66 4041 197 4127 Magistri
213 4044 341 4112 'rhome
357 4043 505 4111 Lectoris
525 4038 891 4126 Quinqueecclesiensis.

66 4236 169 4310 (troposi
185 4243 279 4299 Juksb
295 4238 468 4309 Orsadgbird
488 4241 565 4292 taut.
585 4235 689 4293 ttireta
707 4236 784 4304 utin,
806 4236 879 4291 Bith
898 4234 1001 4303 Ktroly
1013 4235 1102 4289 Haaai
1122 4237 1177 4288 Ok-

434 4329 559 4400 mduytir
570 4332 619 4386 IV.
631 4331 687 4383 uos
702 4329 746 4382 24.
759 4329 789 4396 l.)

97 4725 191 4770 UOIUH.
206 4731 290 4769 81310.
306 4728 380 4766 mar.
395 4735 430 4746 ··“
443 4723 515 4764 ΒΜ.
531 4715 563 4755 ld.
