3210 5194
583 317 732 422 ne...

1 513 2 558 l
97 517 388 602 confirmacionem,
405 536 426 582 a
441 514 600 600 Magistro
617 516 720 602 Phyle
736 515 903 602 Proposito
917 517 1145 603 Zagrabiensi,
1166 515 1222 602 qui

98 627 231 696 eandem
261 623 425 692 retinebat
450 646 507 710 pro
534 623 716 692 stabilitate
742 629 901 692 terrarum
921 645 1063 709 suarum,
1089 626 1221 711 Heyrcb

95 734 247 802 videlieet
262 735 425 818 etLuder,
442 753 514 800 eum
527 731 704 799 earundem
714 732 935 820 pertineneijs,
955 753 1038 816 quas
1055 733 1221 822 prodictus

94 843 190 909 trater
215 846 327 909 noster
344 841 377 907 in
393 840 685 908 commutacionem
711 847 868 907 terrarum
885 860 1017 908 suarum
1042 861 1143 927 supra
1159 862 1220 908 me-

97 954 304 1034 moratarum,
328 955 361 1014 et
377 969 436 1034 pro
462 948 755 1034 reconpensacione
778 949 987 1018 seruicierum
1003 969 1134 1017 snorum
1151 971 1223 1018 eon-

1 1135 2 1138 ,
97 1061 211 1126 tulerat
228 1057 293 1125 sibi
309 1064 344 1124 et
358 1055 514 1124 fratribus
538 1056 617 1141 suis,
634 1057 817 1124 necessario
833 1058 1008 1125 babuimus
1025 1059 1173 1146 eandem,
1191 1067 1224 1126 et

97 1167 244 1236 nouimus
253 1164 298 1232 ad
308 1185 368 1234 nos
378 1167 525 1252 recipere
535 1172 568 1231 et
576 1164 703 1232 aniene
713 1167 755 1233 ab
766 1165 944 1253 eodem5ea
954 1175 1063 1236 tamen
1074 1165 1223 1235 adhibita

1 1291 2 1342 3
100 1274 238 1358 cantela,
263 1278 299 1340 ut
313 1273 470 1358 Magistro
486 1273 614 1359 Phylpe
630 1281 662 1340 et
680 1273 834 1341 fratribus
849 1276 917 1342 suis
934 1295 1033 1362 super
1048 1275 1141 1343 terris
1156 1276 1223 1342 iam

1 1416 2 1426 κ
99 1383 203 1470 dictis,
218 1382 353 1466 Heyreb
379 1378 533 1448 uidelicet
548 1387 582 1448 et
597 1380 705 1449 Luder
730 1401 803 1449 eum
826 1383 892 1452 suis
909 1383 1134 1469 pertineneijs‚
1159 1402 1223 1469 que

100 1493 131 1558 in
145 1489 396 1560 confirmacione
412 1508 510 1555 auree
526 1488 616 1556 bulle
639 1495 748 1556 nostre
763 1487 849 1558 dieto
866 1491 960 1557 fratri
975 1497 1086 1559 nestro
1103 1491 1223 1557 collate

1 1593 2 1632 ³
100 1597 346 1666 continebantur
355 1616 394 1664 eo
410 1604 533 1683 tenore,
553 1603 590 1664 ut
599 1597 777 1681 cuicunque
787 1596 993 1686 supradictus
1002 1597 1102 1664 frater
1113 1604 1224 1665 noster

1 1749 2 1762 ,
99 1714 201 1774 terras
227 1707 296 1775 ianr
321 1705 437 1791 dictas,
462 1705 517 1773 uel
533 1704 618 1774 alias
644 1725 853 1792 quascunque
877 1706 1046 1794 conferret,
1072 1707 1166 1773 firma
1191 1711 1224 1772 et

99 1821 255 1904 perpetua
279 1813 461 1884 stabilitate
476 1822 710 1901 permanerent,
737 1813 860 1882 eisdem
880 1815 981 1882 aliam
1005 1813 1222 1882 confirmacio·

1 2011 2 2016 ἵ
100 1941 168 1990 nem
183 1941 285 1990 auree
300 1922 389 1990 belle
403 1928 514 1990 nostre
530 1924 602 1991 loco
619 1921 776 2010 eiusdem,
793 1943 890 2008 quam
900 1922 1086 2011 recipimus,
1103 1920 1224 1989 conser-

99 2050 216 2118 remus,
245 2051 344 2115 quam
361 2039 394 2098 et
408 2030 521 2099 habito
538 2031 681 2099 emnium
692 2030 906 2118 Jobagionum
922 2038 1104 2100 nostrorum
1121 2029 1223 2097 consi·

1 2159 2 2194 1
98 2140 138 2207 lio
154 2147 188 2208 et
203 2139 357 2226 inspecta
372 2139 623 2207 confirmacione
638 2139 758 2227 priore,
784 2160 882 2209 auree
897 2139 1051 2208 videlicet
1066 2138 1155 2206 bulle
1170 2159 1223 2205 no·

99 2252 171 2330 stre,
192 2244 279 2314 duas
294 2245 388 2333 ipsas
401 2251 507 2313 terras
523 2246 656 2332 Heyreb
671 2253 705 2314 et
720 2246 827 2313 Luder
847 2267 919 2314 eum
935 2244 1111 2314 earundem
1127 2246 1224 2333 perti-

96 2354 233 2440 nencijs,
259 2372 323 2440 que
338 2374 359 2419 a
374 2353 477 2439 Botyz
492 2353 627 2439 Gemite,
653 2361 750 2441 prout
764 2362 796 2422 et
810 2374 870 2442 per
884 2375 945 2424 nes
965 2363 998 2422 et
1014 2375 1072 2441 per
1086 2353 1224 2421 eundern

94 2462 230 2531 fratrem
256 2469 400 2530 nostrum
425 2462 580 2531 sciuimus
605 2462 711 2550 ipsius
735 2464 869 2551 propria
893 2470 925 2532 et
950 2463 1028 2532 uiua
1047 2463 1223 2548 relacione,

95 2571 256 2658 llagiotro
272 2571 376 2657 Phyle
392 2577 426 2638 et
449 2570 604 2640 iratribus
629 2573 708 2660 suis,
734 2575 859 2641 'l'beme
876 2573 993 2643 Comiti
1019 2580 1051 2641 et
1065 2573 1173 2658 Petro,
1190 2571 1223 2637 in

96 2679 388 2750 commutacionem
397 2688 555 2749 terrarum
571 2701 701 2750 suarum
712 2703 771 2768 per
785 2681 923 2749 eundem
938 2679 1073 2750 fratrem
1080 2688 1225 2750 nestrum

96 2789 321 2874 karissimum,
345 2795 378 2856 et
392 2790 426 2856 in
443 2783 781 2894 recompensacionem
797 2790 1154 2859 seruieiorumsuorum
1171 2786 1225 2855 da-

95 2907 144 2966 tas
161 2903 196 2964 et
215 2897 355 2965 collatas
379 2895 601 2966 intelleximus
618 2896 799 2987 manifeste,
826 2897 910 2966 sieut
924 2918 983 2986 per
998 2898 1124 2966 litteras
1141 2896 1224 2964 eius·

1 3087 2 3108 ¹
96 3003 170 3072 dem
187 3005 384 3091 autenticas,
410 3012 504 3092 prout
520 3007 681 3094 superius,
706 3026 880 3096 expressas
896 3012 987 3094 petet
1009 3015 1042 3074 et
1058 3009 1177 3093 patuit,
1192 3009 1224 3071 et

96 3135 154 3182 nos
181 3113 391 3183 concedimus
407 3123 440 3183 et
455 3116 682 3182 confirmamus
707 3117 799 3184 firma
814 3125 846 3184 et
861 3123 1021 3203 perpetua
1043 3113 1225 3181 stabilitate

96 3225 221 3294 eisdem
238 3223 434 3291 auctoritate
449 3223 555 3310 Regia
570 3243 773 3312 permanere,
802 3233 901 3310 atque
917 3225 949 3291 in
969 3229 1160 3311 perpetuum
1177 3242 1226 3288 ro-

1 3345 2 3348 ’
95 3333 154 3400 ber
164 3330 233 3400 sibi
248 3337 281 3399 et
296 3349 427 3399 suonnn
437 3328 525 3419 (tgy)
540 3333 793 3419 suecessoribus,
809 3331 994 3400 secretioris
1004 3329 1107 3418 sigilli
1123 3331 1226 3399 nostri

1 3447 2 3522 ξ
97 3439 285 3524 munimine,
303 3458 401 3508 auree
412 3438 564 3508 uidelicet
576 3439 665 3507 bullo
682 3439 1226 3509 uostrecorroberaridecreuimus.

95 3550 220 3616 Datum
245 3564 443 3634 permanes
470 3547 668 3615 uenerabilis
692 3547 797 3635 patris
821 3547 990 3616 Benedicti
1015 3545 1226 3617 Oeleebensis

1 3651 2 3730 l
95 3655 348 3744 archiepiscopi
364 3656 440 3722 aule
465 3662 575 3722 nostre
591 3654 806 3742 (lancellarii;
832 3656 1024 3724 Venerabili
1048 3662 1142 3743 patre
1158 3656 1225 3724 Ste-

1 3823 2 3834 ,
97 3761 475 3851 phaneArchiepiseope
486 3761 947 3849 Stngoniensi,Bartholomeo
957 3762 1120 3852 Episcopo
1131 3764 1227 3843 Quin·

1 3907 2 3954 ᾗ
96 3870 366 3958 queeeclesiensi,
393 3869 484 3938 Oleto
501 3869 664 3958 Agriensi,
680 3873 846 3958 Stephane
863 3873 1089 3959 Zagrabiensi,
1114 3870 1226 3938 Blasio

1 4033 2 4084 ,
96 3979 332 4065 chanadiensi,
349 3979 509 4067 Artelpbe
536 3979 759 4048 Ultrasiluano
783 3981 957 4069 Episcopis
981 3979 1145 4047 Ecclesias
1164 3979 1227 4046 Dei

1 4087 2 4096 ’
95 4087 275 4158 salubriter·
291 4087 548 4173 gubernantibus
561 4114 569 4176 ;
587 4088 762 4160 Vinceneio
777 4089 812 4157 in
827 4089 1027 4177 Episcopum
1036 4086 1227 4155 Waradien·

1 4225 2 4272 3
95 4218 166 4265 sem
182 4197 300 4266 Eleeto
327 4195 525 4283 confirmato,
542 4195 705 4266 Jenriensi
720 4205 752 4265 et
767 4197 1002 4284 vesprimiensi
1018 4192 1157 4263 Sedibus
1172 4214 1227 4261 ua-

97 4305 270 4392 cantibus;
287 4305 444 4374 Ladizlao
457 4306 610 4375 Palatino
622 4304 945 4393 ComiteSimigiensi
961 4303 1120 4392 Dyenisio
1136 4303 1226 4370 Bene

1 4419 2 4426 ’
95 4423 129 4484 ct
144 4417 237 4484 Duce
263 4412 370 4481 tocius
387 4413 570 4500 Solanonie,
596 4415 727 4483 Matheo
742 4415 900 4500 Magistro
919 4412 1175 4481 Tabernieorum
1194 4417 1228 4481 et

1 4551 2 4574 t
96 4524 224 4595 Gemite
248 4521 452 4608 Posoniensi,
470 4523 636 4591 Demetrio
662 4523 778 4592 Judiee
794 4521 890 4591 Ourie
915 4529 948 4591 et
970 4521 1096 4590 Gemite
1120 4522 1227 4590 Musu-

98 4635 215 4723 niensi,
241 4631 427 4701 Laureneio
442 4631 616 4719 Wayuoda
639 4631 872 4722 Ultrasiluane‚
887 4631 1046 4702 Bellendo
1068 4633 1227 4720 Magistro
