3252 5198
855 369 1008 469 —4-2—

366 591 426 638 eex
449 569 623 651 libertinis,
649 587 786 652 quorum
812 567 944 632 nomine
960 567 1053 648 Alex,
1075 567 1162 652 Yen,
1190 566 1325 650 Borotk,
1351 566 1497 650 Eudere,

366 678 494 763 Chirue,
511 683 543 743 et
558 675 712 760 Eguehe3
733 673 775 739 (le
791 674 977 758 inuentieije
988 675 1068 740 meis
1084 673 1191 739 eidem
1201 671 1412 759 Yeeelegeui
1429 675 1497 740 duo

366 783 490 869 predia,
508 784 632 850 scilieet
648 781 750 848 Mihel
766 789 798 848 et
813 783 966 865 Kazmer,
984 801 1046 867 que
1064 781 1142 847 mihi
1159 781 1364 866 supradictus
1382 781 1497 848 Archi-

365 892 539 977 epireopus
555 892 697 975 Vgriuus
714 891 904 971 donauerat,
931 909 1005 954 eum
1021 897 1146 974 reptem
1162 888 1335 973 libertinis,
1357 909 1496 974 quorum
1524 946 1530 955 .

365 1000 497 1065 nomina
512 999 573 1064 hec
589 1005 683 1064 eunt:
700 997 835 1081 Fekete‚
845 997 949 1082 Tope,
966 997 1077 1078 Mihel,
1090 996 1203 1081 iipsu,
1224 995 1395 1079 Sumboth,
1410 998 1495 1062 Pen-

366 1116 429 1189 tne,
456 1112 488 1174 et
503 1107 559 1172 Vs.
577 1106 789 1190 Itaqueiree
814 1104 881 1170 filio
897 1123 968 1170 meu
984 1104 1094 1191 legeui
1119 1109 1224 1170 terras
1247 1103 1280 1168 in
1306 1111 1378 1171 outo
1405 1105 1496 1171 uillis

365 1213 620 1301 prenominatis,
646 1221 678 1279 et
702 1213 737 1277 iu
762 1211 885 1277 eisdem
911 1211 1080 1278 libertinos
1104 1212 1384 1297 trigintaquinque
1411 1213 1494 1279 inibi

366 1323 569 1405 nominatos3
586 1328 619 1387 et
633 1327 742 1406 preter
758 1320 816 1386 hos
833 1318 939 1385 eidem
955 1317 1042 1384 Yeae
1057 1327 1125 1386 tres
1140 1319 1309 1386 libertinos
1323 1321 1433 1404 legeni
1450 1321 1493 1386 de

367 1428 474 1513 Hund,
500 1449 635 1514 quorum
650 1427 783 1494 nomine
808 1432 900 1492 sunt:
919 1425 1081 1509 Clemens,
1099 1427 1230 1510 Paulus,
1255 1436 1288 1493 et
1303 1429 1390 1494 tilius
1406 1430 1494 1493 Mer-

364 1538 445 1620 tiui;
471 1543 503 1602 et
519 1535 627 1620 legeui
644 1535 750 1602 eidem
773 1556 870 1601 unum
887 1553 1060 1620 preeonem
1086 1535 1217 1601 nomine
1233 1535 1331 1618 Ogua
1349 1533 1390 1600 de
1407 1535 1494 1601 uilla

365 1645 478 1710 Beren.
506 1642 633 1710 Deinde
658 1643 835 1710 minoribns
861 1641 938 1707 filiis
964 1641 1056 1725 mein,
1081 1641 1263 1709 Laureneio
1289 1649 1321 1706 et
1346 1641 1493 1708 Johenni

364 1751 474 1836 legeui
499 1760 620 1818 terrem
636 1751 755 1817 Bnkud
779 1771 852 1816 uum
871 1749 1131 1835 vigintiquinque
1156 1749 1328 1834 libertiniS,
1355 1769 1493 1834 quorum

363 1859 568 1926 nominuhee
584 1865 677 1924 sunt:
694 1857 774 1941 Eud,
792 1857 910 1942 tegna,
922 1856 1037 1939 Burzv,
1055 1857 1208 1940 lbrahun,
1226 1857 1384 1943 Jueuhun,
1395 1860 1490 1943 Iven,

364 1968 496 2048 luanus,
513 1963 684 2048 Merquols,
701 1962 802 2047 Buda,
820 1963 939 2048 Turde,
956 1963 1128 2049 Heidereh,
1147 1961 1282 2050 Gregor,
1299 1962 1405 2049 (iude,
1422 1966 1493 2030 Μο-

362 2091 433 2156 eug,
451 2073 583 2154 Feruor,
600 2071 691 2152 Rele,
718 2068 861 2155 Ohepan,
878 2072 987 2153 Kelta,
1004 2071 1104 2155 Mixa,
1121 2071 1227 2154 Yven,
1253 2073 1409 2156 Feneruu,
1426 2072 1490 2140 Ge·

362 2179 432 2260 bus,
449 2177 549 2261 Beud,
560 2179 691 2243 Poznen
702 2177 872 2259 etB000n3
889 2177 967 2242 item
983 2177 1093 2260 legeui
1103 2175 1209 2243 eidem
1223 2184 1342 2245 terrem
1351 2181 1488 2247 Petlend

360 2306 435 2351 eum
460 2305 520 2350 sex
544 2284 723 2370 libertinis,
750 2303 887 2369 qnorum
911 2284 1042 2349 nomine
1066 2292 1161 2349 sunt:
1186 2285 1341 2370 Weroud,
1368 2285 1488 2372 onina,

362 2391 464 2477 Bedd,
483 2390 630 2473 Ohenka,
655 2390 770 2457 Peuke
787 2398 819 2457 et
836 2390 972 2474 Reukuu3
998 2391 1108 2474 legeui
1124 2391 1229 2457 eciam
1245 2392 1293 2460 eis
1309 2400 1428 2461 terram
1445 2396 1489 2461 de

362 2497 550 2582 Ohecvere3
578 2497 655 2563 item
671 2496 781 2580 lugani
807 2497 929 2564 eisdem
946 2501 1065 2564 terram
1080 2498 1179 2582 qua
1195 2517 1266 2564 eum
1292 2502 1489 2583 quatuorde-

362 2607 425 2672 eim
441 2603 612 2685 libertinis,
630 2623 763 2687 quorum
780 2604 931 2669 nomine:
949 2603 1098 2669 Neurene
1113 2624 1187 2670 eum
1205 2604 1271 2670 filio
1292 2625 1352 2672 suo
1367 2607 1487 2694 Buthe,

362 2715 485 2798 Degur,
511 2710 673 2794 Reuuheg,
700 2711 861 2795 Vrbenur,
887 2710 1011 2794 Olbert,
1037 2712 1113 2794 Vre,
1138 2711 1209 2795 Ilia,
1239 2713 1344 2798 Beer,
1369 2714 1488 2800 Kema,

359 2823 480 2903 Pouse,
497 2821 588 2885 Vone
604 2827 636 2883 et
652 2817 765 2902 Yven3
792 2818 901 2901 tegani
915 2819 1020 2884 eciem
1045 2824 1166 2885 terram
1181 2820 1287 2886 Beren
1312 2841 1385 2886 eum
1410 2823 1489 2890 duo-

361 2928 424 2993 bus
438 2926 643 3013 preconibus,
669 2945 805 3011 quorum
829 2926 961 2992 nomine
978 2949 986 2990 :
1002 2926 1132 2992 Tekero
1153 2933 1186 2993 et
1200 2926 1356 3013 Seemuu3
1374 2930 1489 3014 legeui

360 3032 465 3100 eciem
481 3040 600 3100 terram
616 3031 775 3117 Oheutreg
800 3053 872 3099 eum
889 3033 1135 3117 quatuordeeim
1150 3035 1323 3121 libertinis,
1349 3056 1489 3120 quorum

360 3141 494 3208 nomine
505 3141 669 3207 sunthee:
686 3143 853 3224 Demeter,
865 3143 947 3225 Βιιιι,
959 3142 1063 3227 Egud,
1075 3143 1189 3224 Boion,
1200 3143 1327 3228 Reuke,
1338 3145 1487 3230 Zurugd,

361 3247 465 3332 Odue,
477 3248 573 3334 Olpu,
587 3249 734 3335 Suentus,
751 3248 845 3332 Puth,
863 3245 999 3332 Gentue,
1015 3247 1142 3332 Beuke,
1158 3249 1286 3314 Merene
1302 3255 1334 3315 et
1346 3251 1488 3336 Jovb0s3

359 3355 438 3420 item
449 3354 560 3437 legeui
575 3355 699 3421 eisdem
715 3363 836 3421 terrum
846 3356 981 3440 Zymeu,
1000 3361 1032 3421 et
1047 3363 1165 3420 terrem
1176 3355 1301 3440 Zeued,
1318 3364 1351 3420 et
1364 3362 1487 3423 terram

360 3463 457 3544 Ζιιοι,
474 3468 506 3526 et
522 3468 644 3528 terrem
660 3461 838 3547 Suekozov,
864 3467 897 3528 et
911 3469 1032 3528 terrem
1048 3463 1178 3549 Winge,
1204 3470 1236 3530 et
1250 3463 1293 3530 de
1307 3463 1426 3532 Heudu
1440 3465 1488 3531 le-

360 3571 440 3656 geui
466 3568 589 3635 eisdem
614 3569 757 3653 quinque
781 3569 960 3654 libertinos,
988 3589 1121 3652 quorum
1145 3572 1279 3638 nomine
1302 3571 1363 3638 hee
1389 3579 1487 3639 sunt:

359 3679 534 3762 Ohegmez,
551 3677 715 3762 Solomun,
732 3677 850 3761 Pensa,
868 3676 1033 3760 Chobona,
1050 3685 1083 3744 et
1097 3679 1256 3763 Kezmer;
1280 3685 1313 3745 et
1329 3679 1487 3766 deterre,

360 3808 424 3873 que
440 3791 490 3852 est
506 3786 595 3872 apud
609 3784 764 3850 Sanctam
780 3782 915 3849 Crucem
931 3784 1042 3867 tegani
1065 3785 1189 3852 eisdem
1205 3784 1287 3854 dnos
1302 3785 1487 3874 libertinus,

359 3914 494 3980 quorum
510 3893 643 3960 nomina
659 3900 752 3958 sunt:
768 3891 882 3958 Modor
897 3898 930 3957 et
945 3891 1084 3960 Veserd.
1102 3893 1182 3958 Item
1199 3913 1276 3962 uero
1294 3892 1337 3961 de
1351 3894 1487 3961 innuen-

359 4003 446 4070 tieiiu
463 4000 544 4066 meis
559 3998 670 4082 legaui
696 3998 831 4082 eisdem,
848 3999 1029 4067 Laurentio
1055 3998 1180 4067 seilicet
1197 4005 1229 4064 et
1243 4000 1398 4085 Johanni,
1414 4021 1488 4088 pre·

357 4109 447 4176 dium
464 4106 630 4190 Gvedueh,
647 4106 734 4189 quod
749 4106 956 4191 supradictus
972 4106 1245 4192 Arehiepiseopue
1271 4108 1351 4174 mihi
1366 4109 1486 4176 eundo-

357 4221 511 4299 neueret;
539 4215 617 4280 item
632 4212 743 4298 legeui
759 4214 883 4281 eisdem
900 4214 1024 4298 vineas,
1041 4233 1123 4297 quur
1140 4215 1174 4279 in
1193 4214 1336 4281 Zemerd
1353 4215 1484 4301 habeo,

356 4322 467 4408 lugani
493 4320 596 4388 eciam
613 4319 737 4390 eisdem
765 4320 909 4388 deterre
926 4319 1028 4388 Gelun
1055 4340 1114 4387 sex
1135 4321 1321 4406 libertines,
1348 4341 1486 4408 quorum

355 4431 489 4498 nomina
504 4437 599 4496 sunt:
616 4429 718 4516 Euda,
736 4429 839 4512 Quze,
855 4425 1000 4512 Kerdon,
1014 4429 1133 4514 Kereu,
1149 4431 1285 4514 Furnos,
1302 4434 1335 4494 et
1345 4430 1486 4497 Benene.

355 4537 416 4605 Hie
432 4537 615 4605 distributis
631 4543 750 4604 terrem
760 4536 858 4603 Houd
874 4535 953 4603 mihi
969 4536 1090 4604 retinui
1107 4536 1262 4621 quamdiu
1275 4538 1376 4604 uitam
1391 4537 1485 4604 Deus

355 4643 435 4710 mihi
460 4642 650 4730 produxerit
673 4643 904 4728 temporalem
931 4651 1158 4729 postmortem
1175 4662 1250 4711 uero
1275 4643 1379 4710 tribur
1402 4645 1481 4730 filije
