3168 5186
861 373 928 438 440

333 571 366 637 in
390 573 490 658 priori
515 571 636 638 iudicio
660 573 766 657 Panty
783 605 1065 620 -----
1085 568 1240 654 llagistro
1263 569 1458 637 Alexandro

333 679 498 748 Vicebano
514 679 687 767 priuilegio
703 679 851 768 predicto
868 699 932 746 non
947 679 1222 764 contradixerant,
1247 685 1282 746 et
1296 661 1460 744 iudicium

331 790 437 877 ipsius
461 790 611 873 Magistri
636 783 815 856 Alexandri
841 787 996 855 Vicebani
1021 787 1063 852 de
1086 786 1217 856 iusticia
1239 792 1460 874 processerat,

332 898 535 982 Pantyunm,
567 897 750 982 Wogrisam
782 902 814 962 et
845 896 1092 980 generacionem
1122 893 1296 962 eorundem
1332 893 1461 960 iudicio

333 1004 618 1091 condempnantes,
643 1007 721 1089 qnia
747 1006 862 1072 iterato
887 1006 1123 1072 inchoauarant
1146 1023 1279 1070 causam
1304 1003 1388 1069 iuria
1410 1022 1462 1068 cr·

333 1112 409 1180 dine
425 1116 640 1197 terminatam,
666 1113 790 1181 eisdem
805 1132 904 1200 super
919 1113 1015 1180 iacto.
1029 1115 1132 1199 ipsius
1156 1119 1240 1181 tarra
1264 1119 1464 1200 perpetuum

334 1223 506 1288 silencium
522 1223 727 1308 imponendo,
753 1222 873 1290 dictam
888 1227 1009 1288 terram
1025 1221 1225 1290 Graboscclo
1242 1219 1346 1290 Jaoov
1365 1239 1466 1305 sepe·

333 1329 420 1397 dicto
451 1329 641 1414 reliquimus
667 1338 700 1398 et
723 1331 894 1398 statuimus
925 1331 995 1396 iure
1025 1338 1181 1416 perpetuo
1210 1329 1466 1416 possidendam.

333 1439 445 1505 Prima
459 1439 559 1524 igitur
575 1445 663 1507 meta
678 1439 773 1506 huius
789 1448 883 1517 terre,
900 1438 984 1506 elcut
999 1439 1033 1504 in
1049 1439 1163 1506 eodem
1183 1437 1357 1526 priuilegio
1367 1437 1469 1505 Salo

335 1543 439 1614 monis
455 1548 539 1613 ilani
554 1547 697 1614 uidimus
713 1545 880 1630 contineri,
898 1547 1012 1632 incipit
1027 1565 1049 1612 a
1063 1546 1204 1632 quodam
1214 1553 1319 1632 puteo,
1337 1552 1372 1611 et
1387 1553 1468 1610 ten-

335 1655 382 1721 dit
396 1675 456 1742 per
481 1655 642 1742 quendam
665 1655 798 1722 fluuium
824 1655 866 1722 ad
882 1663 1006 1739 partem
1023 1655 1224 1739 orientalem,
1249 1663 1281 1721 ct
1299 1653 1393 1720 uenit
1411 1673 1470 1720 su·

334 1764 443 1849 perine
467 1762 511 1829 ad
537 1744 675 1830 terream
699 1769 828 1845 metam,
861 1769 893 1828 at
924 1763 1176 1830 conterminarur
1203 1769 1286 1830 terre
1310 1761 1472 1848 Gnrgyrr,

336 1871 488 1939 Wratech
504 1892 544 1939 ac
560 1870 748 1956 Gordialay,
776 1870 831 1938 ubi
848 1879 898 1938 est
913 1879 1000 1939 meta
1015 1877 1121 1938 terrea
1137 1872 1171 1939 in
1195 1874 1310 1939 arbore
1326 1873 1471 1940 nomine

334 1983 460 2056 darom
490 1978 608 2046 deinde
632 1980 722 2046 uenit
747 1975 790 2044 ad
817 1986 941 2065 partem
966 1979 1208 2048 meridionalem
1233 1981 1277 2046 ad
1300 2001 1471 2067 magnam

334 2088 423 2154 uiam
439 2088 677 2171 exercitualem,
704 2095 737 2155 et
752 2087 961 2175 pereundam
977 2090 1065 2155 niam
1081 2087 1170 2156 uenit
1185 2089 1227 2155 ad
1243 2109 1338 2155 unam
1360 2091 1468 2156 arbo-

335 2215 413 2278 rem,
443 2213 506 2278 qne
531 2194 627 2280 uulgo
653 2201 788 2262 uocatur
813 2197 930 2275 horeat,
963 2201 995 2263 et
1020 2196 1066 2262 ibi
1091 2201 1342 2266 conterminantur
1371 2207 1472 2265 terre

335 2287 475 2388 Gurgys,
493 2304 645 2388 Dragsan
660 2308 694 2370 et
709 2302 915 2394 Gordynlcy5
935 2303 1053 2372 deinde
1068 2306 1158 2373 uenit
1173 2307 1216 2373 ad
1231 2313 1358 2393 partem
1373 2307 1472 2375 occi·

335 2409 498 2478 dentalem
525 2411 567 2478 ad
592 2416 710 2479 metam
727 2411 903 2497 Waratha;
929 2412 1049 2480 abinde
1064 2411 1155 2480 uenit
1177 2413 1221 2480 ad
1237 2413 1396 2499 quasdam
1416 2416 1472 2482 ui·

336 2539 434 2604 neas;
452 2526 484 2585 et
498 2518 575 2585 iude
590 2519 632 2586 ad
648 2527 714 2586 tres
725 2525 827 2586 metas
843 2527 976 2607 terreas,
998 2519 1149 2589 videlicet
1164 2524 1337 2608 Dragsani
1355 2523 1472 2590 Hala-

333 2648 427 2716 poue,
445 2628 694 2715 etGordyzlcy3
712 2635 744 2696 et
759 2627 836 2696 inde
850 2627 1037 2697 odfluuium
1047 2618 1274 2717 Granscheclr'3
1294 2632 1472 2700 etdeinde

335 2737 421 2805 iuter
435 2736 519 2804 duas
529 2738 642 2804 vineas
658 2737 830 2804 admotam
845 2744 1004 2823 terream,
1025 2737 1144 2807 abinde
1155 2739 1244 2806 uenit
1260 2740 1303 2806 ad
1314 2741 1471 2825 priorem

336 2849 464 2929 metam,
483 2844 537 2912 ubi
553 2852 603 2912 ost
617 2851 744 2931 putens,
759 2845 871 2931 ibique
886 2849 1088 2913 terminatur.
1114 2847 1156 2913 Vt
1172 2853 1280 2914 antam
1295 2847 1390 2915 huius
1409 2852 1470 2917 rei

335 2955 437 3022 series
462 2953 558 3020 robur
580 2953 725 3040 optineat
748 2961 904 3041 perpetue
918 2953 1099 3038 firmitatis,
1127 2973 1188 3020 nec
1212 2955 1278 3021 ullo
1302 2975 1471 3041 umquam

335 3080 490 3151 processu
505 3069 684 3149 temporum
701 3063 807 3149 possit
822 3064 876 3129 uel
892 3063 1001 3129 ualeat
1016 3063 1050 3128 iu
1065 3060 1190 3129 irritum
1209 3063 1366 3148 reuocari,
1385 3083 1471 3149 pre-

335 3177 445 3238 sentes
460 3170 588 3239 litteras
614 3171 810 3238 contulimus
826 3171 929 3256 sigilli
954 3170 1054 3238 nostri
1072 3171 1247 3238 munimine
1268 3171 1470 3241 roboratas.

335 3281 455 3348 Datum
479 3299 564 3347 anno
581 3279 623 3346 ab
639 3281 872 3377 Incarnacicne¹
887 3279 1017 3348 Domini
1043 3279 1215 3348 millesimo
1236 3280 1471 3352 ducentesimo

335 3388 604 3474 quinquagesimo
622 3397 724 3458 sexto.

337 3587 475 3654 (Eredctie
488 3585 661 3655 bdrhdrtytm
684 3605 701 3640 a
713 3585 882 3642 intromsaiuti
897 3588 1127 3654 fejer-voros-nold
1151 3589 1377 3657 selyemasindrcn
1398 3592 1471 3662 itig-

479 3687 538 3748 gdtt
551 3681 643 3748 pecsdt
656 3682 792 3744 elvesaett,
806 3684 915 3738 abudai
928 3685 979 3737 luir.
992 3685 1112 3737 kamarai
1125 3681 1313 3749 lovtlctrban.)

761 3979 1021 3990 -ι-ιι--υ-σ--ι-ι
