3186 5188
621 811 697 878 136.

95 971 151 1034 ll'.
181 973 263 1035 Be'lo
289 972 392 1056 ln'rrilp
417 973 581 1057 ολιιιάιψιι,
606 973 685 1056 nuely
710 973 789 1036 ‹illul
808 973 938 1036 ltmaenlolr
968 975 1089 1042 Rolrrun
1107 975 1223 1057 firinnl·

94 1083 212 1144 lurdrzi
235 1081 354 1144 lincoln
371 1081 491 1164 jeje'beu
518 1079 689 1166 rseuebe'pon
715 1091 862 1143 ruocezelee
881 1081 1067 1164 juczn'polul
1094 1082 1222 1147 adorno·

559 1209 645 1270 opos.
665 1186 760 1253 1246.

3 1415 4 1440 p
199 1347 282 1412 Bela
298 1349 360 1413 Dei
386 1349 500 1431 gracia
524 1347 701 1430 Hungarie.
727 1347 906 1426 Delmnoie,
934 1349 1078 1431 Orosoic,
1106 1351 1218 1431 Reme,

90 1451 214 1537 Serme,
233 1453 388 1536 Gallicie,
412 1454 575 1540 Bulgarie,
594 1453 795 1537 Lodomerie,
818 1454 1038 1538 Cumanieque
1063 1459 1131 1522 Rex
1155 1458 1219 1520 vni-

3 1631 4 1652 }
90 1559 194 1624 uersis
206 1558 327 1626 Christi
345 1561 494 1628 fidelibus
516 1561 720 1646 presentibus
738 1567 769 1626 et
786 1560 1065 1646 futurisscriptum
1083 1581 1217 1647 presens

3 1735 4 1740 γ
88 1667 288 1752 inspecturis
299 1669 439 1734 salutem
456 1670 488 1734 in
502 1669 650 1750 Domino,
672 1670 726 1750 qul
744 1669 946 1733 crerlcncium
963 1675 1101 1735 estsere
1117 1671 1217 1734 salus.

3 1759 5 1840 l
89 1773 197 1840 Debet
215 1776 321 1858 Regia
337 1777 503 1860 Magestas
519 1774 720 1842 subditorum
736 1774 909 1857 inuigilare
930 1777 1118 1859 corrumollis,
1136 1785 1170 1840 rt
1188 1785 1220 1843 et

3 1889 5 1968 l
88 1880 150 1964 ipsi
159 1879 287 1946 Celesti
299 1882 443 1968 Principi
456 1882 659 1969 Principibus
669 1884 733 1968 pijs
749 1892 911 1948 terrenum
923 1883 1108 1967 Principem
1119 1882 1218 1968 (ligne

3 2023 5 2060 ς
86 1989 219 2071 possint
236 1990 472 2056 commendare.
499 1991 640 2057 Proinde
656 1991 879 2056 uniuersitatis
905 1996 1012 2056 vestre
1037 1991 1157 2056 uotioie
1173 1998 1216 2056 te-

3 2081 5 2088 *
87 2115 165 2163 nore
177 2097 381 2180 presencium
392 2097 609 2181 declaremus;
630 2099 910 2182 quodquiapater
925 2104 1035 2163 noster
1046 2097 1078 2162 in
1090 2097 1217 2164 Christo

88 2204 289 2272 karissimus
299 2203 458 2289 Andreas,
470 2206 531 2271 Dei
543 2206 655 2291 gracia
665 2205 804 2272 illustris
815 2208 884 2271 Rex
896 2205 1075 2288 ilungarie,
1092 2205 1218 2271 Bohma

87 2312 190 2377 filiurn
218 2310 344 2395 Gyurk,
371 2313 461 2378 cuius
487 2319 634 2380 ottanum
659 2313 808 2379 similiter·
834 2313 958 2378 Bohmo
987 2313 1130 2397 nornine,
1158 2333 1216 2397 pro

3 2439 5 2506 ;
85 2417 304 2486 fidelitatibus
331 2420 591 2504 progenitoribus
617 2421 744 2503 nostris,
771 2426 871 2487 Sacro
891 2419 1037 2486 Chorene
1055 2429 1086 2486 ct
1103 2423 1216 2503 llegno

3 2515 4 2518 ¹
86 2525 268 2612 exbybitis‚
286 2524 412 2609 Petrus,
429 2528 483 2608 qui
500 2527 663 2610 quandum
675 2527 780 2610 Regni
797 2528 1051 2612 gubernaculum
1069 2535 1216 2613 potenter·

88 2635 243 2700 obtinens
260 2653 378 2699 nornen
392 2633 490 2717 Regis
507 2633 794 2720 usurpaueretsibi
812 2634 852 2698 de
863 2635 975 2716 Regno
993 2635 1169 2718 llungurie,
1185 2639 1217 2699 et

87 2749 214 2807 terram
231 2741 361 2806 Turucb
377 2741 459 2826 ipsis
482 2741 642 2822 auterens,
669 2759 741 2804 cum
769 2741 835 2806 suis
860 2741 1017 2824 proximis
1038 2740 1215 2825 expulerat,

3 2897 4 2904 ι
86 2850 162 2915 (Ιιιιιι
181 2869 243 2935 pro
260 2847 448 2915 defensione
465 2857 549 2914 terre
560 2854 672 2914 sancte
689 2854 721 2913 et
737 2849 827 2914 Sacri
844 2847 990 2933 sepulcri
1002 2848 1132 2913 Domini
1144 2868 1216 2912 curn

88 2957 205 3023 ceteris
216 2956 361 3040 Regibus
380 2964 411 3022 et
421 2956 568 3022 Ducibus
580 2955 782 3037 Christianis,
801 2978 910 3024 corum
922 2978 980 3041 pro
991 2956 1110 3022 Christi
1128 2975 1215 3021 cruo-

89 3085 123 3131 rc
134 3065 333 3130 affectantes
345 3064 510 3130 effundere
520 3064 722 3148 sanguinem,
736 3085 825 3129 mare
840 3064 1079 3146 transiuissent,
1098 3065 1130 3128 in
1147 3063 1216 3127 acie

3 3199 4 3262 3
89 3179 121 3240 et
137 3174 202 3239 sub
219 3171 342 3238 vexillo
359 3173 460 3239 Ducis
477 3174 611 3240 Polonie
627 3193 684 3257 per
701 3193 759 3238 sua
776 3181 850 3238 actu
868 3171 1012 3236 virtuosa
1029 3175 1061 3235 et
1078 3169 1216 3236 seruicia

88 3279 206 3346 fidelia
221 3286 406 3363 nauantem,
425 3299 501 3345 suos
519 3281 741 3365 progenitores
769 3280 837 3346 sinc
855 3298 963 3344 eorum
981 3277 1168 3344 excessibus
1186 3285 1217 3343 et

3 3447 5 3452 ,
88 3389 196 3472 culpis
214 3387 255 3452 lle
272 3389 384 3470 Regno
394 3386 561 3472 Hungcrie
579 3389 732 3474 expulsos
748 3388 905 3470 extitisse,
922 3389 992 3454 veri
1004 3406 1091 3453 moro
1107 3393 1215 3472 pasto·

86 3494 131 3560 ris
158 3514 409 3580 recognoscens,
436 3495 532 3562 velud
550 3515 643 3562 ouem
660 3501 819 3561 errant-em
835 3497 869 3562 in
885 3496 1031 3580 Regnum
1057 3515 1151 3561 suurn
1171 3514 1214 3558 rc-

3 3595 4 3618 ³
88 3600 249 3684 duxisset,
267 3608 562 3686 totamqueterram
572 3602 732 3686 Thurueh,
750 3621 813 3684 que
830 3621 958 3668 suorum
971 3603 1213 3686 progenitorum

86 3707 198 3774 fuerat
215 3707 411 3775 hereditaria
428 3710 616 3792 abantiquo
634 3719 666 3776 ct
681 3710 932 3794 patrimonialis,
954 3711 1039 3775 sicut
1053 3709 1087 3775 in
1098 3709 1215 3776 litteris

86 3817 167 3884 dicti
199 3817 302 3903 patris
329 3819 429 3884 nostri
456 3818 595 3884 uidimus
622 3818 742 3884 clarius
771 3819 947 3900 contineri,
975 3822 1006 3884 et
1032 3819 1105 3902 ipsu
1130 3823 1217 3882 terra

84 3926 220 3995 Turuch
237 3933 311 4013 post
336 3929 480 4012 ipsorum
497 3927 720 4012 expulsionem
745 3927 859 3994 luisset
876 3929 1033 4013 populata
1053 3931 1085 3990 et
1101 3923 1214 4008 ampli·

89 4039 209 4121 licata3
238 4036 416 4122 populique
430 4037 465 4102 in
481 4036 554 4121 ipsu
579 4037 754 4103 existentes
777 4035 927 4102 defuncto
953 4035 1025 4119 ipso
1043 4032 1167 4098 Bohma
1184 4031 1218 4096 in

85 4144 243 4229 partibus
260 4144 434 4211 Scluuonie
457 4145 490 4210 in
508 4145 627 4211 nostris
651 4145 798 4228 seruicijs
824 4152 936 4210 contra
955 4141 1098 4207 Leustuh
1116 4137 1217 4204 filium

85 4251 216 4316 Bolrrnu
242 4257 274 4316 et
290 4268 367 4316 suos
392 4251 559 4336 proximos
585 4251 802 4336 querimonias
828 4248 1032 4333 frequencius
1059 4247 1217 4332 plurimas

85 4358 331 4443 perrexissem
359 4380 418 4425 nos
435 4380 507 4426 curn
535 4361 639 4444 Regni
655 4359 758 4428 nostri
773 4356 956 4423 Beronibus
977 4354 1086 4421 debito
1102 4355 1217 4438 prebe*

88 4468 152 4536 bito
184 4475 327 4536 tractatu
345 4476 376 4534 et
393 4469 526 4535 consilio
554 4491 612 4554 pro
629 4470 793 4551 utriusque
820 4467 923 4551 partis
947 4461 1126 4544 commodo,
1151 4469 1218 4526 tom

90 4575 236 4644 Leustuh
254 4583 287 4644 et
303 4575 525 4662 proximorum
543 4595 684 4660 suorum,
701 4591 799 4655 quom
815 4573 1005 4658 populorum
1022 4569 1062 4636 de
1079 4567 1217 4662 Turucb,
