3168 5186
870 1049 949 1119 ccl.

343 1253 457 1320 Gallus
471 1246 589 1337 crde'lyi
601 1249 721 1337 prio-prid
736 1256 766 1313 ἐι
782 1229 866 1313 ᾸΙεοι
880 1259 989 1313 macter
1014 1247 1112 1311 hedai
1122 1252 1249 1334 pre'poot
1268 1272 1289 1311 a
1303 1247 1475 1333 kirdlpnal·

340 1361 601 1449 oaapbcpyctsdbdl
614 1384 634 1424 a
643 1358 823 1444 bukcnpbeli
833 1361 968 1444 apctodp
982 1362 1013 1420 ἐι
1022 1355 1278 1442 olcola'jobbdqyaa'
1286 1355 1366 1420 torci
1381 1359 1473 1442 eppe·

654 1464 868 1550 mumcepetc
882 1464 1029 1530 diotezik.
1056 1463 1155 1528 1254.

367 1737 370 1752 .
448 1682 516 1750 Nos
532 1681 647 1749 Gallus
663 1679 785 1747 Diuina
801 1680 1015 1748 miseracione
1024 1680 1207 1766 Episcopus
1218 1681 1469 1760 l‘ransiluanus,

342 1799 373 1860 et
382 1793 539 1876 Magister
544 1791 630 1857 Acus
642 1790 829 1876 Propositus
840 1788 1001 1856 Budensis
1012 1790 1087 1856 aule
1097 1789 1236 1855 Illustris
1246 1789 1371 1873 Regina
1380 1787 1470 1853 Hun-

341 1901 432 1986 garie
443 1899 677 1984 Cancellarius,
696 1897 927 1982 significamus,
945 1896 1114 1982 quodcum
1133 1917 1275 1982 causam,
1302 1917 1367 1982 que
1381 1877 1470 1963 in‘ter

341 2008 502 2076 Abbatem
512 2013 545 2074 et
554 2007 756 2075 conuentum
766 2006 895 2074 checl
906 2027 947 2073 ex
957 2027 1022 2072 vna
1031 2015 1133 2094 parte,
1146 2027 1186 2074 ac
1201 2007 1342 2094 populos
1353 2027 1470 2074 eornn-

330 2119 414 2196 ,dem
432 2117 473 2185 de
488 2116 569 2182 villa
580 2115 715 2184 Okolcx
731 2117 979 2184 alteravcrtitur
996 2135 1093 2201 super
1109 2116 1304 2200 quibusdam
1320 2117 1469 2183 articulis

341 2225 565 2293 condicionum
575 2225 652 2291 dicti
663 2226 784 2312 populi,
796 2222 945 2292 dominus
955 2225 1025 2291 Rex
1035 2225 1129 2293 nobis
1139 2225 1300 2293 commisit
1308 2224 1467 2293 iudiciali-

341 2341 389 2400 ter
400 2334 658 2419 cognoscendam
674 2353 732 2400 seu
749 2333 980 2416 decidendam
998 2335 1109 2402 Abbas
1125 2355 1183 2422 pro
1200 2353 1237 2402 se
1252 2341 1284 2401 et
1296 2334 1466 2401 Oonnentu

340 2463 399 2510 suo
411 2441 646 2526 jobagionibus
657 2441 803 2508 Ecclesie
818 2461 876 2509 sne
891 2441 952 2514 sibi
963 2441 1171 2510 adstantibus
1187 2444 1366 2530 proposuit,
1378 2444 1468 2528 quod

340 2549 452 2635 populi
464 2547 619 2616 antedicti
635 2549 801 2616 renitendo
816 2551 1048 2616 contumaciter
1060 2549 1269 2636 denegabant
1283 2552 1423 2618 seruicia
1432 2559 1467 2618 ct

340 2657 451 2725 debita
465 2677 563 2741 quam
578 2657 729 2745 plurima,
746 2659 863 2743 quibus
873 2659 1021 2726 Ecclesie
1036 2679 1093 2725 suc
1108 2660 1311 2743 tenebantur,
1333 2660 1464 2728 exhibe-

257 2841 258 2844 ,
340 2787 385 2854 re,
396 2788 459 2852 quc
470 2769 579 2833 omnia
594 2767 626 2833 in
636 2767 740 2833 forma
755 2767 952 2853 peticionum
969 2787 1099 2834 suerum
1110 2769 1308 2836 articulatim
1319 2788 1465 2854 compre-

341 2873 522 2960 hendebat3
539 2875 668 2960 populis
687 2895 728 2941 ex
744 2875 884 2942 aduerso
904 2876 1185 2962 respondentibus,
1202 2875 1465 2962 quodprcdictos

340 2979 1463 3070 AbbasetOcnuentusindebitceosetsuperfluegrauabantvltraid,

341 3110 438 3174 quam
454 3089 553 3158 fucrit
568 3111 590 3155 a
604 3089 723 3177 primis*
733 3091 996 3176 progenitoribus
1013 3089 1134 3158 domini
1144 3093 1244 3175 Regis
1260 3092 1461 3178 institutum

341 3206 513 3287 propterca
529 3198 732 3265 vendicanda
749 3199 973 3285 specificantes
999 3220 1060 3266 sua
1076 3199 1187 3265 debite
1203 3208 1235 3266 et
1250 3201 1391 3267 seruicia
1414 3221 1462 3268 co-

340 3329 410 3376 ram
426 3309 532 3391 nobis,
548 3307 702 3374 videlicet
716 3308 803 3391 quod
820 3328 840 3373 a
855 3308 939 3374 festo
951 3308 1065 3376 Sancti
1074 3309 1175 3394 Regis
1185 3309 1343 3395 Stephani
1360 3330 1461 3396 usqne

340 3415 384 3481 ad
398 3415 612 3482 Natiuitatem
630 3415 771 3504 Domini,
797 3417 947 3483 similiter
962 3423 994 3483 et
1010 3438 1031 3482 a
1049 3415 1275 3503 Carnispriuio
1291 3440 1395 3503 voque
1420 3420 1460 3486 ad

339 3524 456 3588 festum
473 3522 585 3589 Sancti
600 3522 761 3590 Johannis
777 3523 926 3610 Baptista
942 3525 1005 3593 duo
1023 3533 1055 3591 et
1070 3527 1134 3590 duo
1149 3525 1373 3611 persingulas
1388 3528 1460 3594 heb-

340 3628 498 3698 domadas
523 3632 558 3698 in
583 3651 679 3717 opere
705 3637 923 3717 carpentanec
951 3633 1074 3700 seruire
1099 3634 1299 3702 Monasterio
1324 3641 1459 3701 tantum-

340 3739 434 3808 modo
460 3741 672 3824 tenebantnr;
698 3741 828 3807 nomine
854 3761 929 3809 vero
956 3741 1155 3807 decimarum
1181 3763 1245 3809 non
1271 3745 1457 3828 plusquam

340 3849 420 3916 duos
436 3849 581 3936 cubulos,
599 3869 696 3915 vnum
712 3848 752 3914 de
767 3849 938 3932 frumento,
965 3849 1064 3915 alium
1081 3849 1121 3915 de
1138 3848 1268 3938 hordeo,
1286 3858 1318 3917 et
1334 3852 1457 3939 singule

341 3961 525 4026 mansiones
542 3957 586 4024 ad
601 3957 747 4041 singulas
764 3958 906 4040 gallinas
923 3957 1072 4024 similiter
1087 3964 1254 4044 tenentur;
1279 3967 1456 4034 tornatores

338 4087 415 4135 vero
431 4067 561 4135 nonnisi
572 4067 606 4133 in
620 4067 724 4133 tribus
739 4066 833 4134 iestis
849 4066 890 4132 de
907 4067 1044 4151 singulis
1055 4067 1279 4136 mansionibus
1296 4071 1341 4136 ad
1355 4072 1456 4157 singn-

338 4178 388 4243 las
414 4176 527 4243 decem
543 4177 699 4242 scutellas
725 4180 757 4242 et
776 4173 839 4241 tria
854 4173 1004 4259 peccaris
1030 4175 1139 4241 danda
1158 4197 1215 4244 seu
1240 4177 1453 4263 persoluenda

338 4295 412 4353 sunt
428 4285 583 4371 obligati,
610 4285 652 4350 ad
668 4283 736 4350 alia
752 4303 840 4366 vero,
866 4303 929 4368 que
945 4282 1058 4350 Abbas
1081 4284 1223 4372 petebat,
1250 4285 1406 4353 dicebant
1422 4308 1453 4353 se

336 4395 466 4481 penitus
489 4413 553 4461 non
569 4393 683 4460 teneri.
709 4391 777 4459 Nos
798 4412 873 4459 vero
898 4392 1020 4459 auditis
1045 4393 1229 4461 racionibus
1251 4393 1399 4479 parcium
1425 4402 1453 4460 et

337 4501 464 4588 plenius
479 4501 661 4585 intellectis,
678 4501 724 4567 ita
740 4499 891 4568 duximus
903 4489 1149 4584 interloquendo
1165 4501 1449 4589 pronunciandum,

337 4612 546 4699 vtpredictus
556 4611 670 4678 Abbas
686 4616 882 4677 memoratos
891 4609 1028 4696 populos
1044 4629 1109 4678 non
1119 4610 1162 4676 ad
1172 4609 1337 4697 ampliora
1354 4615 1450 4676 arcte·

337 4739 382 4804 re,
399 4740 495 4803 quam
512 4718 554 4786 ad
571 4738 621 4805 ea,
638 4737 700 4801 qne
715 4719 864 4805 superins
882 4737 1037 4803 expressa
1051 4727 1126 4788 snnt
1141 4739 1199 4806 per
1219 4719 1448 4788 confessionem
