<?xml version="1.0" encoding="UTF-8"?>
<!DOCTYPE html PUBLIC "-//W3C//DTD XHTML 1.0 Transitional//EN"
    "http://www.w3.org/TR/xhtml1/DTD/xhtml1-transitional.dtd">
<html xmlns="http://www.w3.org/1999/xhtml" xml:lang="en" lang="en">
 <head>
  <title>
</title>
<meta http-equiv="Content-Type" content="text/html;charset=utf-8" />
  <meta name='ocr-system' content='tesseract 3.04.00' />
  <meta name='ocr-capabilities' content='ocr_page ocr_carea ocr_par ocr_line ocrx_word'/>
</head>
<body>
  <div class='ocr_page' id='page_1' title='image "./codexdiplomatic18wenzgoog_0321.png"; bbox 0 0 3162 5188; ppageno 0'>
   <div class='ocr_carea' id='block_1_1' title="bbox 635 309 789 412">
    <p class='ocr_par' dir='ltr' id='par_1_1' title="bbox 635 309 789 412">
     <span class='ocr_line' id='line_1_1' title="bbox 635 309 789 412; baseline -0.013 -36"><span class='ocrx_word' id='word_1_1' title='bbox 635 309 789 412; x_wconf 56' lang='lat' dir='ltr'><strong>get-</strong></span> 
     </span>
    </p>
   </div>
   <div class='ocr_carea' id='block_1_2' title="bbox 111 499 1276 3194">
    <p class='ocr_par' dir='ltr' id='par_1_2' title="bbox 111 499 1276 2324">
     <span class='ocr_line' id='line_1_2' title="bbox 113 499 1276 594; baseline 0.011 -28"><span class='ocrx_word' id='word_1_2' title='bbox 113 499 177 586; x_wconf 85' lang='lat' dir='ltr'><strong>qui</strong></span> <span class='ocrx_word' id='word_1_3' title='bbox 190 509 252 571; x_wconf 89' lang='lat' dir='ltr'><strong>est</strong></span> <span class='ocrx_word' id='word_1_4' title='bbox 270 507 367 572; x_wconf 83' lang='lat' dir='ltr'><strong>salus</strong></span> <span class='ocrx_word' id='word_1_5' title='bbox 383 507 537 574; x_wconf 90' lang='lat' dir='ltr'><strong>omnium.</strong></span> <span class='ocrx_word' id='word_1_6' title='bbox 558 508 601 575; x_wconf 91' lang='lat' dir='ltr'><strong>Vt</strong></span> <span class='ocrx_word' id='word_1_7' title='bbox 617 507 811 594; x_wconf 88' lang='lat' dir='ltr'><strong>scrupulosa</strong></span> <span class='ocrx_word' id='word_1_8' title='bbox 826 507 1002 576; x_wconf 86' lang='lat' dir='ltr'><strong>multorum</strong></span> <span class='ocrx_word' id='word_1_9' title='bbox 1018 507 1158 578; x_wconf 88' lang='lat' dir='ltr'><strong>intencio</strong></span> <span class='ocrx_word' id='word_1_10' title='bbox 1178 516 1276 579; x_wconf 82' lang='lat' dir='ltr'><strong>mate</strong></span> 
     </span>
     <span class='ocr_line' id='line_1_3' title="bbox 114 603 1276 703; baseline 0.009 -28"><span class='ocrx_word' id='word_1_11' title='bbox 114 609 210 678; x_wconf 90' lang='lat' dir='ltr'><strong>riam</strong></span> <span class='ocrx_word' id='word_1_12' title='bbox 241 614 284 680; x_wconf 91' lang='lat' dir='ltr'><strong>in</strong></span> <span class='ocrx_word' id='word_1_13' title='bbox 313 621 479 702; x_wconf 89' lang='lat' dir='ltr'><strong>posterum</strong></span> <span class='ocrx_word' id='word_1_14' title='bbox 504 616 626 684; x_wconf 87' lang='lat' dir='ltr'><strong>babere</strong></span> <span class='ocrx_word' id='word_1_15' title='bbox 650 636 716 683; x_wconf 90' lang='lat' dir='ltr'><strong>non</strong></span> <span class='ocrx_word' id='word_1_16' title='bbox 745 617 855 684; x_wconf 87' lang='lat' dir='ltr'><strong>valeat</strong></span> <span class='ocrx_word' id='word_1_17' title='bbox 871 603 1026 702; x_wconf 87' lang='lat' dir='ltr'><strong>accionis,</strong></span> <span class='ocrx_word' id='word_1_18' title='bbox 1053 618 1188 703; x_wconf 85' lang='lat' dir='ltr'><strong>dignum</strong></span> <span class='ocrx_word' id='word_1_19' title='bbox 1213 619 1276 688; x_wconf 88' lang='lat' dir='ltr'><strong>sibi</strong></span> 
     </span>
     <span class='ocr_line' id='line_1_4' title="bbox 114 719 1275 808; baseline 0.007 -24"><span class='ocrx_word' id='word_1_20' title='bbox 114 719 242 804; x_wconf 83' lang='lat' dir='ltr'><strong>Regia</strong></span> <span class='ocrx_word' id='word_1_21' title='bbox 261 725 383 791; x_wconf 79' lang='lat' dir='ltr'><strong>statuit</strong></span> <span class='ocrx_word' id='word_1_22' title='bbox 397 722 575 808; x_wconf 81' lang='lat' dir='ltr'><strong>Celsitudo,</strong></span> <span class='ocrx_word' id='word_1_23' title='bbox 601 729 636 790; x_wconf 85' lang='lat' dir='ltr'><strong>vt</strong></span> <span class='ocrx_word' id='word_1_24' title='bbox 653 730 812 792; x_wconf 88' lang='lat' dir='ltr'><strong>tractatus</strong></span> <span class='ocrx_word' id='word_1_25' title='bbox 839 723 1041 794; x_wconf 89' lang='lat' dir='ltr'><strong>subditorum</strong></span> <span class='ocrx_word' id='word_1_26' title='bbox 1066 746 1196 793; x_wconf 89' lang='lat' dir='ltr'><strong>suorum</strong></span> <span class='ocrx_word' id='word_1_27' title='bbox 1221 747 1275 792; x_wconf 90' lang='lat' dir='ltr'><strong>au·</strong></span> 
     </span>
     <span class='ocr_line' id='line_1_5' title="bbox 111 825 1274 901; baseline 0.008 -10"><span class='ocrx_word' id='word_1_28' title='bbox 111 825 299 897; x_wconf 87' lang='lat' dir='ltr'><strong>thoritatc</strong></span> <span class='ocrx_word' id='word_1_29' title='bbox 314 832 494 899; x_wconf 87' lang='lat' dir='ltr'><strong>litterarum</strong></span> <span class='ocrx_word' id='word_1_30' title='bbox 510 831 776 900; x_wconf 82' lang='lat' dir='ltr'><strong>testimonialium</strong></span> <span class='ocrx_word' id='word_1_31' title='bbox 791 830 941 900; x_wconf 86' lang='lat' dir='ltr'><strong>stabiliat</strong></span> <span class='ocrx_word' id='word_1_32' title='bbox 955 838 989 900; x_wconf 88' lang='lat' dir='ltr'><strong>et</strong></span> <span class='ocrx_word' id='word_1_33' title='bbox 1004 833 1179 901; x_wconf 88' lang='lat' dir='ltr'><strong>confirmet.</strong></span> <span class='ocrx_word' id='word_1_34' title='bbox 1200 833 1274 900; x_wconf 92' lang='lat' dir='ltr'><strong>Pro-</strong></span> 
     </span>
     <span class='ocr_line' id='line_1_6' title="bbox 111 934 1273 1029; baseline 0.007 -29"><span class='ocrx_word' id='word_1_35' title='bbox 111 934 201 1003; x_wconf 84' lang='lat' dir='ltr'><strong>inde</strong></span> <span class='ocrx_word' id='word_1_36' title='bbox 221 938 276 1005; x_wconf 89' lang='lat' dir='ltr'><strong>ad</strong></span> <span class='ocrx_word' id='word_1_37' title='bbox 297 940 520 1008; x_wconf 80' lang='lat' dir='ltr'><strong>uniuersorum</strong></span> <span class='ocrx_word' id='word_1_38' title='bbox 545 948 612 1007; x_wconf 87' lang='lat' dir='ltr'><strong>tam</strong></span> <span class='ocrx_word' id='word_1_39' title='bbox 629 941 833 1028; x_wconf 89' lang='lat' dir='ltr'><strong>presencium</strong></span> <span class='ocrx_word' id='word_1_40' title='bbox 852 961 950 1027; x_wconf 90' lang='lat' dir='ltr'><strong>quam</strong></span> <span class='ocrx_word' id='word_1_41' title='bbox 976 947 1178 1029; x_wconf 82' lang='lat' dir='ltr'><strong>posterorum</strong></span> <span class='ocrx_word' id='word_1_42' title='bbox 1193 941 1273 1008; x_wconf 90' lang='lat' dir='ltr'><strong>noti-</strong></span> 
     </span>
     <span class='ocr_line' id='line_1_7' title="bbox 113 1042 1272 1136; baseline 0.009 -30"><span class='ocrx_word' id='word_1_43' title='bbox 113 1042 212 1111; x_wconf 91' lang='lat' dir='ltr'><strong>ciam</strong></span> <span class='ocrx_word' id='word_1_44' title='bbox 233 1043 360 1114; x_wconf 86' lang='lat' dir='ltr'><strong>barum</strong></span> <span class='ocrx_word' id='word_1_45' title='bbox 376 1048 461 1116; x_wconf 84' lang='lat' dir='ltr'><strong>serie</strong></span> <span class='ocrx_word' id='word_1_46' title='bbox 476 1047 624 1116; x_wconf 86' lang='lat' dir='ltr'><strong>volumus</strong></span> <span class='ocrx_word' id='word_1_47' title='bbox 635 1048 826 1134; x_wconf 73' lang='lat' dir='ltr'><strong>peruenire,</strong></span> <span class='ocrx_word' id='word_1_48' title='bbox 842 1048 931 1132; x_wconf 89' lang='lat' dir='ltr'><strong>quod</strong></span> <span class='ocrx_word' id='word_1_49' title='bbox 945 1047 1138 1116; x_wconf 86' lang='lat' dir='ltr'><strong>constitutus</strong></span> <span class='ocrx_word' id='word_1_50' title='bbox 1150 1048 1185 1115; x_wconf 92' lang='lat' dir='ltr'><strong>in</strong></span> <span class='ocrx_word' id='word_1_51' title='bbox 1200 1069 1272 1136; x_wconf 90' lang='lat' dir='ltr'><strong>pre·</strong></span> 
     </span>
     <span class='ocr_line' id='line_1_8' title="bbox 112 1153 1272 1244; baseline 0.009 -29"><span class='ocrx_word' id='word_1_52' title='bbox 112 1153 248 1218; x_wconf 79' lang='lat' dir='ltr'><strong>senciat</strong></span> <span class='ocrx_word' id='word_1_53' title='bbox 278 1163 394 1222; x_wconf 87' lang='lat' dir='ltr'><strong>nostra</strong></span> <span class='ocrx_word' id='word_1_54' title='bbox 419 1158 534 1222; x_wconf 90' lang='lat' dir='ltr'><strong>Petrus</strong></span> <span class='ocrx_word' id='word_1_55' title='bbox 560 1156 645 1223; x_wconf 85' lang='lat' dir='ltr'><strong>lilius</strong></span> <span class='ocrx_word' id='word_1_56' title='bbox 661 1156 803 1224; x_wconf 87' lang='lat' dir='ltr'><strong>Zobuslo</strong></span> <span class='ocrx_word' id='word_1_57' title='bbox 828 1156 964 1224; x_wconf 80' lang='lat' dir='ltr'><strong>Comitis</strong></span> <span class='ocrx_word' id='word_1_58' title='bbox 990 1157 1106 1244; x_wconf 88' lang='lat' dir='ltr'><strong>petiuit</strong></span> <span class='ocrx_word' id='word_1_59' title='bbox 1131 1177 1152 1222; x_wconf 92' lang='lat' dir='ltr'><strong>a</strong></span> <span class='ocrx_word' id='word_1_60' title='bbox 1177 1158 1272 1226; x_wconf 84' lang='lat' dir='ltr'><strong>nobis</strong></span> 
     </span>
     <span class='ocr_line' id='line_1_9' title="bbox 113 1259 1272 1351; baseline 0.005 -26"><span class='ocrx_word' id='word_1_61' title='bbox 113 1259 311 1329; x_wconf 86' lang='lat' dir='ltr'><strong>humiliter</strong></span> <span class='ocrx_word' id='word_1_62' title='bbox 326 1269 358 1329; x_wconf 87' lang='lat' dir='ltr'><strong>et</strong></span> <span class='ocrx_word' id='word_1_63' title='bbox 374 1263 501 1351; x_wconf 89' lang='lat' dir='ltr'><strong>deuote,</strong></span> <span class='ocrx_word' id='word_1_64' title='bbox 518 1270 554 1329; x_wconf 88' lang='lat' dir='ltr'><strong>vt</strong></span> <span class='ocrx_word' id='word_1_65' title='bbox 568 1263 804 1350; x_wconf 86' lang='lat' dir='ltr'><strong>possessiones,</strong></span> <span class='ocrx_word' id='word_1_66' title='bbox 825 1284 906 1348; x_wconf 86' lang='lat' dir='ltr'><strong>quas</strong></span> <span class='ocrx_word' id='word_1_67' title='bbox 922 1267 1095 1333; x_wconf 82' lang='lat' dir='ltr'><strong>asserebat</strong></span> <span class='ocrx_word' id='word_1_68' title='bbox 1109 1264 1272 1333; x_wconf 88' lang='lat' dir='ltr'><strong>beredita-</strong></span> 
     </span>
     <span class='ocr_line' id='line_1_10' title="bbox 112 1367 1272 1458; baseline 0.005 -25"><span class='ocrx_word' id='word_1_69' title='bbox 112 1367 167 1434; x_wconf 85' lang='lat' dir='ltr'><strong>rie</strong></span> <span class='ocrx_word' id='word_1_70' title='bbox 185 1370 384 1457; x_wconf 90' lang='lat' dir='ltr'><strong>possidere,</strong></span> <span class='ocrx_word' id='word_1_71' title='bbox 411 1390 484 1438; x_wconf 90' lang='lat' dir='ltr'><strong>oum</strong></span> <span class='ocrx_word' id='word_1_72' title='bbox 500 1370 655 1438; x_wconf 87' lang='lat' dir='ltr'><strong>heredum</strong></span> <span class='ocrx_word' id='word_1_73' title='bbox 672 1369 799 1439; x_wconf 88' lang='lat' dir='ltr'><strong>ear&#39;eret</strong></span> <span class='ocrx_word' id='word_1_74' title='bbox 814 1373 948 1458; x_wconf 88' lang='lat' dir='ltr'><strong>solacio,</strong></span> <span class='ocrx_word' id='word_1_75' title='bbox 965 1373 1213 1441; x_wconf 76' lang='lat' dir='ltr'><strong>concederemus</strong></span> <span class='ocrx_word' id='word_1_76' title='bbox 1230 1393 1272 1440; x_wconf 84' lang='lat' dir='ltr'><strong>ex</strong></span> 
     </span>
     <span class='ocr_line' id='line_1_11' title="bbox 113 1475 1269 1567; baseline 0.005 -25"><span class='ocrx_word' id='word_1_77' title='bbox 113 1475 347 1562; x_wconf 77' lang='lat' dir='ltr'><strong>benignitate</strong></span> <span class='ocrx_word' id='word_1_78' title='bbox 361 1480 476 1565; x_wconf 80' lang='lat' dir='ltr'><strong>Regia,</strong></span> <span class='ocrx_word' id='word_1_79' title='bbox 502 1477 631 1547; x_wconf 87' lang='lat' dir='ltr'><strong>filiabus</strong></span> <span class='ocrx_word' id='word_1_80' title='bbox 648 1487 680 1547; x_wconf 91' lang='lat' dir='ltr'><strong>et</strong></span> <span class='ocrx_word' id='word_1_81' title='bbox 694 1479 866 1567; x_wconf 84' lang='lat' dir='ltr'><strong>nepotibus</strong></span> <span class='ocrx_word' id='word_1_82' title='bbox 881 1479 949 1547; x_wconf 87' lang='lat' dir='ltr'><strong>suis</strong></span> <span class='ocrx_word' id='word_1_83' title='bbox 964 1482 1062 1567; x_wconf 89' lang='lat' dir='ltr'><strong>pleno</strong></span> <span class='ocrx_word' id='word_1_84' title='bbox 1074 1480 1149 1566; x_wconf 89' lang='lat' dir='ltr'><strong>jure</strong></span> <span class='ocrx_word' id='word_1_85' title='bbox 1173 1481 1269 1549; x_wconf 90' lang='lat' dir='ltr'><strong>relin-</strong></span> 
     </span>
     <span class='ocr_line' id='line_1_12' title="bbox 114 1587 1269 1676; baseline 0.003 -23"><span class='ocrx_word' id='word_1_86' title='bbox 114 1607 229 1672; x_wconf 88' lang='lat' dir='ltr'><strong>quere</strong></span> <span class='ocrx_word' id='word_1_87' title='bbox 250 1587 483 1674; x_wconf 89' lang='lat' dir='ltr'><strong>possidendas.</strong></span> <span class='ocrx_word' id='word_1_88' title='bbox 508 1587 577 1655; x_wconf 86' lang='lat' dir='ltr'><strong>Nos</strong></span> <span class='ocrx_word' id='word_1_89' title='bbox 594 1595 702 1676; x_wconf 84' lang='lat' dir='ltr'><strong>autem</strong></span> <span class='ocrx_word' id='word_1_90' title='bbox 718 1589 873 1675; x_wconf 87' lang='lat' dir='ltr'><strong>peticioni</strong></span> <span class='ocrx_word' id='word_1_91' title='bbox 888 1607 947 1656; x_wconf 89' lang='lat' dir='ltr'><strong>sue</strong></span> <span class='ocrx_word' id='word_1_92' title='bbox 962 1588 1187 1657; x_wconf 81' lang='lat' dir='ltr'><strong>fauorabiliter</strong></span> <span class='ocrx_word' id='word_1_93' title='bbox 1213 1608 1269 1656; x_wconf 87' lang='lat' dir='ltr'><strong>an-</strong></span> 
     </span>
     <span class='ocr_line' id='line_1_13' title="bbox 112 1695 1266 1782; baseline 0.003 -22"><span class='ocrx_word' id='word_1_94' title='bbox 112 1703 283 1779; x_wconf 89' lang='lat' dir='ltr'><strong>nuentes,</strong></span> <span class='ocrx_word' id='word_1_95' title='bbox 301 1696 428 1764; x_wconf 88' lang='lat' dir='ltr'><strong>dilectis</strong></span> <span class='ocrx_word' id='word_1_96' title='bbox 453 1703 486 1763; x_wconf 86' lang='lat' dir='ltr'><strong>et</strong></span> <span class='ocrx_word' id='word_1_97' title='bbox 500 1696 652 1765; x_wconf 88' lang='lat' dir='ltr'><strong>fidelibus</strong></span> <span class='ocrx_word' id='word_1_98' title='bbox 667 1697 788 1765; x_wconf 87' lang='lat' dir='ltr'><strong>nostris</strong></span> <span class='ocrx_word' id='word_1_99' title='bbox 803 1697 941 1764; x_wconf 85' lang='lat' dir='ltr'><strong>Albensi</strong></span> <span class='ocrx_word' id='word_1_100' title='bbox 966 1695 1126 1782; x_wconf 74' lang='lat' dir='ltr'><strong>Capitulo,</strong></span> <span class='ocrx_word' id='word_1_101' title='bbox 1144 1698 1266 1764; x_wconf 88' lang='lat' dir='ltr'><strong>nostris</strong></span> 
     </span>
     <span class='ocr_line' id='line_1_14' title="bbox 116 1801 1269 1890; baseline 0.003 -21"><span class='ocrx_word' id='word_1_102' title='bbox 116 1801 290 1870; x_wconf 88' lang='lat' dir='ltr'><strong>dedimus</strong></span> <span class='ocrx_word' id='word_1_103' title='bbox 317 1804 434 1871; x_wconf 87' lang='lat' dir='ltr'><strong>litteris</strong></span> <span class='ocrx_word' id='word_1_104' title='bbox 459 1803 493 1871; x_wconf 91' lang='lat' dir='ltr'><strong>in</strong></span> <span class='ocrx_word' id='word_1_105' title='bbox 517 1805 681 1890; x_wconf 89' lang='lat' dir='ltr'><strong>mandato,</strong></span> <span class='ocrx_word' id='word_1_106' title='bbox 708 1812 745 1871; x_wconf 78' lang='lat' dir='ltr'><strong>vt</strong></span> <span class='ocrx_word' id='word_1_107' title='bbox 769 1804 996 1873; x_wconf 76' lang='lat' dir='ltr'><strong>ordinationes</strong></span> <span class='ocrx_word' id='word_1_108' title='bbox 1022 1803 1099 1871; x_wconf 91' lang='lat' dir='ltr'><strong>dicti</strong></span> <span class='ocrx_word' id='word_1_109' title='bbox 1125 1805 1212 1872; x_wconf 89' lang='lat' dir='ltr'><strong>Petri</strong></span> <span class='ocrx_word' id='word_1_110' title='bbox 1236 1812 1269 1872; x_wconf 83' lang='lat' dir='ltr'><strong>et</strong></span> 
     </span>
     <span class='ocr_line' id='line_1_15' title="bbox 113 1911 1267 2001; baseline 0.001 -24"><span class='ocrx_word' id='word_1_111' title='bbox 113 1911 276 1998; x_wconf 85' lang='lat' dir='ltr'><strong>Agnetis</strong></span> <span class='ocrx_word' id='word_1_112' title='bbox 302 1913 412 1980; x_wconf 78' lang='lat' dir='ltr'><strong>viroris</strong></span> <span class='ocrx_word' id='word_1_113' title='bbox 429 1933 488 1980; x_wconf 88' lang='lat' dir='ltr'><strong>sue</strong></span> <span class='ocrx_word' id='word_1_114' title='bbox 509 1913 733 2000; x_wconf 87' lang='lat' dir='ltr'><strong>permitterent</strong></span> <span class='ocrx_word' id='word_1_115' title='bbox 758 1933 868 1980; x_wconf 89' lang='lat' dir='ltr'><strong>eoram</strong></span> <span class='ocrx_word' id='word_1_116' title='bbox 885 1913 943 1996; x_wconf 89' lang='lat' dir='ltr'><strong>eis,</strong></span> <span class='ocrx_word' id='word_1_117' title='bbox 971 1916 1004 1978; x_wconf 89' lang='lat' dir='ltr'><strong>et</strong></span> <span class='ocrx_word' id='word_1_118' title='bbox 1027 1928 1201 2001; x_wconf 75' lang='lat' dir='ltr'><strong>processus</strong></span> <span class='ocrx_word' id='word_1_119' title='bbox 1217 1913 1267 1980; x_wconf 90' lang='lat' dir='ltr'><strong>sui</strong></span> 
     </span>
     <span class='ocr_line' id='line_1_16' title="bbox 118 2019 1266 2108; baseline 0.001 -22"><span class='ocrx_word' id='word_1_120' title='bbox 118 2022 267 2105; x_wconf 89' lang='lat' dir='ltr'><strong>seriem,</strong></span> <span class='ocrx_word' id='word_1_121' title='bbox 286 2021 371 2088; x_wconf 88' lang='lat' dir='ltr'><strong>sicut</strong></span> <span class='ocrx_word' id='word_1_122' title='bbox 386 2027 545 2107; x_wconf 85' lang='lat' dir='ltr'><strong>ageretur,</strong></span> <span class='ocrx_word' id='word_1_123' title='bbox 571 2043 630 2108; x_wconf 94' lang='lat' dir='ltr'><strong>per</strong></span> <span class='ocrx_word' id='word_1_124' title='bbox 646 2021 791 2090; x_wconf 89' lang='lat' dir='ltr'><strong>ordinem</strong></span> <span class='ocrx_word' id='word_1_125' title='bbox 807 2020 903 2088; x_wconf 86' lang='lat' dir='ltr'><strong>nobis</strong></span> <span class='ocrx_word' id='word_1_126' title='bbox 917 2019 1056 2087; x_wconf 87' lang='lat' dir='ltr'><strong>fideliter</strong></span> <span class='ocrx_word' id='word_1_127' title='bbox 1070 2021 1266 2088; x_wconf 85' lang='lat' dir='ltr'><strong>intimarent.</strong></span> 
     </span>
     <span class='ocr_line' id='line_1_17' title="bbox 116 2125 1266 2216; baseline 0.002 -23"><span class='ocrx_word' id='word_1_128' title='bbox 116 2127 231 2196; x_wconf 83' lang='lat' dir='ltr'><strong>Cuius</strong></span> <span class='ocrx_word' id='word_1_129' title='bbox 250 2131 381 2197; x_wconf 86' lang='lat' dir='ltr'><strong>litteras</strong></span> <span class='ocrx_word' id='word_1_130' title='bbox 401 2130 573 2216; x_wconf 80' lang='lat' dir='ltr'><strong>sigillatas,</strong></span> <span class='ocrx_word' id='word_1_131' title='bbox 589 2138 735 2198; x_wconf 90' lang='lat' dir='ltr'><strong>tenorem</strong></span> <span class='ocrx_word' id='word_1_132' title='bbox 754 2127 998 2198; x_wconf 81' lang='lat' dir='ltr'><strong>ordinacionem</strong></span> <span class='ocrx_word' id='word_1_133' title='bbox 1014 2125 1173 2196; x_wconf 81' lang='lat' dir='ltr'><strong>dictarum</strong></span> <span class='ocrx_word' id='word_1_134' title='bbox 1192 2149 1266 2198; x_wconf 90' lang='lat' dir='ltr'><strong>con·</strong></span> 
     </span>
     <span class='ocr_line' id='line_1_18' title="bbox 116 2235 784 2324; baseline -0.003 -21"><span class='ocrx_word' id='word_1_135' title='bbox 116 2237 287 2323; x_wconf 88' lang='lat' dir='ltr'><strong>tinentes,</strong></span> <span class='ocrx_word' id='word_1_136' title='bbox 305 2239 487 2324; x_wconf 88' lang='lat' dir='ltr'><strong>recepimus</strong></span> <span class='ocrx_word' id='word_1_137' title='bbox 503 2237 563 2304; x_wconf 85' lang='lat' dir='ltr'><strong>sub</strong></span> <span class='ocrx_word' id='word_1_138' title='bbox 579 2238 641 2304; x_wconf 89' lang='lat' dir='ltr'><strong>hae</strong></span> <span class='ocrx_word' id='word_1_139' title='bbox 658 2235 784 2304; x_wconf 84' lang='lat' dir='ltr'><strong>forma:</strong></span> 
     </span>
    </p>

    <p class='ocr_par' dir='ltr' id='par_1_3' title="bbox 240 2342 1264 2431">
     <span class='ocr_line' id='line_1_19' title="bbox 240 2342 1264 2431; baseline -0.005 -19"><span class='ocrx_word' id='word_1_140' title='bbox 240 2345 432 2431; x_wconf 82' lang='lat' dir='ltr'><strong>Capitulum</strong></span> <span class='ocrx_word' id='word_1_141' title='bbox 448 2346 595 2413; x_wconf 86' lang='lat' dir='ltr'><strong>Ecclesie</strong></span> <span class='ocrx_word' id='word_1_142' title='bbox 610 2345 765 2412; x_wconf 86' lang='lat' dir='ltr'><strong>Albensis</strong></span> <span class='ocrx_word' id='word_1_143' title='bbox 776 2345 838 2412; x_wconf 87' lang='lat' dir='ltr'><strong>stb.</strong></span> <span class='ocrx_word' id='word_1_144' title='bbox 852 2343 948 2431; x_wconf 88' lang='lat' dir='ltr'><strong>(mint</strong></span> <span class='ocrx_word' id='word_1_145' title='bbox 963 2343 1062 2410; x_wconf 80' lang='lat' dir='ltr'><strong>alebb</strong></span> <span class='ocrx_word' id='word_1_146' title='bbox 1072 2345 1148 2412; x_wconf 84' lang='lat'>208.</span> <span class='ocrx_word' id='word_1_147' title='bbox 1162 2361 1208 2409; x_wconf 85' lang='lat' dir='ltr'><strong>sn.</strong></span> <span class='ocrx_word' id='word_1_148' title='bbox 1219 2342 1264 2429; x_wconf 89' lang='lat' dir='ltr'><strong>a.)</strong></span> 
     </span>
    </p>

    <p class='ocr_par' dir='ltr' id='par_1_4' title="bbox 117 2450 1265 3194">
     <span class='ocr_line' id='line_1_20' title="bbox 238 2450 1265 2541; baseline -0.004 -21"><span class='ocrx_word' id='word_1_149' title='bbox 238 2454 313 2522; x_wconf 86' lang='lat' dir='ltr'><strong>Nos</strong></span> <span class='ocrx_word' id='word_1_150' title='bbox 335 2474 413 2521; x_wconf 83' lang='lat' dir='ltr'><strong>vero</strong></span> <span class='ocrx_word' id='word_1_151' title='bbox 437 2454 598 2541; x_wconf 82' lang='lat' dir='ltr'><strong>premissa</strong></span> <span class='ocrx_word' id='word_1_152' title='bbox 624 2452 734 2519; x_wconf 91' lang='lat' dir='ltr'><strong>omnia</strong></span> <span class='ocrx_word' id='word_1_153' title='bbox 757 2457 832 2519; x_wconf 88' lang='lat' dir='ltr'><strong>rata</strong></span> <span class='ocrx_word' id='word_1_154' title='bbox 856 2450 1025 2538; x_wconf 87' lang='lat' dir='ltr'><strong>habentes,</strong></span> <span class='ocrx_word' id='word_1_155' title='bbox 1051 2468 1207 2536; x_wconf 85' lang='lat' dir='ltr'><strong>quantum</strong></span> <span class='ocrx_word' id='word_1_156' title='bbox 1231 2452 1265 2517; x_wconf 91' lang='lat' dir='ltr'><strong>in</strong></span> 
     </span>
     <span class='ocr_line' id='line_1_21' title="bbox 117 2558 1264 2648; baseline -0.002 -21"><span class='ocrx_word' id='word_1_157' title='bbox 117 2563 225 2631; x_wconf 93' lang='lat' dir='ltr'><strong>nobis</strong></span> <span class='ocrx_word' id='word_1_158' title='bbox 244 2571 308 2648; x_wconf 87' lang='lat' dir='ltr'><strong>est,</strong></span> <span class='ocrx_word' id='word_1_159' title='bbox 326 2569 359 2628; x_wconf 92' lang='lat' dir='ltr'><strong>et</strong></span> <span class='ocrx_word' id='word_1_160' title='bbox 373 2565 475 2647; x_wconf 85' lang='lat' dir='ltr'><strong>firma,</strong></span> <span class='ocrx_word' id='word_1_161' title='bbox 495 2582 535 2628; x_wconf 91' lang='lat' dir='ltr'><strong>ac</strong></span> <span class='ocrx_word' id='word_1_162' title='bbox 550 2561 727 2628; x_wconf 87' lang='lat' dir='ltr'><strong>secuudum</strong></span> <span class='ocrx_word' id='word_1_163' title='bbox 744 2558 1010 2629; x_wconf 86' lang='lat' dir='ltr'><strong>consuetudinem</strong></span> <span class='ocrx_word' id='word_1_164' title='bbox 1025 2561 1130 2644; x_wconf 79' lang='lat' dir='ltr'><strong>Regni</strong></span> <span class='ocrx_word' id='word_1_165' title='bbox 1146 2579 1264 2647; x_wconf 90' lang='lat' dir='ltr'><strong>appro-</strong></span> 
     </span>
     <span class='ocr_line' id='line_1_22' title="bbox 121 2668 1264 2756; baseline 0 -22"><span class='ocrx_word' id='word_1_166' title='bbox 121 2670 261 2756; x_wconf 88' lang='lat' dir='ltr'><strong>bantes,</strong></span> <span class='ocrx_word' id='word_1_167' title='bbox 290 2668 489 2738; x_wconf 80' lang='lat' dir='ltr'><strong>authoritate</strong></span> <span class='ocrx_word' id='word_1_168' title='bbox 510 2669 690 2737; x_wconf 85' lang='lat' dir='ltr'><strong>litterarum</strong></span> <span class='ocrx_word' id='word_1_169' title='bbox 705 2669 911 2756; x_wconf 86' lang='lat' dir='ltr'><strong>presencium</strong></span> <span class='ocrx_word' id='word_1_170' title='bbox 927 2670 1164 2755; x_wconf 85' lang='lat' dir='ltr'><strong>confirmamus,</strong></span> <span class='ocrx_word' id='word_1_171' title='bbox 1182 2688 1264 2734; x_wconf 87' lang='lat' dir='ltr'><strong>com-</strong></span> 
     </span>
     <span class='ocr_line' id='line_1_23' title="bbox 122 2775 1264 2863; baseline 0 -19"><span class='ocrx_word' id='word_1_172' title='bbox 122 2779 320 2846; x_wconf 88' lang='lat' dir='ltr'><strong>munientes</strong></span> <span class='ocrx_word' id='word_1_173' title='bbox 336 2778 447 2863; x_wconf 83' lang='lat' dir='ltr'><strong>sigillo</strong></span> <span class='ocrx_word' id='word_1_174' title='bbox 462 2784 573 2845; x_wconf 89' lang='lat' dir='ltr'><strong>nostro</strong></span> <span class='ocrx_word' id='word_1_175' title='bbox 590 2777 723 2863; x_wconf 92' lang='lat' dir='ltr'><strong>duplici,</strong></span> <span class='ocrx_word' id='word_1_176' title='bbox 747 2798 789 2844; x_wconf 94' lang='lat' dir='ltr'><strong>ne</strong></span> <span class='ocrx_word' id='word_1_177' title='bbox 805 2783 919 2843; x_wconf 90' lang='lat' dir='ltr'><strong>contra</strong></span> <span class='ocrx_word' id='word_1_178' title='bbox 942 2775 1169 2844; x_wconf 76' lang='lat' dir='ltr'><strong>ordinationes</strong></span> <span class='ocrx_word' id='word_1_179' title='bbox 1194 2797 1264 2862; x_wconf 91' lang='lat' dir='ltr'><strong>pre·</strong></span> 
     </span>
     <span class='ocr_line' id='line_1_24' title="bbox 120 2887 1263 2975; baseline -0.002 -21"><span class='ocrx_word' id='word_1_180' title='bbox 120 2895 267 2955; x_wconf 87' lang='lat' dir='ltr'><strong>taxatas</strong></span> <span class='ocrx_word' id='word_1_181' title='bbox 283 2888 394 2955; x_wconf 83' lang='lat' dir='ltr'><strong>valeat</strong></span> <span class='ocrx_word' id='word_1_182' title='bbox 408 2905 564 2975; x_wconf 87' lang='lat' dir='ltr'><strong>processu</strong></span> <span class='ocrx_word' id='word_1_183' title='bbox 578 2887 733 2972; x_wconf 89' lang='lat' dir='ltr'><strong>temporis</strong></span> <span class='ocrx_word' id='word_1_184' title='bbox 749 2887 936 2973; x_wconf 85' lang='lat' dir='ltr'><strong>calumpnia</strong></span> <span class='ocrx_word' id='word_1_185' title='bbox 961 2905 1019 2954; x_wconf 88' lang='lat' dir='ltr'><strong>seu</strong></span> <span class='ocrx_word' id='word_1_186' title='bbox 1034 2894 1263 2954; x_wconf 89' lang='lat' dir='ltr'><strong>nocumentum</strong></span> 
     </span>
     <span class='ocr_line' id='line_1_25' title="bbox 123 2994 1262 3084; baseline -0.003 -21"><span class='ocrx_word' id='word_1_187' title='bbox 123 2999 270 3084; x_wconf 88' lang='lat' dir='ltr'><strong>aliquod</strong></span> <span class='ocrx_word' id='word_1_188' title='bbox 284 2997 435 3064; x_wconf 87' lang='lat' dir='ltr'><strong>suboriri.</strong></span> <span class='ocrx_word' id='word_1_189' title='bbox 459 2999 582 3064; x_wconf 87' lang='lat' dir='ltr'><strong>Datum</strong></span> <span class='ocrx_word' id='word_1_190' title='bbox 597 3016 685 3063; x_wconf 90' lang='lat' dir='ltr'><strong>anno</strong></span> <span class='ocrx_word' id='word_1_191' title='bbox 706 2994 950 3063; x_wconf 87' lang='lat' dir='ltr'><strong>incarnacionis</strong></span> <span class='ocrx_word' id='word_1_192' title='bbox 966 2994 1137 3062; x_wconf 90' lang='lat' dir='ltr'><strong>Dominiee</strong></span> <span class='ocrx_word' id='word_1_193' title='bbox 1162 2994 1262 3060; x_wconf 88' lang='lat' dir='ltr'><strong>mille·</strong></span> 
     </span>
     <span class='ocr_line' id='line_1_26' title="bbox 121 3102 1262 3194; baseline -0.004 -22"><span class='ocrx_word' id='word_1_194' title='bbox 121 3107 210 3176; x_wconf 87' lang='lat' dir='ltr'><strong>simo</strong></span> <span class='ocrx_word' id='word_1_195' title='bbox 228 3106 382 3174; x_wconf 81' lang='lat' dir='ltr'>CO⁰XL⁰</span> <span class='ocrx_word' id='word_1_196' title='bbox 397 3125 494 3194; x_wconf 94' lang='lat' dir='ltr'><strong>nono,</strong></span> <span class='ocrx_word' id='word_1_197' title='bbox 510 3107 605 3174; x_wconf 86' lang='lat' dir='ltr'><strong>nonis</strong></span> <span class='ocrx_word' id='word_1_198' title='bbox 622 3104 783 3191; x_wconf 85' lang='lat' dir='ltr'><strong>Octobris,</strong></span> <span class='ocrx_word' id='word_1_199' title='bbox 803 3105 910 3190; x_wconf 83' lang='lat' dir='ltr'><strong>Regni</strong></span> <span class='ocrx_word' id='word_1_200' title='bbox 924 3107 1033 3171; x_wconf 89' lang='lat' dir='ltr'><strong>autem</strong></span> <span class='ocrx_word' id='word_1_201' title='bbox 1056 3102 1160 3169; x_wconf 86' lang='lat' dir='ltr'><strong>nostri</strong></span> <span class='ocrx_word' id='word_1_202' title='bbox 1175 3121 1262 3169; x_wconf 91' lang='lat' dir='ltr'><strong>anno</strong></span> 
     </span>
    </p>
   </div>
   <div class='ocr_carea' id='block_1_3' title="bbox 122 3216 387 3302">
    <p class='ocr_par' dir='ltr' id='par_1_5' title="bbox 122 3216 387 3302">
     <span class='ocr_line' id='line_1_27' title="bbox 122 3216 387 3302; baseline -0.008 -18"><span class='ocrx_word' id='word_1_203' title='bbox 122 3216 387 3302; x_wconf 87' lang='lat' dir='ltr'><strong>quartodecimo.</strong></span> 
     </span>
    </p>
   </div>
   <div class='ocr_carea' id='block_1_4' title="bbox 122 3408 1259 3572">
    <p class='ocr_par' dir='ltr' id='par_1_6' title="bbox 122 3408 1259 3572">
     <span class='ocr_line' id='line_1_28' title="bbox 122 3408 1259 3485; baseline -0.007 -13"><span class='ocrx_word' id='word_1_204' title='bbox 122 3415 222 3485; x_wconf 70' lang='lat' dir='ltr'><strong>(Garsi</strong></span> <span class='ocrx_word' id='word_1_205' title='bbox 235 3416 339 3470; x_wconf 70' lang='lat' dir='ltr'><strong>Miller</strong></span> <span class='ocrx_word' id='word_1_206' title='bbox 350 3413 490 3468; x_wconf 73' lang='lat' dir='ltr'><strong>nddornak</strong></span> <span class='ocrx_word' id='word_1_207' title='bbox 507 3412 792 3478; x_wconf 71' lang='lat' dir='ltr'><strong>tole-kilbrattb613</strong></span> <span class='ocrx_word' id='word_1_208' title='bbox 816 3413 895 3466; x_wconf 76' lang='lat' dir='ltr'><strong>ndbai</strong></span> <span class='ocrx_word' id='word_1_209' title='bbox 907 3413 1046 3478; x_wconf 73' lang='lat' dir='ltr'><strong>Korincny</strong></span> <span class='ocrx_word' id='word_1_210' title='bbox 1068 3408 1159 3464; x_wconf 77' lang='lat' dir='ltr'><strong>thor</strong></span> <span class='ocrx_word' id='word_1_211' title='bbox 1171 3411 1259 3465; x_wconf 81' lang='lat' dir='ltr'><strong>kbnle·</strong></span> 
     </span>
     <span class='ocr_line' id='line_1_29' title="bbox 638 3501 756 3572; baseline 0 -15"><span class='ocrx_word' id='word_1_212' title='bbox 638 3501 756 3572; x_wconf 62' lang='lat' dir='ltr'><strong>memet</strong></span> 
     </span>
    </p>
   </div>
   <div class='ocr_carea' id='block_1_5' title="bbox 565 3790 819 3804">
    <p class='ocr_par' dir='ltr' id='par_1_7' title="bbox 565 3790 819 3804">
     <span class='ocr_line' id='line_1_30' title="bbox 565 3790 819 3804; baseline -0.012 0"><span class='ocrx_word' id='word_1_213' title='bbox 565 3790 819 3804; x_wconf 46' lang='grc' dir='ltr'><strong>*μυ-</strong></span> 
     </span>
    </p>
   </div>
   <div class='ocr_carea' id='block_1_6' title="bbox 0 0 1586 5188">
    <p class='ocr_par' dir='ltr' id='par_1_8' title="bbox 0 0 1586 5188">
     <span class='ocr_line' id='line_1_31' title="bbox 0 0 1586 5188; baseline 0 1"><span class='ocrx_word' id='word_1_214' title='bbox 0 0 1586 5188; x_wconf 95' lang='lat' dir='ltr'><strong> </strong></span> 
     </span>
    </p>
   </div>
  </div>
 </body>
</html>
