3168 5186
866 331 932 398 412

336 527 419 592 Etsi
444 527 562 611 uliquis
580 529 686 614 ipsum
711 528 840 594 Nauam
865 528 1034 613 Comitem,
1063 529 1115 596 uel
1141 529 1212 595 eius
1239 529 1373 596 heredes
1400 535 1471 595 aut

335 640 490 719 cognatos
507 655 605 723 super
631 637 816 704 memoratis
841 637 996 706 infestare
1015 644 1224 724 presumeret,
1251 638 1313 724 ipsi
1336 639 1471 706 fratres

335 744 532 812 laurencius
549 745 732 814 etlaeobus
749 752 897 814 tenentur
913 747 1044 813 eosdem
1062 747 1104 812 ab
1121 747 1296 833 impetente
1311 748 1472 832 quolibet

335 854 487 921 liberare.
512 852 606 932 Quod
622 862 657 921 ut
672 861 778 922 ratum
795 861 827 922 et
843 856 969 922 firmum
986 865 1184 942 permaneat,
1205 857 1247 923 ad
1263 855 1474 924 iustaneianr

335 982 466 1049 preeum
490 964 665 1030 eorundem
691 963 827 1030 fratrum
851 968 1035 1050 presentem
1051 965 1208 1050 pagiuam
1235 964 1335 1033 nostri
1356 964 1476 1048 sigilli

337 1071 537 1156 appensione
554 1069 739 1140 roboratam
764 1072 926 1138 consoribi
942 1072 1079 1139 fecimus
1095 1074 1141 1140 rei
1161 1081 1253 1158 geste
1270 1072 1475 1140 memoriam

336 1179 564 1262 continentem,
590 1200 677 1247 anno
702 1179 834 1246 Domini
861 1178 1031 1246 ll⁰OG⁰L⁰
1046 1182 1179 1265 quinto,
1197 1199 1315 1269 ‘menso
1339 1182 1475 1266 blayo;

334 1287 486 1354 Tristuuo
504 1287 654 1375 Cantore,
681 1288 852 1356 Theodoro
867 1284 1019 1368 Custode,
1035 1290 1229 1358 Weuoezlao
1246 1292 1391 1374 Deeano,
1415 1309 1476 1355 ee·

334 1396 477 1481 terisque
493 1396 738 1483 quampluribus
753 1395 874 1464 ibidem
889 1397 1116 1467 existentibus.
1135 1400 1254 1466 Datum
1275 1419 1474 1487 permanus

334 1503 483 1587 Magistri
499 1504 586 1572 Petri
602 1504 748 1572 Lentonis
765 1502 1134 1587 Quinqueeeelesieusis.

335 1702 473 1774 (Ererletie
483 1701 657 1770 bb'rbairtyaiu‚
667 1704 779 1770 melyrb'l
789 1721 806 1756 a
818 1701 948 1772 lraiptelnu
961 1702 1081 1771 peeasje
1090 1701 1335 1771 uirga-violaezinii
1345 1707 1473 1771 selyem·

531 1792 656 1846 asinorum
671 1795 747 1862 sugg,
762 1793 871 1846 abudai
886 1795 936 1844 lrir.
947 1794 1069 1848 kamarai
1083 1791 1270 1861 levbltarbau.)

913 2123 929 2126 ..
957 2121 1020 2128 ...η-ω

861 2625 938 2692 293.

333 2828 364 2891 Α
377 2831 462 2914 po'csi
484 2827 696 2914 heptalanank
722 2826 990 2912 biuonpsriqleaele,
1016 2828 1098 2911 kopp
1115 2826 1197 2891 Pocb
1217 2849 1314 2892 conus
1341 2826 1466 2890 Lacia't

334 2935 430 3001 Pouee
448 2935 599 3001 comeeuek
623 2934 747 3020 ledupcit
762 2957 800 2998 uz
817 2934 912 3020 aapja
927 2933 1075 2998 Erszdbet
1107 2938 1184 2997 uros
1200 2933 1269 2998 noli
1277 2935 1356 3019 jairo
1371 2933 1467 2998 bek-

634 3047 732 3126 sdpe're
746 3045 836 3106 nosve
851 3039 1031 3127 tunquam.
1052 3039 1149 3109 1255.

437 3239 539 3309 Jurko
554 3239 739 3324 Prepositus
750 3236 1138 3323 Quinquelloulesiensis²
1157 3237 1366 3323 ejusdemque
1383 3240 1460 3306 loei

332 3349 529 3434 Capitulum,
544 3347 692 3416 omnibus
708 3365 840 3432 presens
856 3344 1012 3430 seriptum
1028 3345 1234 3412 oeruentibus
1257 3345 1398 3412 salutem
1417 3347 1460 3414 iu

295 3469 297 3472 ’
332 3457 481 3525 Domino.
497 3454 549 3523 Au
561 3455 783 3523 uniuersorum
793 3451 946 3520 uotieiam
962 3461 1073 3521 teume
1088 3452 1292 3540 presencium
1301 3454 1459 3522 volumus

332 3565 521 3653 pervenire:
546 3564 632 3649 quod
648 3562 792 3631 ueouuda
807 3560 891 3628 teria
915 3563 1066 3648 proxima
1082 3569 1157 3649 post
1176 3563 1382 3630 Domiuieam
1397 3561 1461 3630 Ju-

333 3675 416 3762 dioa,
443 3674 574 3742 domina
590 3672 691 3740 Lueia
716 3671 784 3738 filia
808 3672 972 3756 quondam
988 3674 1094 3741 Pouse
1110 3671 1246 3740 Comitis
1272 3672 1331 3758 filij
1349 3674 1460 3758 Naue,

333 3793 410 3854 nota
425 3783 519 3850 nobis
535 3802 685 3870 persona,
710 3801 769 3868 per
784 3779 942 3866 quosdam
968 3783 1112 3849 homines
1136 3787 1275 3866 nostros,
1301 3781 1458 3848 videlieet

333 3915 392 3981 per
407 3894 620 3962 Veuoeslaum
645 3893 813 3960 Deoauum
836 3898 991 3976 nostrum,
1012 3899 1045 3960 et
1058 3892 1152 3978 alios,
1177 3891 1294 3958 reliota
1313 3890 1457 3958 Weolmb

332 4005 388 4091 filij
415 4004 529 4072 Weiob
555 4002 595 4070 de
620 4021 738 4088 genere
763 4000 905 4088 Osanad,
933 4022 997 4068 uua
1022 4021 1094 4068 eum
1118 4000 1269 4068 Jobaune
1293 4000 1360 4068 tilio
1385 4021 1456 4082 suo,

334 4133 444 4182 eoram
468 4119 592 4181 statuta
605 4112 640 4178 iu
667 4117 779 4178 nostre
804 4109 975 4197 presencia
999 4109 1152 4178 contessa
1175 4115 1235 4192 est,
1261 4128 1359 4196 super
1379 4107 1455 4176 dote

332 4222 447 4290 matris
463 4242 520 4290 sue
545 4219 674 4288 domine
689 4219 861 4286 Elisabeth
883 4218 953 4285 filia
968 4218 1131 4304 quondam
1146 4218 1235 4288 Poeh
1250 4216 1398 4301 Comitis,
1422 4225 1456 4284 et

332 4353 438 4399 rerum
455 4330 595 4400 omnium
606 4349 715 4398 seeum
730 4327 894 4396 addietum
905 4327 991 4396 Poeh
1002 4327 1160 4395 Comitem
1180 4332 1452 4413 transporturum,

332 4463 392 4510 neo
406 4461 472 4508 nou
487 4447 519 4506 et
535 4459 633 4526 super
647 4445 764 4522 quarta
780 4434 926 4522 ejusdem
942 4435 1072 4502 domiue
1088 4436 1199 4520 Lueie,
1224 4456 1247 4502 a
1261 4433 1364 4504 nobili
1383 4437 1452 4505 viro

332 4551 430 4617 Naue
444 4548 570 4618 comite
587 4549 654 4618 lilio
668 4547 807 4616 eoudam
822 4547 927 4614 Pouse
942 4545 1075 4614 Comitis
1094 4545 1213 4614 ibidem
1238 4545 1380 4632 presenti
1396 4565 1451 4612 uu·

333 4659 438 4726 deoim
454 4659 573 4724 mareis
590 4657 631 4724 de
646 4661 783 4742 argento
795 4655 864 4740 jam
879 4655 1020 4741 roeeptis
1039 4654 1085 4722 ita
1100 4654 1248 4740 plenarie
1273 4653 1375 4720 luisse
1391 4653 1452 4719 sibi
