3226 5194
583 335 732 438 jes-

79 527 225 615 dieitur,
244 539 276 598 ct
293 532 337 599 ibi
355 540 430 601 sunt
443 531 509 603 tres
527 543 609 604 mete
621 536 754 622 antique
769 543 801 604 et
818 543 883 604 tres
894 557 995 622 none,
1013 535 1219 623 postmodum

76 635 262 708 descendit
285 643 331 709 ad
347 643 478 728 uellem,
504 664 603 730 qnam
619 644 749 730 transit,
775 653 808 714 et
824 646 973 714 ascendit
993 647 1038 714 ed
1062 648 1149 714 latos
1166 666 1214 714 eu·

76 748 220 818 iusdam
244 751 348 839 collis,
373 759 407 821 et
430 752 476 821 ibi
501 755 756 823 conterminatnr
782 761 869 823 terro
893 755 1006 824 Sancti
1031 755 1118 841 Viti,
1143 753 1219 822 inde

76 877 207 928 uersus
235 867 361 948 partem
389 862 633 932 meridionalem
659 862 859 932 transeundo
891 884 964 932 cum
989 864 1092 933 tribas
1121 863 1217 932 metis

75 965 235 1053 antiquis
260 974 294 1035 et
308 970 401 1038 nonis
426 976 517 1040 tenet
532 978 651 1040 metam
678 993 750 1040 eum
766 976 855 1039 terra
868 971 947 1040 ville
963 971 1040 1040 Swlr
1065 970 1216 1040 Teutoni·
1344 982 1348 990 ·

77 1094 200 1143 corum
229 1077 391 1165 hospitum
416 1081 523 1149 (lustri
548 1081 744 1168 Nitriensis;
777 1080 852 1149 inde
879 1082 997 1150 transit
1023 1101 1094 1149 oum
1123 1082 1217 1148 metis

77 1185 234 1272 antiquis
259 1193 292 1254 et
315 1189 408 1257 nonis
433 1211 531 1276 super
555 1190 677 1258 vallem
703 1190 877 1280 quandam,
907 1197 938 1259 et
965 1190 1216 1259 conterminator

78 1298 172 1360 terre
190 1295 328 1365 alterins
344 1297 433 1384 Swlr,
450 1298 675 1385 quevidelicet
691 1305 741 1367 est
756 1300 838 1366 villa
848 1299 1002 1368 Gruclieri
1022 1299 1062 1366 de
1078 1301 1219 1384 Manga;

79 1405 299 1488 postmodum
323 1405 491 1476 descendit
516 1408 751 1476 iuxtaterram
778 1407 871 1475 Bund
895 1407 1217 1494 Zulgu-Janrienscm

81 1533 207 1582 uersus
233 1514 444 1602 occidentem,
471 1525 503 1584 et
528 1516 572 1583 ad
597 1517 735 1586 eandem
759 1537 898 1602 aquam,
931 1517 1016 1584 unde
1042 1516 1217 1605 inceperat,

80 1621 295 1688 terminatur.
320 1625 364 1691 Vt
380 1623 478 1711 igitur
493 1624 586 1693 buius
605 1627 650 1693 rei
667 1625 768 1692 series
786 1625 883 1692 robor
902 1625 1048 1711 optineat
1064 1631 1218 1714 perpetue

81 1729 256 1797 firmitatis
280 1740 448 1819 presentes
464 1733 589 1802 eisdem
604 1732 739 1802 Zochud
756 1741 788 1800 et
806 1732 875 1800 suis
898 1732 1053 1802 iratribus
1069 1733 1231 1802 denium

81 1837 221 1906 litteras
246 1845 356 1908 nostro
381 1840 490 1927 sigillo
515 1843 705 1928 roboratas,
733 1849 826 1929 prout
850 1841 940 1929 prius
965 1841 1068 1910 eciam
1093 1841 1218 1910 eisdem

84 1953 240 2033 tempore
271 1948 494 2018 reuocacionis
526 1948 752 2036 perpetuitatis
779 1968 877 2035 super
902 1948 988 2018 iacto
1019 1949 1107 2018 dicte
1132 1957 1217 2018 terre

84 2063 240 2124 nostrum
256 2056 465 2143 priuilegium
482 2056 685 2128 dederamus.
710 2061 829 2126 Datum
849 2079 935 2127 anno
950 2059 1082 2129 Domini
1099 2062 1143 2128 bl⁰
1154 2060 1220 2130 00⁰

85 2165 269 2233 L⁰octuuo

88 2346 233 2416 (Bredetie
251 2347 424 2417 bb'rbirtydn,
444 2351 567 2415 molynslr
591 2347 673 2403 utun
692 2367 723 2402 az
737 2352 789 2404 uda
808 2357 930 2417 nyomott
950 2345 1050 2417 kirtlyi
1073 2350 1220 2418 pecsdtnek

214 2439 344 2494 tdredbke
359 2442 420 2510 mdg
433 2458 559 2509 megran,
578 2443 689 2495 ebudsi
705 2445 755 2495 loir.
770 2444 892 2498 tamara·
907 2439 1094 2510 lovtlttrban.)

626 3195 702 3265 345.

99 3379 119 3444 l
123 3380 157 3445 V.
175 3381 307 3447 Sdndor
328 3386 417 3468 pdpa
443 3379 614 3446 Aicardust
637 3381 769 3466 usquead
794 3377 932 3442 statuet·
955 3378 1098 3444 kinecezs'.
1124 3378 1221 3444 1258.

207 3557 394 3626 Alexander
419 3559 600 3646 Episcopus
626 3577 741 3626 seruus
768 3576 934 3625 seruorum
961 3561 1023 3628 Dei
1040 3559 1220 3628 venerabili
1324 3595 1328 3604 ·

97 3669 189 3740 fratri
215 3669 356 3739 Aleardo
381 3669 634 3756 Archiepiscopo
660 3668 826 3753 Ragnsino
850 3669 988 3736 salutem
1014 3677 1046 3736 et
1060 3667 1223 3756 Apostoli·

99 3800 169 3850 cam
195 3780 464 3848 benedictionem.
492 3781 592 3846 Recte
607 3787 685 3846 tunc
701 3778 919 3846 Ecclesiarom
946 3778 1075 3846 utilitati
1095 3778 1221 3866 prospi-

99 3889 189 3976 citur,
208 3895 241 3958 et
255 3889 486 3975 indempnitati
511 3887 686 3956 salubriter
702 3893 907 3975 precaretur,
935 3907 1005 3954 cnm
1026 3887 1174 3955 discretis
1190 3893 1223 3954 et

100 3997 247 4084 prouidis
263 4017 342 4065 cura
358 3997 566 4064 committitur
582 3996 768 4065 earundem.
785 3996 878 4064 Unde
889 3999 1052 4064 Romanus
1062 3993 1221 4081 Pontifex,

100 4105 148 4174 coi
165 4128 208 4174 ex
218 4107 432 4194 Apostolatos
449 4105 553 4174 officio
571 4105 715 4172 imminet
732 4105 772 4172 de
787 4104 946 4173 uniuersis
962 4105 1118 4172 boolesiis
1134 4103 1221 4172 solli-

101 4218 161 4285 oite
177 4218 334 4301 cogitare,
361 4217 421 4283 boc
438 4214 580 4282 maxime
597 4216 683 4282 circa
700 4216 789 4302 ipsas
805 4210 953 4294 attondit,
980 4219 1012 4279 et
1032 4209 1125 4279 adid
1149 4233 1222 4300 pro·

102 4321 232 4412 pedsius
258 4323 419 4410 invigilat,
445 4331 479 4391 ut
497 4343 555 4410 per
570 4325 672 4390 bonor
698 4329 730 4388 et
746 4320 863 4406 dignos
889 4321 1105 4406 gubernentur
1122 4328 1222 4389 recto-
1322 4361 1323 4366 κ

102 4454 151 4502 res
162 4487 171 4521 ,
196 4455 256 4522 per
280 4435 379 4502 duces
405 4434 594 4522 perspicuos
621 4432 652 4496 ln
679 4430 747 4498 suis
769 4431 922 4515 gregibus
948 4430 1138 4516 dirigantur,
1164 4449 1222 4516 per

104 4563 213 4612 saeros
228 4549 261 4610 et
285 4541 431 4610 eruditos
447 4541 611 4608 ministros
629 4539 662 4604 in
682 4536 907 4625 spiritualibus
932 4537 1089 4624 fulgeant,
1116 4543 1148 4604 et
1163 4557 1221 4625 per

105 4652 346 4739 dispensatores
372 4651 544 4737 prudentes
571 4646 799 4733 temporalium
816 4645 986 4732 proficiant
1006 4628 1221 4714 incrementis.
