3186 5188
874 341 1019 452 mo—

379 547 423 618 ad
438 572 499 620 nos
515 556 672 619 metarum
699 549 845 617 ordinem
871 549 980 617 taliter
996 547 1212 617 edisseranit:
1228 549 1340 616 Prima
1360 551 1450 616 mets
1467 543 1515 612 in·

377 658 458 747 cipit
473 659 516 725 ab
532 658 656 724 oriente
666 655 758 723 iuxta
772 655 906 723 fluuium
918 654 1080 724 Liscouch
1096 693 1140 704 -
1157 695 1201 705 -
1218 695 1260 706 —
1277 663 1367 724 atam
1383 664 1418 725 et
1435 675 1513 723 eon·

376 768 529 836 terminet
538 774 622 836 terre
639 763 814 833 eorundem
824 763 1043 852 predictorum
1054 765 1291 852 rendenoium3
1307 765 1428 834 deinde
1438 783 1514 851 pro·

379 875 523 945 cedendo
540 896 598 964 per
614 873 752 942 eandem
768 876 864 962 viam,
890 881 922 942 et
937 873 1078 945 tenendo
1096 881 1215 943 metam
1233 896 1305 943 cum
1321 874 1458 959 eisdem,
1477 873 1512 937 in

374 983 451 1070 ipsu
467 985 522 1053 uio
536 990 754 1071 peruenerunt
770 981 814 1049 ad
829 980 991 1069 quendam
1012 983 1160 1068 riuulum,
1188 983 1269 1051 etin
1288 981 1392 1050 riuulo
1417 986 1513 1048 tenet

377 1101 498 1161 metam
515 1112 586 1160 cum
604 1091 745 1178 eisdem;
771 1090 851 1157 item
867 1089 985 1158 deinde
998 1091 1207 1178 procedendo
1226 1091 1387 1178 superius,
1415 1095 1449 1156 et
1466 1088 1515 1154 di·

377 1200 518 1269 uidendo
535 1209 639 1270 metas
655 1219 714 1286 per
724 1199 864 1267 riuulum
881 1207 1100 1286 peruenerunt
1109 1201 1152 1268 ad
1168 1206 1269 1287 eaput
1283 1197 1386 1286 ipsius
1399 1196 1514 1279 riuuli,

378 1319 411 1378 et
426 1311 460 1377 in
477 1317 575 1396 eaput
589 1309 687 1376 riuuli
702 1307 801 1375 habet
817 1317 938 1376 metum
953 1316 1094 1378 terream
1106 1330 1178 1377 eum
1195 1309 1340 1392 eisdem;
1361 1308 1441 1373 item
1457 1302 1513 1370 de·

376 1419 453 1487 inde
470 1416 662 1487 declinendo
680 1438 793 1486 versus
819 1417 1083 1505 septemtrionem
1103 1419 1319 1486 ascenderunt
1333 1416 1377 1483 od
1394 1413 1513 1481 monti-

376 1529 494 1612 culum,
521 1535 553 1594 et
568 1525 613 1593 ibi
630 1525 729 1593 habet
756 1533 875 1593 metam
892 1545 965 1593 eum
982 1527 1126 1613 eisdem3
1156 1527 1275 1595 deinde
1299 1522 1513 1613 procedendo

376 1642 409 1702 et
424 1632 653 1701 descendendo
670 1632 711 1699 de
727 1633 900 1700 monticulo
922 1640 1139 1720 peruenerunt
1154 1654 1255 1718 usque
1267 1633 1311 1701 ad
1325 1632 1513 1718 predictum

377 1744 510 1811 fluuium
526 1743 706 1828 Liscouch;
733 1743 810 1809 item
827 1741 947 1810 deinde
963 1743 1168 1829 procedendo
1188 1742 1325 1810 inferius
1341 1741 1438 1808 iuxta
1453 1739 1513 1806 du-

376 1855 475 1939 uium,
501 1852 575 1941 ipso
590 1851 690 1918 fluuio
707 1857 811 1918 metes
836 1850 1010 1919 dividendo
1026 1873 1099 1920 eum
1114 1851 1268 1940 predictis
1290 1856 1513 1938 peruenerunt

377 1959 541 2046 usquead
566 1959 707 2046 priorem
724 1965 863 2045 metom;
887 1965 919 2026 et
934 1960 983 2027 sic
997 1959 1224 2029 terminarunt.
1254 1961 1296 2028 Vt
1311 1967 1422 2028 autem
1447 1959 1511 2024 hec

375 2070 410 2136 in
426 2069 528 2137 nostri
544 2067 716 2155 presencia
731 2068 822 2136 fecta
837 2067 883 2135 rei
899 2069 1000 2136 series
1026 2068 1126 2136 nullis
1142 2088 1285 2154 unquam
1300 2067 1509 2154 temporibus

376 2179 410 2243 in
425 2175 550 2244 irritum
567 2176 677 2243 valent
692 2175 873 2261 retraetari,
898 2177 993 2244 salve
1008 2197 1136 2263 semper
1160 2183 1192 2244 et
1208 2175 1410 2244 inuiolabilis
1433 2195 1510 2262 per-

377 2290 518 2368 moneat,
536 2291 704 2372 presentes
720 2283 938 2352 concessimus
954 2285 1083 2354 litteras
1099 2285 1260 2374 dupplieis
1283 2283 1386 2370 sigilli
1402 2283 1511 2351 nostri

377 2390 554 2460 munimine
569 2392 751 2461 roboratos.
767 2393 890 2459 Datum
904 2413 963 2480 per
981 2413 1094 2465 manus
1111 2393 1222 2462 dilecti
1237 2401 1270 2460 et
1285 2390 1390 2461 fidelis
1405 2393 1511 2461 Nota-

375 2501 417 2568 rii
442 2499 545 2568 nostri
561 2500 712 2586 Magistri
728 2499 907 2586 Benedicti,
934 2522 1019 2572 anuo
1035 2502 1166 2572 Domini
1191 2501 1363 2570 millesimo
1387 2499 1511 2568 ducen-

374 2607 491 2676 tesimo
507 2607 759 2694 quadragesimo
776 2613 902 2694 quarto.

449 2807 496 2874 (ΑΖ
510 2807 613 2862 eredeti
626 2805 690 2862 utin
704 2809 808 2863 Frsnkl
819 2807 931 2880 Viluros,
944 2805 1033 2862 Huzai
1045 2804 1214 2879 Oirmduytir
1225 2809 1276 2863 111.
1289 2811 1345 2864 ket.
1361 2811 1385 2864 7.
1400 2807 1432 2880 l.)

808 3121 1069 3136 m-

903 3617 977 3688 114.

377 3800 400 3865 I
404 3799 437 3866 V.
452 3799 543 3868 Incze
554 3801 706 3890 pdpdnalr
717 3799 876 3884 condolere,
895 3801 1035 3888 orelplpel
1044 3826 1082 3866 uz
1092 3799 1509 3888 cldbbiboszm'uipiispdkre,

374 3933 389 3972 s
404 3921 485 3974 mort
499 3934 538 3974 ez.
559 3909 735 3976 Domonlror
749 3911 843 3975 rende
858 3915 1024 3990 mesto-eto,
1047 3934 1085 3974 uz
1098 3915 1184 3996 θρόει
1198 3909 1277 3976 send
1284 3909 1387 3995 selecti
1402 3911 1507 3976 korol-

762 4029 827 4082 mot
841 4017 990 4082 ruddzza.
1010 4015 1106 4081 1244.

483 4213 690 4281 Innocentius
716 4213 897 4304 Episcopus
922 4235 1036 4284 seruus
1059 4234 1223 4284 seruorum
1243 4214 1306 4282 Dei
1321 4214 1507 4283 venerabili

375 4321 613 4410 ...Episcopo
640 4323 802 4410 quondam
826 4325 996 4410 Bosnensi,
1020 4326 1187 4412 Magistro,
1215 4331 1248 4391 et
1271 4323 1400 4392 dilectis
1426 4323 1507 4390 filiis

373 4428 529 4497 iratribus
540 4431 672 4499 Ordinis
688 4432 945 4520 Predioatorum,
962 4435 1099 4501 sulutem
1116 4438 1148 4498 et
1164 4432 1390 4518 Apostolicom
1407 4435 1507 4500 bene-

374 4535 559 4605 dictionem.
577 4539 758 4626 interulis,
775 4541 892 4626 quibus
909 4563 949 4608 ex
965 4540 1107 4609 iniuncto
1124 4540 1217 4607 nobis
1239 4539 1346 4608 officio
1362 4541 1506 4628 Aposto-

373 4643 460 4712 lstus
486 4645 698 4736 intendimus,
731 4649 900 4734 religionis
926 4649 1026 4718 Saere
1056 4647 1242 4736 specialiter
1274 4648 1505 4717 desiderantes
