3168 5186
579 329 728 428 am„
800 329 804 339 ’

85 519 239 588 Barchon
267 527 350 589 terre
365 523 479 591 Buclrk
505 525 538 590 iu
554 525 746 612 quantitate,
775 527 980 611 etqualitate
1005 533 1055 593 est
1077 525 1213 612 equalis,

85 627 153 692 imo
179 628 418 714 quodammodo
447 641 534 700 terra
558 635 709 702 Barchon
734 635 867 703 minoris
894 635 1016 703 valoris
1047 635 1213 719 existeret,

83 755 185 818 qnam
211 740 255 805 sit
277 748 364 808 terra
389 742 513 828 Buchk,
540 751 634 828 prout
651 745 686 810 in
710 745 856 828 ejusdem
882 743 1031 830 Magistri
1059 745 1215 830 Prannay

84 844 205 912 litteris
222 849 362 916 vidimus
388 850 555 918 contineri.
573 853 771 920 Peticionem
791 873 869 936 ergo
889 853 1046 920 dictorum
1072 853 1212 943 liliorum

84 955 194 1023 Dama
220 965 252 1024 et
267 958 405 1025 Renoldi
428 958 462 1024 in
483 959 545 1025 bac
560 965 652 1046 parte
664 959 789 1044 justam
805 960 1019 1046 attendentes,
1042 961 1212 1048 presertim

82 1064 166 1146 qnia
182 1084 240 1150 per
257 1067 460 1154 privilegium
471 1075 622 1158 nostmm
638 1065 780 1156 (eornm)
797 1069 883 1156 patri
901 1089 1090 1138 concessum
1118 1070 1213 1137 nobis

83 1174 254 1258 constitit,
286 1174 407 1244 dictam
431 1181 553 1244 terram
577 1177 728 1245 Barchan
754 1179 802 1244 eis
828 1176 860 1243 in
887 1178 1128 1245 concambicem
1154 1197 1213 1244 nos

82 1280 239 1369 dedisse;
267 1287 344 1369 quie
360 1306 401 1351 ex
417 1296 569 1372 suscepto
593 1286 760 1371 regiminis
777 1286 884 1354 officio
905 1306 1016 1353 sumus
1042 1287 1213 1372 unicuique

83 1389 118 1454 in
135 1412 199 1458 sna
224 1391 407 1481 debitores;
432 1403 637 1481 prenotatam
663 1405 783 1462 terram
811 1395 961 1463 Barcban
986 1393 1108 1463 eisdem
1135 1395 1212 1480 filijs

81 1500 192 1565 Damo
219 1507 251 1567 et
266 1501 403 1570 Benoldi
429 1502 628 1572 dimissimus
648 1513 806 1592 perpetuo
823 1504 1056 1591 possidendam
1076 1506 1136 1572 sub
1152 1503 1212 1571 eis-

80 1607 160 1674 dem
176 1610 272 1675 metis
288 1618 320 1677 et
335 1611 491 1699 terminis,
510 1613 626 1696 quibus
636 1611 757 1681 dictum
768 1612 917 1681 Castrum
927 1605 1130 1698 dignoscitur
1143 1633 1213 1699 pos-

83 1719 235 1804 sedisse;
268 1721 473 1807 presentibus
498 1721 615 1789 litteris
639 1723 758 1790 nostris
786 1722 888 1808 sigilli
920 1722 1021 1788 nostri
1048 1721 1212 1808 duppliois

82 1827 304 1913 impressione
323 1830 456 1898 munitis
473 1832 506 1897 in
523 1832 739 1898 testimonium
756 1832 993 1898 confirmantes.
1014 1831 1138 1896 Datum
1153 1849 1212 1914 per

81 1957 203 2002 manns
234 1938 384 2020 Magistri
409 1937 594 2023 Smaragdy
619 1938 772 2004 Albensis
803 1937 950 2004 Ecclesia
984 1937 1105 2020 illecti,
1138 1939 1212 2007 aule

81 2054 195 2112 nostre
212 2045 511 2134 viee-Oaneellarij‚
529 2045 640 2114 dilecti
657 2055 690 2114 et
713 2046 819 2114 fidelis
834 2048 955 2132 nostri;
981 2067 1065 2113 anno
1081 2045 1212 2112 Domini

81 2156 260 2221 millesimo
279 2155 511 2240 ducentesimo)
538 2155 807 2239 quinquagesimo
832 2154 954 2240 quinto,
978 2153 1083 2237 Regui
1104 2159 1212 2220 autem

81 2264 188 2330 nostri
207 2263 468 2348 annovigesimo
488 2263 600 2350 primo.

268 2461 366 2530 (uehar
381 2461 531 2529 sojcsrnyr
544 2445 627 2514 luam
645 2462 759 2514 earnm
773 2460 1031 2530 gyujumsnyasar.)

517 2781 772 2790 -—-—-—-—-

85 3480 147 3545 ιν.
165 3479 248 3544 arra
272 3478 374 3564 orep
389 3477 480 3542 neza
506 3435 664 3559 serpae
677 3472 828 3556 rorppao'
851 3470 1041 3556 amaya
1065 3469 1209 3555 saara

363 3607 460 3650 comeo
474 3587 621 3648 rzdmdra
635 3581 819 3666 megerdst'ti.
838 3577 935 3644 1255.

194 3783 276 3850 Belo
290 3781 354 3849 Dei
380 3780 492 3865 gracia
512 3777 689 3863 Hungeric,
714 3776 894 3860 Dalmacie‚
922 3776 1068 3864 Oroacie,
1097 3778 1208 3859 Rome

83 3893 210 3977 Serme,
227 3891 376 3974 (lallioic,
388 3885 588 3971 Lodomerie,
602 3885 821 3969 Cumanieque
837 3887 906 3953 Rex
921 3884 1069 3953 omnibus
1086 3883 1208 3951 christi

83 4002 238 4072 fidelibus
264 4004 448 4086 presentem
464 3995 619 4084 paginam
645 3994 840 4081 inspecturis
863 3995 1000 4062 salutem
1016 3994 1050 4060 in
1065 3993 1207 4062 omnium
1314 4079 1319 4086 ἱ

84 4109 262 4178 saluatore.
288 4105 339 4173 Ad
364 4105 586 4172 uniuersorum
610 4103 811 4188 presencium
837 4107 1102 4188 posterorumque
1126 4099 1208 4168 noti-

84 4219 170 4286 ciam
195 4217 311 4283 barum
328 4214 412 4281 serie
436 4214 585 4281 uolumus
600 4211 780 4299 peruenire,
807 4212 894 4297 quod
917 4231 989 4279 oum
1004 4230 1063 4278 nos
1086 4217 1207 4278 terram

83 4327 194 4410 Kenw,
205 4324 302 4392 sitam
312 4323 345 4388 in
362 4319 701 4408 ComitatnPestiensi,
713 4339 810 4405 quam
826 4317 944 4405 donch,
964 4319 1079 4386 Petrus
1106 4325 1138 4384 et
1155 4319 1207 4386 Jo-

83 4435 221 4520 bannes‚
233 4433 291 4520 filij
302 4431 471 4519 Johannis,
482 4429 676 4498 hereditarie
685 4426 907 4518 possederant,
918 4429 999 4516 ipsis
1007 4429 1078 4496 sine
1089 4425 1208 4493 herede

84 4542 327 4628 decedentibus,
347 4539 465 4606 dilecto
481 4545 514 4605 et
527 4539 614 4606 fideli
630 4544 741 4605 nostro
756 4536 931 4623 Seywredo
942 4534 1060 4605 Gomiti
1070 4535 1207 4603 Albensi

85 4654 127 4720 ob
136 4650 478 4740 recompensacionem
488 4647 697 4716 seruiciorum
713 4666 852 4731 suorum,
870 4666 932 4732 qne
943 4644 1036 4713 nohis
1055 4650 1087 4711 et
1096 4645 1207 4729 Regno

127 4789 232 4830 nouum.
249 4789 331 4830 susc.
346 4788 416 4826 rusn.
438 4794 474 4807 -
487 4786 558 4826 oms.
571 4780 602 4818 12¹
1004 4765 1043 4820 25
