3226 5194
590 361 746 464 ju-

207 561 284 631 Nos
298 561 382 629 Bela
391 559 455 629 Dei
470 560 764 647 graciallnngnrio
779 560 842 630 stb.
859 556 1074 648 (kbvetkenik
1084 561 1140 628 IV.
1151 560 1234 630 Btla

85 665 290 756 kiralynak
307 669 392 737 1256
399 669 441 736 iri
457 667 632 755 okmtnya,
649 669 730 737 mint
744 668 878 736 ientebb
894 670 972 738 303.
988 688 1034 736 uz.
1053 667 1101 758 a.)

208 779 321 866 Igitur
333 777 501 866 predictus
511 778 628 847 Comes
638 778 760 846 Paulus
775 777 808 844 in
825 782 943 846 octaua
954 777 1145 867 supradicta
1160 800 1234 847 curn

84 887 282 956 antedictis
306 886 433 957 duobus
458 887 535 972 filijs
560 888 629 956 suis
645 888 776 972 iurauit,
803 892 838 954 vt
853 886 1005 972 debebat,
1026 889 1232 975 presentibus

84 994 172 1082 iilijs
190 997 376 1084 Pangraeij
391 997 600 1083 supradictis,
617 1004 650 1066 et
664 1003 782 1084 postea
792 994 933 1066 secundo
950 998 1003 1064 die
1018 1019 1091 1066 cnm
1101 999 1232 1086 pretato

84 1103 238 1172 homine
252 1106 366 1172 Vestro
382 1109 415 1172 et
430 1113 552 1189 nostro,
576 1104 704 1173 scilicet
718 1105 905 1174 Andronico
922 1104 1065 1174 Custode
1085 1107 1232 1177 Ecclesie

85 1221 215 1282 nostre
232 1213 303 1281 viro
320 1213 494 1299 fidedigno,
520 1213 667 1302 predicte
682 1221 793 1302 partes
808 1216 853 1283 ad
868 1215 987 1285 faciem
1006 1216 1115 1304 sepius
1132 1219 1232 1286 nomi·

86 1327 258 1390 natarum
274 1328 451 1390 terrramm
467 1324 660 1391 accedentes
680 1325 958 1392 etcircumeuntes
975 1323 1018 1390 ad
1034 1345 1094 1393 nos
1110 1327 1233 1396 reuersi

87 1429 269 1518 dixerunt,
294 1431 381 1516 qnod
397 1439 482 1500 mete
497 1440 531 1500 et
546 1431 777 1502 distincoiones
803 1452 882 1519 sepe
898 1434 1056 1501 dictarum
1074 1442 1233 1503 terrarum

87 1539 159 1608 hoc
176 1539 300 1610 ordine
309 1540 671 1626 distingnntnrzPrima
686 1549 773 1610 meta
788 1541 903 1629 incipit
919 1543 962 1609 ub
972 1543 1138 1612 crientein
1150 1547 1232 1628 loco,

89 1651 152 1735 qui
169 1650 398 1734 Kysmeuewd
422 1649 540 1719 dieitur
554 1649 648 1718 iuxta
671 1651 814 1720 rinulum
835 1651 962 1737 Derges
987 1659 1149 1738 vocatum,
1176 1654 1233 1721 vbi

89 1767 145 1828 est
162 1768 280 1828 terrea
295 1767 402 1844 meta3
418 1755 537 1826 exinde
551 1759 645 1826 vadit
660 1759 782 1829 directe
792 1759 836 1828 ad
851 1759 1053 1829 occidentem
1071 1759 1233 1847 adqnem·

91 1869 178 1936 dam
207 1873 349 1936 montem
365 1867 578 1954 Felsytethey
592 1874 755 1953 vocaturn,
781 1869 836 1936 vbi
852 1869 1015 1955 quondam
1040 1869 1100 1938 luit
1114 1870 1232 1956 rinea3

90 1977 246 2063 posthac
255 1978 371 2044 iterum
379 1974 424 2042 ad
432 1974 633 2043 occidentem
644 1975 764 2043 directe
774 1977 1105 2064 venitadlooum,qui
1114 2003 1233 2066 cropor-
1306 2034 1315 2050 ,

89 2087 208 2151 bolom
223 2090 369 2168 vocatur,
384 2083 476 2154 iuxta
486 2103 635 2171 campum
645 2082 815 2152 cuiusdam
825 2085 932 2172 vallis,
949 2106 1013 2171 que
1023 2085 1233 2172 Vlnozowiey

93 2199 322 2280 nuncupatur,
348 2191 404 2259 rbi
419 2198 496 2260 sunt
519 2191 626 2275 lignee
652 2198 747 2279 mete,
773 2198 806 2258 et
819 2193 868 2259 ibi
881 2194 959 2260 illes
981 2193 1110 2279 ligneas
1126 2204 1233 2263 metas

93 2301 308 2388 prescriptos
325 2301 442 2370 (lomes
457 2300 579 2368 Paulus
596 2320 709 2368 versus
726 2301 915 2387 aquilonem
930 2304 1015 2372 intra
1030 2309 1135 2372 terres
1153 2305 1234 2372 The-

93 2405 180 2494 legd
197 2414 231 2475 et
246 2409 392 2476 Zabolclr
415 2405 634 2494 predictorum
648 2407 787 2478 filiorum
800 2410 985 2499 Pougracij‚
1012 2412 1122 2480 dicens
1146 2413 1233 2482 idem

94 2517 222 2584 Gomon
246 2517 371 2584 Paulus
396 2535 453 2584 eas
469 2536 544 2584 esse
558 2515 671 2600 salsas,
699 2526 731 2585 et
746 2539 807 2606 per
829 2517 1040 2607 semetipsum
1066 2521 1231 2607 quondam

97 2645 159 2693 eas
177 2645 253 2694 esne
277 2625 403 2709 iactas;
429 2633 462 2695 et
483 2625 603 2692 exinde
626 2645 687 2714 per
711 2626 892 2713 predictam
917 2628 1039 2697 vallem
1064 2631 1230 2699 Vlnozoun

94 2735 230 2803 directe
252 2735 403 2804 similiter
433 2734 477 2804 ad
502 2733 703 2804 occidentem
726 2734 820 2804 radit
843 2735 932 2804 intra
957 2757 1061 2822 usque
1092 2740 1231 2807 riuulum

100 2844 228 2930 Kegek
251 2853 412 2928 vocatum,
439 2852 472 2912 et
496 2849 614 2930 postea
638 2865 697 2933 per
721 2844 861 2914 rinulum
884 2845 1000 2929 Kegelr
1027 2845 1171 2914 declinat
1188 2850 1232 2916 ad

101 2953 306 3038 aquilonem,
332 2960 364 3020 et
379 2951 468 3020 venit
483 2952 526 3019 ad
542 2952 633 3020 illum
651 2954 768 3038 locum,
794 2953 849 3021 vbi
861 2952 1003 3038 quedam
1026 2955 1233 3041 antiquaria

99 3061 196 3130 ondit
209 3060 246 3128 in
260 3059 388 3146 Kegek,
413 3068 447 3128 et
461 3060 539 3128 inde
554 3060 621 3130 exit
635 3057 679 3126 ad
704 3081 855 3148 campum
871 3061 1047 3131 Zakadath
1069 3075 1231 3150 vocotnm,

101 3177 135 3237 et
148 3169 222 3237 illio
235 3170 270 3236 in
287 3170 395 3257 capite
410 3169 501 3238 illins
516 3168 624 3256 campi
640 3176 715 3238 sunt
731 3169 838 3256 lignee
854 3176 950 3258 mete,
975 3179 1006 3238 et
1021 3179 1130 3241 terrea
1143 3180 1232 3242 meta

101 3297 204 3366 anper
220 3278 392 3349 arboribus
407 3278 506 3364 ilicijs
522 3285 555 3346 et
570 3279 741 3367 populeis;
759 3286 792 3347 et
807 3286 924 3366 postea
933 3299 992 3367 per
1008 3281 1149 3349 medium
1163 3304 1231 3371 pre

102 3385 185 3454 dieti
194 3387 302 3476 campi
311 3385 488 3455 Zakadath
503 3386 654 3455 similiter
671 3387 715 3454 ad
724 3388 910 3475 aquilonem
920 3388 1009 3457 venit
1024 3387 1068 3454 ad
1078 3409 1231 3475 magnam

101 3495 194 3564 riam
209 3501 434 3564 transeuntem
449 3495 492 3563 ad
507 3502 618 3582 partes
634 3496 901 3585 Transumenum,
927 3519 990 3584 que
1006 3505 1056 3567 est
1073 3499 1107 3566 in
1123 3501 1231 3571 medio

102 3605 181 3673 ville
198 3606 294 3674 Jenw
310 3613 342 3671 ct
359 3603 515 3689 Zaboloh‚
540 3605 597 3672 vbi
612 3607 706 3674 iuxta
721 3608 830 3694 ipsam
854 3627 1008 3695 magnam
1023 3608 1112 3676 viam
1128 3617 1161 3679 et
1176 3631 1230 3678 ar-

104 3713 204 3783 bores
219 3711 334 3780 iliceos
349 3713 455 3780 securi
466 3717 626 3782 mactatas
643 3716 676 3782 in
697 3716 826 3800 signum
844 3725 929 3784 mete
945 3725 995 3784 est
1004 3724 1109 3784 terrea
1124 3724 1229 3804 meta3

102 3827 136 3890 et
150 3820 281 3910 exinde,
298 3823 384 3891 sicut
398 3822 520 3890 directe
534 3823 603 3890 exit
620 3823 661 3891 de
676 3825 779 3911 syluis
790 3825 834 3893 ad
848 3825 1029 3914 predictam
1048 3829 1135 3894 viam
1148 3828 1232 3895 inter

101 3937 301 4000 memoratas
311 3931 410 4000 villas
424 3937 657 4018 transeuntem,
678 3935 793 4004 eodem
802 3935 898 4003 modo
907 3935 1013 4004 tendit
1022 3955 1133 4004 uersus
1143 3935 1231 4021 aqui·

101 4041 210 4111 lonem
226 4041 270 4110 ad
285 4041 450 4125 quandam
475 4042 595 4109 vallem
604 4044 792 4130 junensem,
816 4065 878 4130 qus
893 4046 1061 4132 sarwcolpp
1084 4051 1229 4121 vocatur,

102 4149 159 4217 rbi
174 4157 224 4220 est
239 4156 347 4218 terrea
361 4156 467 4237 metm
484 4149 591 4218 adhuc
608 4173 667 4239 per
682 4151 821 4220 eandem
836 4152 956 4219 vallem
974 4151 1065 4220 radit
1080 4151 1123 4218 ad
1142 4153 1231 4238 aqui-

102 4257 211 4328 lonem
230 4257 275 4326 ad
299 4259 465 4342 quandam
489 4279 620 4346 aquam,
646 4281 709 4344 que
726 4260 991 4348 Koppanlrwnek
1015 4266 1228 4348 nuncupatur,

106 4377 137 4437 et
162 4365 282 4436 exinde
305 4367 420 4435 eodem
450 4367 546 4437 modo
570 4389 684 4438 uersus
715 4370 900 4456 aquilonem
930 4367 1049 4435 transit
1079 4388 1229 4456 campum

105 4477 315 4562 Sumuaigeth
334 4482 495 4565 vocatum,
521 4482 554 4545 et
568 4479 657 4546 venit
679 4479 772 4546 iuxta
794 4477 912 4545 flumen
929 4477 1033 4563 Crysij
1054 4477 1098 4543 ad
1112 4478 1227 4564 locum,

107 4585 163 4669 qui
178 4585 386 4672 Lopuhuulnz
401 4591 548 4673 vocatur,
573 4585 629 4653 vbi
656 4585 820 4674 predictus
847 4589 981 4674 odmpus
1000 4587 1230 4672 Sumuzigethe

106 4713 165 4782 per
189 4693 547 4783 appropinguuciouem
573 4693 679 4782 Orysij
706 4700 739 4762 ct
753 4693 1014 4783 Koppankwuels
1037 4694 1135 4763 valde
1156 4715 1229 4765 con·
