3186 5188
644 879 717 948 127.

14 1129 15 1140 ,
118 1063 171 1126 lt'.
192 1064 271 1125 Belo
288 1063 454 1149 dr‘rur'dpucd·
480 1065 632 1146 otoutopa
659 1065 801 1146 dr'zonpos
816 1063 901 1127 .ΙάΙ.·ό
926 1065 1110 1145 consensius
1132 1063 1244 1128 brittus

14 1165 15 1172 ἵ
247 1195 342 1234 remes
359 1180 388 1233 eir
405 1177 526 1235 testrr're
545 1171 646 1255 Turrrp
663 1172 743 1234 driztr'
759 1172 994 1236 obtulero-ertit.
1016 1171 1032 1235 l
1036 1173 1112 1237 2415.

225 1367 307 1432 Bela
323 1367 384 1430 Dei
411 1367 532 1448 gracia,
551 1367 729 1449 Hungarie,
757 1368 937 1449 Dalmaeie,
958 1368 1102 1452 Croaeie,
1130 1371 1243 1450 Reme,

118 1472 240 1554 Servie,
260 1472 409 1553 Gallicie,
436 1473 637 1556 Lodemerie,
666 1474 886 1558 eumaniequa
904 1476 973 1539 Rex
999 1475 1147 1542 omnibus
1173 1495 1244 1561 pre-

119 1589 227 1648 sentes
246 1582 358 1646 literas
376 1582 572 1665 inspecturis
583 1583 721 1647 salutem
739 1583 772 1646 in
785 1583 932 1647 Domino.
955 1582 1005 1646 Ad
1023 1582 1243 1650 universorum

14 1763 16 1778 Ι
116 1691 320 1776 presencium
334 1697 602 1773 posterorumque
613 1690 764 1755 noticiam
781 1691 895 1754 barum
913 1688 995 1754 serie
1013 1689 1160 1756 volumus
1176 1711 1243 1775 per-

121 1799 242 1882 uenire,
262 1798 348 1882 quod
360 1798 472 1863 fideles
489 1799 592 1863 nostri
609 1796 751 1863 Comites
769 1798 907 1863 llicbael
926 1805 957 1862 et
969 1799 1064 1882 blogb
1082 1799 1140 1864 tilii
1156 1798 1244 1864 Jako

14 1981 15 1984 Ἴ
117 1905 283 1989 qnondam
311 1906 447 1971 Comitis
472 1907 504 1970 in
538 1914 649 1972 nostra
675 1907 841 1972 constituti
872 1907 1044 1993 presencia
1075 1907 1244 1991 protestati

117 2024 190 2082 suut
206 2037 316 2083 coram
327 2017 420 2082 nobis
432 2017 657 2102 personaliter,
670 2013 756 2099 quod
773 2015 813 2080 de
825 2016 916 2082 terris
933 2016 1010 2099 illis,
1028 2037 1110 2099 quas
1122 2017 1243 2082 eisdem

119 2125 314 2191 dederamus
330 2126 363 2190 in
374 2125 644 2212 permutationem
660 2133 746 2191 terre
764 2125 905 2208 ipsorum
917 2125 1098 2209 Seepredas
1116 2124 1245 2189 nomine

119 2237 238 2298 terram
267 2240 339 2299 octo
367 2239 567 2314 aratrorum,
594 2233 719 2296 seilicet
745 2232 777 2297 in
802 2231 878 2296 villa
903 2233 1009 2297 Ratun
1036 2232 1078 2296 ad
1104 2234 1246 2314 quinque

120 2347 240 2421 aratra,
267 2345 299 2404 ct
314 2339 347 2403 in
363 2339 520 2406 Tolmaeh
536 2340 621 2403 ultra
637 2338 743 2420 Wagb
763 2336 804 2402 ad
820 2339 882 2402 tria
899 2343 1011 2402 aratra
1034 2337 1245 2404 sufficientem

122 2447 257 2512 Nicolao
274 2445 391 2512 Conriti
411 2453 442 2511 et
458 2448 563 2531 'lump
580 2446 672 2511 fratri
700 2445 847 2530 ejusdem
864 2464 921 2530 pro
937 2445 996 2509 illa
1015 2446 1168 2530 porcione
1183 2450 1245 2510 ter·

119 2576 161 2636 re,
179 2575 279 2637 qnam
297 2555 395 2620 iidem
414 2553 704 2640 intraSeepredras
715 2562 896 2621 memorata
912 2573 951 2618 ex
963 2554 1142 2619 donacione
1159 2553 1245 2619 dicto

121 2665 199 2728 Jaco
216 2661 441 2749 possidebant,
460 2659 629 2726 dedissent
645 2665 677 2726 et
692 2661 913 2742 eontulissent,
941 2669 1096 2745 perpetuo
1113 2658 1246 2745 pacifice

121 2769 363 2856 possidendam,
390 2770 436 2834 ita
452 2767 539 2849 quod
559 2769 693 2833 ulterius
711 2787 769 2832 nec
786 2767 850 2852 ipsi
866 2787 926 2832 nee
945 2769 1087 2853 ipsorum
1109 2766 1244 2834 heredes

121 2883 314 2963 prenotatos
330 2877 499 2944 Nicolaum
519 2884 552 2942 et
568 2878 674 2961 'l'ump
688 2897 726 2942 ao
746 2876 890 2960 ipsorum
908 2875 1053 2959 heredes,
1074 2875 1245 2942 heredum·

14 3067 15 3072 ἵ
123 3006 184 3069 que
201 3005 331 3052 surorum
343 3003 550 3050 successores
568 2983 740 3069 superiam
759 2981 848 3048 dicta
861 2990 948 3048 terra
959 2989 1109 3067 poterunt
1125 2985 1247 3066 aliqua-

14 3145 15 3150 *
120 3101 213 3158 tenus
232 3092 417 3176 molestare,
435 3111 530 3175 quam
549 3094 661 3173 utique
672 3091 885 3158 donacionem
897 3097 928 3154 et
947 3089 1196 3173 ordinacionem,
1213 3095 1246 3154 ut

14 3217 15 3226 ³
121 3221 275 3286 processu
292 3207 471 3284 temporum
484 3205 625 3281 nequeat
642 3219 699 3283 per
712 3198 896 3284 qnempiam
908 3198 941 3263 in
952 3197 1078 3263 irritum
1090 3199 1246 3284 revocari,

14 3315 16 3322 ’
123 3308 325 3393 presentibus
352 3307 501 3373 duximris
527 3306 790 3374 confirmandam.
822 3309 941 3372 Datum
967 3307 1000 3371 in
1027 3307 1128 3372 Zolim
1162 3327 1246 3373 anno

123 3417 253 3480 Domini
265 3417 309 3480 Μῢ
321 3413 385 3480 00⁰
398 3416 467 3482 XL⁰
477 3417 540 3498 V⁰.,
554 3417 666 3498 quinto
677 3414 837 3480 kalendas
849 3415 1008 3498 Octobris,
1021 3415 1126 3498 Regni
1139 3422 1245 3482 autem

121 3525 223 3588 nostri
241 3543 326 3588 anno
347 3522 525 3589 undecimo.

149 3720 263 3782 (Robert
276 3718 376 3786 Kriroly
390 3719 476 3787 kirtly
493 3722 603 3772 rust-ik
617 3720 660 3772 dvi
674 3722 776 3774 eredoti
791 3719 935 3774 rttirartutl
949 3722 1019 3772 kuzli
1034 3724 1113 3788 Nngy
1127 3721 1216 3786 ludu.)
