3226 5194
683 336 751 406 obe

153 537 333 625 cupientes,
360 555 433 603 cum
458 535 501 601 ad
526 533 657 604 ultimos
682 537 763 604 lines
788 534 923 604 Brussie
948 533 1204 616 devenissemus,
1233 529 1279 597 rei

153 644 335 712 dedicimus
351 643 531 730 veritatem,
547 639 635 724 qnod
651 662 762 710 omnes
779 642 944 728 Thartari,
962 643 1018 727 qui
1036 641 1140 708 eciam
1157 638 1279 724 Vngari

155 752 281 840 pagani
296 758 462 834 vocantur,
479 751 669 835 etBulgari,
685 757 720 816 et
734 752 849 836 Regna
867 770 966 835 quarn
977 749 1129 837 plurima,
1146 747 1280 813 a'Phar·
1337 819 1339 824 ,

152 863 235 928 laris
254 859 385 946 penitus
409 862 486 925 suut
499 858 683 925 devastata.
709 855 796 935 Quid
811 867 921 925 autem
936 858 1000 927 sint
1014 855 1198 923 Thartari‘l
1225 872 1279 918 ou·

152 969 247 1036 iusve
263 973 351 1036 secte
366 967 458 1034 sint?
482 971 580 1053 prout
597 966 712 1032 melius
728 966 891 1052 potuimus
907 964 1030 1033 directe
1046 963 1148 1031 Vobis
1168 968 1280 1029 tencre

153 1075 355 1160 presentium
365 1071 600 1141 enarrabimus.
617 1073 770 1140 Relatum
786 1073 924 1140 estmibi
941 1071 1177 1157 aquibusdam‚
1193 1065 1281 1152 qood

152 1181 306 1250 Thartari
320 1179 550 1248 inhabitabant
565 1187 686 1247 terram
699 1181 803 1266 prius,
820 1201 918 1264 qoam
935 1201 1020 1248 nuno
1036 1177 1174 1248 Cumani
1188 1174 1280 1242 iuba·

152 1288 271 1374 biteut,
297 1296 332 1356 et
346 1287 498 1356 dicuntur
513 1287 546 1355 in
561 1287 700 1354 veritate
716 1288 774 1356 lilii
790 1288 987 1372 Ysmabelis,
1013 1286 1100 1356 uude
1116 1294 1149 1353 et
1164 1284 1281 1352 Ysma·

154 1395 254 1463 helite
269 1395 382 1465 voluut
405 1414 491 1462 none
505 1394 659 1462 'l'hartari
676 1395 868 1482 nuncupari.
894 1397 997 1462 Terra
1012 1401 1132 1478 autem,
1160 1391 1203 1459 de
1218 1409 1282 1476 qna

155 1503 246 1589 prins
261 1507 337 1570 sunt
347 1501 485 1586 egressi,
496 1501 596 1568 Getta
606 1508 750 1588 vocatur,
766 1520 864 1586 quam
874 1502 990 1570 Roben
1000 1503 1132 1571 Goltam
1141 1496 1281 1568 vocavit.

154 1612 302 1679 Primum
316 1615 426 1677 autem
441 1608 563 1676 bellum
573 1607 807 1678 Tbartarorum
825 1609 873 1676 sic
889 1615 940 1676 est
949 1609 1155 1676 inchoatum:
1171 1603 1282 1672 Domi-

155 1738 218 1786 nus
234 1724 305 1784 erat
319 1717 353 1782 in
368 1722 456 1784 terra
468 1715 579 1804 Getta,
595 1718 777 1801 Gorgatam
793 1717 933 1804 nomine,
950 1717 1007 1802 qui
1023 1734 1167 1784 sororem
1183 1712 1282 1780 habc-

156 1826 216 1894 bat
230 1825 401 1911 virginem,
427 1823 619 1911 parentibus
645 1823 805 1891 defunctis
822 1843 881 1892 sue
905 1824 1030 1892 familie
1048 1822 1280 1911 presidentem,

156 1940 190 2002 et
205 1953 294 2002 more
314 1932 413 2018 virili,
430 1939 467 1999 ut
481 1931 608 2017 dicitur,
624 1951 659 2000 se
676 1939 854 2016 gerentem.
874 1932 1095 2020 Expuguabat
1110 1927 1283 2016 quemdam

157 2043 281 2108 Ducem
308 2040 449 2108 vicinum
460 2091 470 2125 ,
495 2045 529 2106 et
553 2040 690 2106 eundem
716 2037 784 2106 suis
809 2039 986 2126 spoliabat.
1015 2037 1149 2124 Elapsis
1174 2044 1283 2104 autem

157 2147 354 2233 quibusdum
364 2147 491 2231 diebus,
507 2166 580 2214 curn
591 2146 715 2213 Ducem
731 2145 846 2213 iterum
858 2147 1039 2232 predictum
1049 2146 1283 2212 Thartarcrum

156 2255 299 2339 natione,
318 2251 402 2320 sicut
417 2257 641 2330 consueverat,
658 2271 846 2338 expugnare
862 2253 1037 2337 niteretur;
1059 2252 1116 2318 ille
1130 2249 1196 2317 sibi
1211 2269 1282 2336 pre

157 2377 288 2444 cavens,
316 2359 489 2428 commisso
506 2358 593 2426 bello
614 2378 686 2424 com
713 2359 825 2445 puella
845 2357 1036 2446 supradicta
1060 2355 1225 2443 prevaluit
1250 2355 1283 2424 in

157 2485 280 2556 pugna,
297 2471 330 2532 et
348 2485 432 2550 cam,
458 2485 555 2549 quam
574 2465 664 2551 prius
690 2466 807 2533 babuit
830 2466 1064 2549 adversariam,
1091 2463 1281 2551 captivavit,

157 2593 378 2660 conversoque
402 2575 437 2640 in
452 2573 565 2658 fugam
582 2593 642 2640 suo
658 2574 814 2659 exercitu,
841 2575 948 2662 ipsam
963 2577 997 2641 in
1014 2573 1208 2661 captivitate
1226 2595 1283 2659 po·

157 2685 254 2752 sitam
271 2682 417 2768 violavit,
438 2681 520 2748 etin
539 2683 670 2767 signum
685 2683 819 2752 maioris
838 2683 991 2767 vindicte,
1009 2681 1201 2748 defloratam
1217 2681 1284 2746 iarn

157 2792 296 2878 turpiter
310 2791 495 2858 decollavit.
512 2791 585 2870 Quo
601 2791 714 2858 audito
730 2790 831 2858 irater
844 2789 955 2876 puelle
970 2793 1147 2855 memorate
1157 2789 1283 2870 Garga-

156 2906 225 2966 tam
251 2896 456 2985 supradictus
482 2899 568 2983 Dux,
596 2901 709 2966 nuntio
734 2898 777 2965 ad
804 2897 965 2984 prelatum
991 2897 1094 2964 virum
1119 2895 1284 2979 delegato,

157 3008 224 3074 tale
242 3007 342 3074 lemur
357 3005 546 3071 mandatum
558 3005 817 3072 transmississe:
835 3005 1017 3092 ,Intelleui,
1035 3004 1124 3088 quod
1139 3021 1284 3072 sororem

158 3134 265 3182 meam
290 3117 420 3199 captam
437 3117 470 3178 et
494 3112 683 3180 defloratam
706 3113 896 3196 decollasti;
922 3110 1064 3195 noveris,
1088 3112 1176 3197 qued
1201 3129 1283 3196 opus

158 3221 238 3288 mibi
256 3219 454 3287 contrarium
471 3219 620 3304 exegisti.
637 3219 671 3287 Si
688 3239 779 3288 soror
791 3240 864 3286 mea
879 3219 939 3285 tibi
954 3219 1091 3287 forsitan
1101 3218 1163 3284 luit
1178 3217 1283 3300 iuqui-

160 3335 225 3413 eta,
244 3326 481 3413 dampnificans
497 3333 530 3393 te
545 3327 580 3393 in
594 3327 693 3393 rebus
709 3327 894 3410 mobilibus,
913 3331 1048 3412 peteras
1066 3327 1110 3393 ad
1124 3345 1177 3391 me
1192 3343 1285 3392 acce·

158 3437 248 3520 dere,
275 3456 391 3520 equum
409 3434 450 3502 de
466 3455 507 3502 ea
521 3434 678 3502 iudicium
693 3435 872 3522 petiturus;
899 3437 963 3522 vel,
987 3436 1016 3503 si
1032 3435 1146 3504 volens
1162 3443 1194 3504 te
1209 3453 1284 3520 pro-

158 3545 240 3632 priis
266 3544 418 3612 manibus
433 3542 610 3628 vindicare,
636 3543 834 3611 debellatam
859 3544 1036 3630 captivasti
1056 3552 1088 3612 ct
1103 3542 1284 3626 dedorasti,

158 3651 278 3718 ducere
293 3670 366 3717 eam
382 3655 513 3737 poteras
529 3651 563 3717 in
578 3670 722 3722 uxorem.
749 3651 784 3718 Si
800 3657 909 3720 autem
926 3673 999 3720 cam
1025 3652 1196 3722 occidendi
1211 3671 1285 3738 pro·

158 3759 303 3846 positum
318 3757 475 3840 habuisti,
500 3757 688 3824 nullatcnus
713 3759 875 3826 debueras
896 3779 968 3826 eam
996 3759 1166 3829 deflorare.
1191 3757 1286 3824 Nunc

159 3864 287 3936 veroin
310 3863 438 3931 duobus
464 3862 688 3950 damnificans,
714 3871 747 3930 et
762 3866 915 3950 virginali
934 3867 1090 3953 pudicitie
1109 3863 1284 3952 turpitudi-

162 3993 236 4040 nem
259 3970 419 4055 intulisti,
445 3975 476 4037 et
492 3970 626 4056 capitali
653 3991 725 4038 eam
751 3979 854 4040 morte
877 3974 1108 4042 miserabiliter
1133 3973 1286 4042 condem·

159 4079 279 4165 pnasti.
296 4081 433 4164 Propter
442 4078 529 4162 quod
543 4079 577 4145 in
589 4080 766 4146 vindictam
782 4081 872 4148 necis
887 4082 996 4168 puelle
1012 4080 1177 4150 nominate
1189 4082 1286 4164 solas,

159 4205 211 4252 me
221 4193 328 4253 tecum
343 4186 421 4253 totis
433 4186 556 4253 viribus
572 4184 855 4272 congressurum.“
874 4189 1092 4257 Hcoaudiens
1102 4190 1180 4254 Dux
1195 4189 1286 4256 neeis

159 4302 374 4382 perpetrator,
401 4301 434 4360 et
448 4292 576 4379 videns,
593 4315 629 4362 se
644 4316 709 4363 uon
725 4315 825 4380 posse
839 4299 1002 4381 resistere,
1027 4296 1111 4382 lugit
1127 4317 1200 4364 cum
1217 4300 1286 4365 suis

159 4405 204 4471 ad
218 4401 396 4470 Soldanum
412 4402 453 4468 dc
469 4401 610 4487 Ornacb,
634 4408 724 4470 tarra
738 4403 874 4490 propria
891 4404 1058 4472 derelicta.
1084 4403 1156 4472 Hiis
1174 4405 1286 4488 itaque

160 4511 262 4596 gestis
278 4518 350 4578 erat
366 4511 439 4577 Dux
455 4507 588 4594 quidam
602 4511 636 4576 in
654 4516 741 4577 terra
756 4510 986 4595 Cumanorum,
1012 4511 1143 4580 nomine
1159 4510 1284 4596 Vitbut,

162 4603 254 4690 cuius
271 4617 385 4686 divitie
400 4623 471 4685 tam
485 4617 636 4702 preclare
653 4617 873 4703 predicantur,
899 4617 986 4702 quod
1001 4617 1102 4686 etiarn
1116 4637 1238 4704 pecora
1253 4620 1287 4686 in
