3226 5194
880 290 947 360 560

349 489 579 578 Apostolorum
595 486 683 553 Petri
710 490 745 552 et
759 487 854 555 Pauli
870 489 1020 574 proximo
1044 495 1220 574 trausacto,
1247 497 1411 558 venerunt
1431 485 1479 556 ud

349 597 474 665 Ducem
490 595 761 663 llorducauorum
785 594 932 680 alterum,
959 595 1015 678 qui
1030 594 1145 664 eodem
1162 596 1215 664 die
1240 615 1394 683 egressus
1411 616 1480 679 quo

351 703 405 771 isti
420 708 586 786 venerant,
603 721 677 769 cum
692 708 760 770 toto
776 702 897 790 populo
913 710 946 770 et
961 700 1102 790 familia,
1126 704 1210 771 sicut
1225 705 1376 791 superius
1394 703 1481 769 (lixi-

350 832 432 896 mus,
447 811 615 879 Thartaris
631 829 668 878 se
683 811 831 878 subiecit.
858 811 909 877 De
924 817 1042 896 cetero,
1068 810 1148 894 quid
1164 810 1206 880 de
1220 811 1346 880 duobus
1360 810 1480 878 fratri-

350 921 411 988 bus
425 918 492 986 illis
507 917 631 985 factum
647 919 701 1002 sit,
727 924 833 984 utrum
848 919 966 984 mortui
980 917 1055 1002 siut,
1083 917 1136 986 vel
1152 938 1174 985 a
1189 920 1280 986 Duce
1303 919 1369 986 iam
1385 917 1481 984 dicto

351 1026 395 1095 ad
409 1027 589 1094 'Phcrtaros
613 1025 755 1112 deducti,
779 1029 910 1112 penitus
926 1027 1105 1111 ignoratur.
1132 1027 1204 1096 Duo
1220 1026 1338 1094 iratres
1359 1025 1482 1108 relicti,

351 1136 559 1202 ammirantes
585 1132 626 1199 ue
642 1151 734 1201 mora
749 1132 945 1218 eorumdem,
968 1133 1056 1200 circa
1071 1132 1191 1200 testum
1207 1133 1374 1201 Michaelis
1402 1151 1482 1218 pro·

350 1242 438 1308 xime
461 1239 662 1308 celebratum
687 1239 845 1308 miseruut
863 1239 1036 1323 quemdem
1052 1241 1271 1327 interpretem,
1297 1241 1338 1307 (le
1361 1259 1481 1307 eorum

349 1351 417 1419 rita
433 1347 602 1434 cupientes
617 1347 810 1431 certificari,
836 1365 932 1430 quem
948 1346 1048 1414 etiam
1070 1346 1267 1445 llcrrlucnui¹
1282 1347 1481 1415 invadentes

350 1457 545 1526 cecideruut.
572 1457 643 1541 ligo
659 1461 778 1542 autem,
803 1462 836 1523 et
850 1457 930 1524 socii
947 1457 1020 1542 mei,
1037 1457 1186 1524 uidentes
1201 1464 1319 1524 terram
1335 1477 1356 1523 a
1370 1455 1481 1522 'Phar-

349 1567 430 1634 uaris
456 1570 667 1651 occupatam,
700 1569 734 1632 et
757 1563 910 1649 regiones
941 1563 1082 1633 munitas
1106 1564 1343 1651 conspicientes
1373 1562 1482 1630 etiam

350 1673 473 1742 nullum
488 1676 627 1741 fructum
643 1671 869 1757 fructificandi,
894 1675 1015 1740 reversi
1032 1691 1144 1739 sumus
1160 1670 1203 1737 ad
1217 1671 1419 1756 ngariam3
1444 1678 1483 1736 et

351 1783 429 1850 licet
443 1800 502 1870 per
527 1780 646 1849 multos
663 1780 825 1848 exercitus
841 1786 874 1848 et
889 1779 1033 1848 latrones
1056 1782 1272 1866 transivimus,
1288 1783 1408 1847 Sancte
1424 1785 1478 1845 ta·

351 1908 424 1958 meu
438 1889 586 1957 Ecclesia
611 1887 815 1956 orationibus
841 1893 873 1954 et
890 1888 1016 1954 meritis
1032 1887 1296 1973 suffragantibus,
1324 1887 1479 1973 perveni-

352 2017 422 2065 mus
438 1997 482 2064 ed
507 1996 626 2064 iratres
641 2002 770 2063 nostros
795 2001 830 2061 et
845 1995 1022 2062 claustrum
1040 1995 1220 2063 incolumes
1245 2003 1279 2062 et
1303 1995 1479 2061 immunes.

351 2106 502 2174 Ceterum
525 2123 598 2172 cum
622 2102 690 2170 talc
706 2103 768 2169 Dei
784 2101 951 2187 flagellum
975 2101 1130 2170 adveniat
1144 2108 1177 2168 et
1201 2102 1408 2185 adproximet
1431 2099 1481 2164 ad

351 2212 436 2282 filios
460 2211 607 2279 Ecclesia
632 2230 751 2297 sponse
777 2208 909 2295 Christi,
940 2209 1018 2294 quid
1043 2209 1198 2277 fratribus
1223 2210 1276 2276 his
1304 2207 1481 2294 agendum,

352 2318 493 2404 quidque
519 2317 704 2385 laciendum
730 2319 781 2402 sit,
799 2318 915 2384 Vestre
931 2317 1124 2385 Sanctitatis
1149 2317 1303 2384 discretio
1323 2315 1480 2400 dignetur

353 2425 493 2494 sollicite
519 2425 699 2512 previdere.
725 2426 886 2508 Preterea,
911 2429 947 2490 ut
962 2423 1044 2489 nihil
1062 2441 1101 2489 cx
1118 2425 1169 2491 his
1197 2430 1331 2491 maneat
1353 2427 1480 2507 preter-

352 2535 496 2618 missum,
513 2532 708 2600 Pateruitati
722 2533 838 2599 Vestrc
854 2532 1011 2616 significo,
1037 2532 1123 2617 quod
1139 2553 1211 2600 cum
1231 2529 1364 2615 quidam
1380 2532 1478 2597 cleri-

353 2662 410 2709 cus
434 2639 656 2708 Ruthenorum
686 2639 782 2706 uobis
807 2639 920 2722 aliqua
945 2639 1141 2705 rescriberet
1172 2640 1213 2706 de
1238 2639 1375 2705 historia
1400 2638 1484 2704 libri

352 2749 514 2833 ludicum,
541 2746 680 2833 dicebat,
706 2747 793 2830 qued
818 2746 973 2812 Thartari
999 2747 1064 2813 siut
1089 2747 1294 2832 Madyauite,
1323 2747 1482 2829 quicum

353 2856 489 2942 Oethym
507 2854 593 2942 (th)
610 2853 730 2939 pariter
747 2860 860 2920 contra
874 2853 959 2921 tilios
975 2854 1079 2920 Israel
1095 2860 1332 2940 expugnantes,
1358 2854 1483 2920 devicti

353 2971 429 3033 sunt
444 2984 466 3029 a
480 2958 642 3047 Gedeone,
668 2961 752 3030 sicut
766 2961 799 3026 iu
826 2961 909 3028 libro
925 2961 1076 3028 Judicum
1103 2961 1294 3030 continetur.
1320 2961 1415 3027 Unde
1431 2961 1483 3026 iu-

353 3073 479 3160 gientes
504 3070 582 3137 dicti
606 3067 803 3157 Madianite,
836 3069 1066 3137 habitaverunt
1091 3070 1182 3137 iuxta
1206 3069 1338 3138 fluvium
1368 3089 1484 3152 quem·

354 3181 431 3246 dam
446 3179 576 3248 nomine
590 3178 742 3264 Thartar,
762 3177 848 3245 uude
864 3177 898 3244 hi
912 3177 1067 3244 Thartari
1086 3185 1161 3246 suut
1176 3178 1293 3246 vocati.

355 3343 389 3406 (A
403 3343 489 3394 romei
504 3337 629 3394 catilini
645 3341 748 3393 eredeti
762 3340 866 3393 keairat
878 3338 945 3393 utcu
957 3340 1049 3392 Dudik
1061 3339 1143 3400 Beda,
1154 3343 1211 3391 lter
1224 3341 1374 3392 Romanum
1388 3341 1411 3388 l.
1425 3339 1483 3390 lulit-

739 3429 816 3492 Becs,
832 3431 909 3482 isstt.
924 3431 982 3481 327.
997 3430 1037 3480 sk.
1052 3430 1090 3498 ll.)

815 3641 1019 3653 —n-—n—c—

882 3855 960 3941 ΠΙ.

679 4001 847 4080 Sztcbutci
874 4002 1016 4104 aucupet
1041 4005 1150 4079 veser.

429 4147 596 4219 (,soubutst·
609 4145 719 4214 general
732 4141 866 4212 mongol.“
881 4147 920 4197 Es
930 4160 998 4196 acon
1008 4144 1121 4211 moncel
1131 4141 1301 4196 reuerslrnek
1312 4143 1425 4208 egyike,
1436 4145 1485 4195 kilr

358 4241 510 4294 lrtllltnttsen
524 4235 789 4308 Magyarorsatgbau
804 4238 882 4288 1241.
895 4234 924 4288 es
939 4237 1017 4288 itit.
1030 4234 1211 4302 harcacltalr.)
1234 4259 1264 4310 ,πῆ

465 4366 644 4432 Souboutai·
659 4383 700 4429 cu
710 4358 887 4446 Soubudal,
903 4364 1090 4428 surnomme
1101 4357 1257 4425 Bchudut'
1270 4377 1311 4424 ou
1328 4358 1359 4424 le
1375 4359 1483 4443 heros,

358 4475 439 4542 emit
455 4493 499 4541 uu
514 4474 650 4556 general
675 4470 814 4556 mougel,
839 4468 917 4535 dont
933 4470 964 4536 le
980 4488 1064 4553 nom,
1090 4465 1157 4532 mal
1172 4465 1206 4532 lu
1222 4464 1305 4533 rans
1324 4464 1373 4532 les
1393 4469 1484 4531 trau-

359 4579 533 4668 scriptious
557 4580 650 4663 qu’cn
677 4599 697 4644 e
722 4577 818 4645 laites
843 4598 882 4644 cu
907 4576 1018 4642 lettres
1035 4573 1162 4658 arabes,
1187 4574 1263 4640 sust
1287 4573 1415 4656 change
1441 4591 1483 4637 en
