<?xml version="1.0" encoding="UTF-8"?>
<!DOCTYPE html PUBLIC "-//W3C//DTD XHTML 1.0 Transitional//EN"
    "http://www.w3.org/TR/xhtml1/DTD/xhtml1-transitional.dtd">
<html xmlns="http://www.w3.org/1999/xhtml" xml:lang="en" lang="en">
 <head>
  <title>
</title>
<meta http-equiv="Content-Type" content="text/html;charset=utf-8" />
  <meta name='ocr-system' content='tesseract 3.04.00' />
  <meta name='ocr-capabilities' content='ocr_page ocr_carea ocr_par ocr_line ocrx_word'/>
</head>
<body>
  <div class='ocr_page' id='page_1' title='image "./codexdiplomatic18wenzgoog_0309.png"; bbox 0 0 3162 5188; ppageno 0'>
   <div class='ocr_carea' id='block_1_1' title="bbox 615 906 692 977">
    <p class='ocr_par' dir='ltr' id='par_1_1' title="bbox 615 906 692 977">
     <span class='ocr_line' id='line_1_1' title="bbox 615 906 692 977; baseline 0.026 -2"><span class='ocrx_word' id='word_1_1' title='bbox 615 906 692 977; x_wconf 78' lang='lat' dir='ltr'><strong>let.</strong></span> 
     </span>
    </p>
   </div>
   <div class='ocr_carea' id='block_1_2' title="bbox 69 1083 1213 1390">
    <p class='ocr_par' dir='ltr' id='par_1_2' title="bbox 69 1083 1213 1390">
     <span class='ocr_line' id='line_1_2' title="bbox 70 1083 1210 1178; baseline 0.007 -30"><span class='ocrx_word' id='word_1_2' title='bbox 70 1085 99 1148; x_wconf 80' lang='lat' dir='ltr'><strong><em>A</em></strong></span> <span class='ocrx_word' id='word_1_3' title='bbox 115 1083 390 1170; x_wconf 63' lang='lat' dir='ltr'><strong>rsfflrecfehdrcdri</strong></span> <span class='ocrx_word' id='word_1_4' title='bbox 397 1087 610 1175; x_wconf 76' lang='lat' dir='ltr'><strong>ldptolcnuok</strong></span> <span class='ocrx_word' id='word_1_5' title='bbox 625 1089 893 1176; x_wconf 75' lang='lat' dir='ltr'><strong>bironpcdpleoclc,</strong></span> <span class='ocrx_word' id='word_1_6' title='bbox 902 1090 982 1178; x_wconf 73' lang='lat' dir='ltr'><strong>kopp</strong></span> <span class='ocrx_word' id='word_1_7' title='bbox 998 1117 1036 1158; x_wconf 77' lang='lat' dir='ltr'><strong>uz</strong></span> <span class='ocrx_word' id='word_1_8' title='bbox 1045 1090 1132 1159; x_wconf 74' lang='lat' dir='ltr'><strong>litet</strong></span> <span class='ocrx_word' id='word_1_9' title='bbox 1147 1094 1210 1160; x_wconf 67' lang='lat' dir='ltr'><strong>batn</strong></span> 
     </span>
     <span class='ocr_line' id='line_1_3' title="bbox 69 1191 1213 1288; baseline 0.007 -30"><span class='ocrx_word' id='word_1_10' title='bbox 69 1199 99 1256; x_wconf 78' lang='lat' dir='ltr'><strong>e&#39;o</strong></span> <span class='ocrx_word' id='word_1_11' title='bbox 117 1191 248 1260; x_wconf 65' lang='lat' dir='ltr'><strong>Tamen</strong></span> <span class='ocrx_word' id='word_1_12' title='bbox 278 1193 453 1278; x_wconf 75' lang='lat' dir='ltr'><strong>Olenalefic</strong></span> <span class='ocrx_word' id='word_1_13' title='bbox 467 1196 536 1261; x_wconf 75' lang='lat' dir='ltr'><strong>leeizt</strong></span> <span class='ocrx_word' id='word_1_14' title='bbox 550 1196 655 1260; x_wconf 78' lang='lat' dir='ltr'><strong>Belud</strong></span> <span class='ocrx_word' id='word_1_15' title='bbox 668 1195 805 1262; x_wconf 75' lang='lat' dir='ltr'><strong>birtokra</strong></span> <span class='ocrx_word' id='word_1_16' title='bbox 819 1201 909 1263; x_wconf 68' lang='lat' dir='ltr'><strong>necue</strong></span> <span class='ocrx_word' id='word_1_17' title='bbox 923 1198 1017 1264; x_wconf 79' lang='lat' dir='ltr'><strong>ledtdtt</strong></span> <span class='ocrx_word' id='word_1_18' title='bbox 1039 1200 1213 1288; x_wconf 65' lang='lat' dir='ltr'><strong>epycckedle</strong></span> 
     </span>
     <span class='ocr_line' id='line_1_4' title="bbox 442 1303 848 1390; baseline 0 -22"><span class='ocrx_word' id='word_1_19' title='bbox 442 1303 733 1390; x_wconf 75' lang='lat' dir='ltr'><strong>sopanctoeittctott.</strong></span> <span class='ocrx_word' id='word_1_20' title='bbox 749 1303 848 1369; x_wconf 74' lang='lat'><em>1248.</em></span> 
     </span>
    </p>
   </div>
   <div class='ocr_carea' id='block_1_3' title="bbox 406 1501 893 1568">
    <p class='ocr_par' dir='ltr' id='par_1_3' title="bbox 406 1501 893 1568">
     <span class='ocr_line' id='line_1_5' title="bbox 406 1501 893 1568; baseline 0 0"><span class='ocrx_word' id='word_1_21' title='bbox 406 1501 893 1568; x_wconf 77' lang='lat' dir='ltr'>ABOD</span> 
     </span>
    </p>
   </div>
   <div class='ocr_carea' id='block_1_4' title="bbox 27 1669 1215 2848">
    <p class='ocr_par' dir='ltr' id='par_1_4' title="bbox 75 1669 1214 2307">
     <span class='ocr_line' id='line_1_6' title="bbox 185 1669 1208 1766; baseline 0.005 -21"><span class='ocrx_word' id='word_1_22' title='bbox 185 1677 377 1766; x_wconf 76' lang='lat' dir='ltr'>Capitulum</span> <span class='ocrx_word' id='word_1_23' title='bbox 402 1677 549 1746; x_wconf 85' lang='lat' dir='ltr'><strong>Ecclesia</strong></span> <span class='ocrx_word' id='word_1_24' title='bbox 565 1679 718 1748; x_wconf 88' lang='lat' dir='ltr'><strong>Albensis</strong></span> <span class='ocrx_word' id='word_1_25' title='bbox 734 1669 896 1748; x_wconf 83' lang='lat' dir='ltr'><strong>uniuersis</strong></span> <span class='ocrx_word' id='word_1_26' title='bbox 921 1679 1042 1748; x_wconf 82' lang='lat' dir='ltr'><strong>christi</strong></span> <span class='ocrx_word' id='word_1_27' title='bbox 1056 1680 1208 1750; x_wconf 82' lang='lat' dir='ltr'><strong>fidelibus</strong></span> 
     </span>
     <span class='ocr_line' id='line_1_7' title="bbox 75 1785 1213 1876; baseline 0.005 -25"><span class='ocrx_word' id='word_1_28' title='bbox 75 1785 291 1870; x_wconf 80' lang='lat' dir='ltr'><strong>presentibus</strong></span> <span class='ocrx_word' id='word_1_29' title='bbox 315 1786 438 1874; x_wconf 90' lang='lat' dir='ltr'><strong>pariter</strong></span> <span class='ocrx_word' id='word_1_30' title='bbox 468 1794 499 1853; x_wconf 90' lang='lat' dir='ltr'><strong>et</strong></span> <span class='ocrx_word' id='word_1_31' title='bbox 522 1787 639 1856; x_wconf 80' lang='lat' dir='ltr'><strong>suturis</strong></span> <span class='ocrx_word' id='word_1_32' title='bbox 664 1796 832 1876; x_wconf 81' lang='lat' dir='ltr'><strong>presentes</strong></span> <span class='ocrx_word' id='word_1_33' title='bbox 857 1789 986 1857; x_wconf 82' lang='lat' dir='ltr'><strong>litteras</strong></span> <span class='ocrx_word' id='word_1_34' title='bbox 1016 1789 1213 1876; x_wconf 88' lang='lat' dir='ltr'><strong>inspecturis</strong></span> 
     </span>
     <span class='ocr_line' id='line_1_8' title="bbox 76 1894 1214 1984; baseline 0.004 -24"><span class='ocrx_word' id='word_1_35' title='bbox 76 1894 217 1960; x_wconf 79' lang='lat' dir='ltr'><strong>salutem</strong></span> <span class='ocrx_word' id='word_1_36' title='bbox 235 1895 271 1963; x_wconf 90' lang='lat' dir='ltr'><strong>iu</strong></span> <span class='ocrx_word' id='word_1_37' title='bbox 284 1895 437 1964; x_wconf 88' lang='lat' dir='ltr'><strong>Domino.</strong></span> <span class='ocrx_word' id='word_1_38' title='bbox 455 1895 670 1964; x_wconf 90' lang='lat' dir='ltr'><strong>Uniuersitati</strong></span> <span class='ocrx_word' id='word_1_39' title='bbox 686 1905 795 1965; x_wconf 87' lang='lat' dir='ltr'><strong>uestre</strong></span> <span class='ocrx_word' id='word_1_40' title='bbox 811 1901 924 1982; x_wconf 89' lang='lat' dir='ltr'><strong>tenore</strong></span> <span class='ocrx_word' id='word_1_41' title='bbox 936 1897 1141 1984; x_wconf 88' lang='lat' dir='ltr'><strong>presencium</strong></span> <span class='ocrx_word' id='word_1_42' title='bbox 1158 1897 1214 1965; x_wconf 90' lang='lat' dir='ltr'><strong>du·</strong></span> 
     </span>
     <span class='ocr_line' id='line_1_9' title="bbox 76 2002 1214 2090; baseline 0.005 -24"><span class='ocrx_word' id='word_1_43' title='bbox 76 2002 183 2069; x_wconf 85' lang='lat' dir='ltr'><strong>ximus</strong></span> <span class='ocrx_word' id='word_1_44' title='bbox 200 2002 467 2088; x_wconf 85' lang='lat' dir='ltr'><strong>significandum,</strong></span> <span class='ocrx_word' id='word_1_45' title='bbox 485 2004 572 2088; x_wconf 93' lang='lat' dir='ltr'><strong>quod</strong></span> <span class='ocrx_word' id='word_1_46' title='bbox 588 2005 707 2072; x_wconf 91' lang='lat' dir='ltr'><strong>nobilis</strong></span> <span class='ocrx_word' id='word_1_47' title='bbox 725 2005 775 2072; x_wconf 82' lang='lat' dir='ltr'><strong>vir</strong></span> <span class='ocrx_word' id='word_1_48' title='bbox 791 2005 884 2071; x_wconf 83' lang='lat' dir='ltr'><strong>Ekclr</strong></span> <span class='ocrx_word' id='word_1_49' title='bbox 900 2007 1021 2090; x_wconf 78' lang='lat' dir='ltr'><strong>Bonus,</strong></span> <span class='ocrx_word' id='word_1_50' title='bbox 1040 2005 1157 2072; x_wconf 83' lang='lat' dir='ltr'><strong>(lomes</strong></span> <span class='ocrx_word' id='word_1_51' title='bbox 1173 2005 1214 2072; x_wconf 90' lang='lat' dir='ltr'><strong>de</strong></span> 
     </span>
     <span class='ocr_line' id='line_1_10' title="bbox 78 2109 1212 2200; baseline 0.004 -26"><span class='ocrx_word' id='word_1_52' title='bbox 78 2109 231 2194; x_wconf 85' lang='lat' dir='ltr'><strong>Worosd‚</strong></span> <span class='ocrx_word' id='word_1_53' title='bbox 260 2111 304 2177; x_wconf 91' lang='lat' dir='ltr'><strong>ad</strong></span> <span class='ocrx_word' id='word_1_54' title='bbox 320 2119 467 2179; x_wconf 87' lang='lat' dir='ltr'><strong>nostram</strong></span> <span class='ocrx_word' id='word_1_55' title='bbox 486 2113 704 2199; x_wconf 78' lang='lat' dir='ltr'><strong>personaliter</strong></span> <span class='ocrx_word' id='word_1_56' title='bbox 729 2113 913 2182; x_wconf 81' lang='lat' dir='ltr'><strong>accedendo</strong></span> <span class='ocrx_word' id='word_1_57' title='bbox 938 2113 1142 2200; x_wconf 79' lang='lat' dir='ltr'><strong>presenciam</strong></span> <span class='ocrx_word' id='word_1_58' title='bbox 1159 2112 1212 2180; x_wconf 94' lang='lat' dir='ltr'><strong>ob·</strong></span> 
     </span>
     <span class='ocr_line' id='line_1_11' title="bbox 80 2215 958 2307; baseline 0.009 -26"><span class='ocrx_word' id='word_1_59' title='bbox 80 2215 152 2283; x_wconf 84' lang='lat' dir='ltr'><strong>tulit</strong></span> <span class='ocrx_word' id='word_1_60' title='bbox 162 2218 265 2287; x_wconf 92' lang='lat' dir='ltr'><strong>nobis</strong></span> <span class='ocrx_word' id='word_1_61' title='bbox 281 2220 411 2288; x_wconf 81' lang='lat' dir='ltr'><strong>litteras</strong></span> <span class='ocrx_word' id='word_1_62' title='bbox 428 2221 549 2288; x_wconf 91' lang='lat' dir='ltr'><strong>domiui</strong></span> <span class='ocrx_word' id='word_1_63' title='bbox 566 2221 665 2307; x_wconf 89' lang='lat' dir='ltr'><strong>Regis</strong></span> <span class='ocrx_word' id='word_1_64' title='bbox 683 2221 820 2289; x_wconf 91' lang='lat' dir='ltr'><strong>subhac</strong></span> <span class='ocrx_word' id='word_1_65' title='bbox 835 2220 958 2289; x_wconf 75' lang='lat' dir='ltr'><strong>dorma:</strong></span> 
     </span>
    </p>

    <p class='ocr_par' dir='ltr' id='par_1_5' title="bbox 81 2326 1213 2522">
     <span class='ocr_line' id='line_1_12' title="bbox 183 2326 1213 2417; baseline 0.005 -26"><span class='ocrx_word' id='word_1_66' title='bbox 183 2326 258 2394; x_wconf 86' lang='lat' dir='ltr'><strong>Nos</strong></span> <span class='ocrx_word' id='word_1_67' title='bbox 274 2330 311 2396; x_wconf 91' lang='lat' dir='ltr'><strong>B.</strong></span> <span class='ocrx_word' id='word_1_68' title='bbox 329 2327 392 2395; x_wconf 92' lang='lat' dir='ltr'><strong>Dei</strong></span> <span class='ocrx_word' id='word_1_69' title='bbox 407 2328 521 2412; x_wconf 86' lang='lat' dir='ltr'><strong>gracia</strong></span> <span class='ocrx_word' id='word_1_70' title='bbox 530 2330 601 2395; x_wconf 81' lang='lat' dir='ltr'><strong>Rex</strong></span> <span class='ocrx_word' id='word_1_71' title='bbox 616 2331 783 2416; x_wconf 86' lang='lat' dir='ltr'><strong>Hungarie</strong></span> <span class='ocrx_word' id='word_1_72' title='bbox 799 2332 862 2398; x_wconf 89' lang='lat' dir='ltr'><strong>stb.</strong></span> <span class='ocrx_word' id='word_1_73' title='bbox 883 2329 979 2417; x_wconf 90' lang='lat' dir='ltr'><strong>(mint</strong></span> <span class='ocrx_word' id='word_1_74' title='bbox 993 2329 1126 2398; x_wconf 86' lang='lat' dir='ltr'><strong>ientebb</strong></span> <span class='ocrx_word' id='word_1_75' title='bbox 1138 2331 1213 2398; x_wconf 87' lang='grc'><strong>184.</strong></span> 
     </span>
     <span class='ocr_line' id='line_1_13' title="bbox 81 2431 190 2522; baseline 0.028 -25"><span class='ocrx_word' id='word_1_76' title='bbox 81 2450 122 2497; x_wconf 82' lang='lat' dir='ltr'><strong>sz.</strong></span> <span class='ocrx_word' id='word_1_77' title='bbox 142 2431 190 2522; x_wconf 92' lang='lat' dir='ltr'><strong>a.)</strong></span> 
     </span>
    </p>

    <p class='ocr_par' dir='ltr' id='par_1_6' title="bbox 27 2543 1215 2848">
     <span class='ocr_line' id='line_1_14' title="bbox 184 2543 1214 2634; baseline 0.006 -26"><span class='ocrx_word' id='word_1_78' title='bbox 184 2543 294 2628; x_wconf 85' lang='lat' dir='ltr'><strong>Igitur</strong></span> <span class='ocrx_word' id='word_1_79' title='bbox 309 2544 446 2614; x_wconf 90' lang='lat' dir='ltr'><strong>termino</strong></span> <span class='ocrx_word' id='word_1_80' title='bbox 471 2546 633 2634; x_wconf 85' lang='lat' dir='ltr'><strong>premisso</strong></span> <span class='ocrx_word' id='word_1_81' title='bbox 652 2546 854 2633; x_wconf 87' lang='lat' dir='ltr'><strong>adueniente,</strong></span> <span class='ocrx_word' id='word_1_82' title='bbox 881 2545 968 2614; x_wconf 92' lang='lat' dir='ltr'><strong>idem</strong></span> <span class='ocrx_word' id='word_1_83' title='bbox 985 2546 1079 2614; x_wconf 77' lang='lat' dir='ltr'><strong>Elkch</strong></span> <span class='ocrx_word' id='word_1_84' title='bbox 1104 2548 1214 2616; x_wconf 75' lang='lat' dir='ltr'><strong>Bonus</strong></span> 
     </span>
     <span class='ocr_line' id='line_1_15' title="bbox 84 2653 1215 2741; baseline 0.01 -30"><span class='ocrx_word' id='word_1_85' title='bbox 84 2656 191 2716; x_wconf 89' lang='lat' dir='ltr'><strong>nostre</strong></span> <span class='ocrx_word' id='word_1_86' title='bbox 218 2671 255 2718; x_wconf 88' lang='lat' dir='ltr'><strong>se</strong></span> <span class='ocrx_word' id='word_1_87' title='bbox 281 2653 499 2738; x_wconf 90' lang='lat' dir='ltr'><strong>personaliter</strong></span> <span class='ocrx_word' id='word_1_88' title='bbox 523 2655 694 2741; x_wconf 88' lang='lat' dir='ltr'><strong>presencie</strong></span> <span class='ocrx_word' id='word_1_89' title='bbox 718 2654 935 2741; x_wconf 87' lang='lat' dir='ltr'><strong>presentando</strong></span> <span class='ocrx_word' id='word_1_90' title='bbox 962 2653 1128 2724; x_wconf 78' lang='lat' dir='ltr'><strong>confessus</strong></span> <span class='ocrx_word' id='word_1_91' title='bbox 1154 2663 1215 2740; x_wconf 89' lang='lat' dir='ltr'><strong>est,</strong></span> 
     </span>
     <span class='ocr_line' id='line_1_16' title="bbox 27 2753 1215 2848; baseline 0.008 -29"><span class='ocrx_word' id='word_1_92' title='bbox 27 2759 31 2767; x_wconf 92' lang='lat'>&#39;</span> <span class='ocrx_word' id='word_1_93' title='bbox 85 2753 186 2826; x_wconf 89' lang='lat' dir='ltr'><strong>dictas</strong></span> <span class='ocrx_word' id='word_1_94' title='bbox 202 2760 323 2845; x_wconf 88' lang='lat' dir='ltr'><strong>viginti</strong></span> <span class='ocrx_word' id='word_1_95' title='bbox 340 2782 469 2830; x_wconf 82' lang='lat' dir='ltr'><strong>marcas</strong></span> <span class='ocrx_word' id='word_1_96' title='bbox 486 2783 544 2848; x_wconf 90' lang='lat' dir='ltr'><strong>per</strong></span> <span class='ocrx_word' id='word_1_97' title='bbox 559 2763 718 2829; x_wconf 86' lang='lat' dir='ltr'><strong>Thomam</strong></span> <span class='ocrx_word' id='word_1_98' title='bbox 735 2762 891 2830; x_wconf 78' lang='lat' dir='ltr'><strong>Comitem</strong></span> <span class='ocrx_word' id='word_1_99' title='bbox 906 2762 1008 2831; x_wconf 90' lang='lat' dir='ltr'><strong>filium</strong></span> <span class='ocrx_word' id='word_1_100' title='bbox 1025 2762 1084 2832; x_wconf 90' lang='lat' dir='ltr'><strong>Osl</strong></span> <span class='ocrx_word' id='word_1_101' title='bbox 1098 2784 1215 2830; x_wconf 89' lang='lat' dir='ltr'><strong>memo·</strong></span> 
     </span>
    </p>
   </div>
   <div class='ocr_carea' id='block_1_5' title="bbox 86 2869 1218 4344">
    <p class='ocr_par' dir='ltr' id='par_1_7' title="bbox 86 2869 1218 4344">
     <span class='ocr_line' id='line_1_17' title="bbox 86 2869 1214 2957; baseline 0.008 -30"><span class='ocrx_word' id='word_1_102' title='bbox 86 2871 186 2932; x_wconf 84' lang='lat' dir='ltr'><strong>ratum</strong></span> <span class='ocrx_word' id='word_1_103' title='bbox 204 2869 272 2935; x_wconf 90' lang='lat' dir='ltr'><strong>sibi</strong></span> <span class='ocrx_word' id='word_1_104' title='bbox 288 2869 437 2956; x_wconf 87' lang='lat' dir='ltr'><strong>plenarie</strong></span> <span class='ocrx_word' id='word_1_105' title='bbox 454 2870 555 2938; x_wconf 81' lang='lat' dir='ltr'><strong>fuisse</strong></span> <span class='ocrx_word' id='word_1_106' title='bbox 571 2871 775 2956; x_wconf 86' lang='lat' dir='ltr'><strong>persolutas;</strong></span> <span class='ocrx_word' id='word_1_107' title='bbox 802 2871 919 2957; x_wconf 87' lang='lat' dir='ltr'><strong>quibus</strong></span> <span class='ocrx_word' id='word_1_108' title='bbox 935 2876 1104 2938; x_wconf 84' lang='lat' dir='ltr'><strong>contentus</strong></span> <span class='ocrx_word' id='word_1_109' title='bbox 1126 2877 1214 2936; x_wconf 88' lang='lat' dir='ltr'><strong>ante-</strong></span> 
     </span>
     <span class='ocr_line' id='line_1_18' title="bbox 88 2967 1215 3064; baseline 0.008 -29"><span class='ocrx_word' id='word_1_110' title='bbox 88 2967 204 3040; x_wconf 88' lang='lat' dir='ltr'><strong>dictum</strong></span> <span class='ocrx_word' id='word_1_111' title='bbox 221 2977 371 3064; x_wconf 87' lang='lat' dir='ltr'><strong>predium</strong></span> <span class='ocrx_word' id='word_1_112' title='bbox 387 2975 493 3045; x_wconf 92' lang='lat' dir='ltr'><strong>Belud</strong></span> <span class='ocrx_word' id='word_1_113' title='bbox 509 2977 614 3044; x_wconf 91' lang='lat' dir='ltr'><strong>cidem</strong></span> <span class='ocrx_word' id='word_1_114' title='bbox 632 2975 756 3044; x_wconf 72' lang='lat' dir='ltr'><strong>&#39;rhome</strong></span> <span class='ocrx_word' id='word_1_115' title='bbox 778 2975 896 3045; x_wconf 82' lang='lat' dir='ltr'><strong>(lomiti</strong></span> <span class='ocrx_word' id='word_1_116' title='bbox 910 2985 943 3044; x_wconf 88' lang='lat' dir='ltr'><strong>ot</strong></span> <span class='ocrx_word' id='word_1_117' title='bbox 958 2979 1025 3046; x_wconf 85' lang='lat' dir='ltr'><strong>suis</strong></span> <span class='ocrx_word' id='word_1_118' title='bbox 1041 2977 1215 3044; x_wconf 88' lang='lat' dir='ltr'><strong>heredibus</strong></span> 
     </span>
     <span class='ocr_line' id='line_1_19' title="bbox 86 3079 1215 3174; baseline 0.003 -27"><span class='ocrx_word' id='word_1_119' title='bbox 86 3079 214 3167; x_wconf 86' lang='lat' dir='ltr'><strong>reliquit</strong></span> <span class='ocrx_word' id='word_1_120' title='bbox 231 3093 266 3153; x_wconf 88' lang='lat' dir='ltr'><strong>et</strong></span> <span class='ocrx_word' id='word_1_121' title='bbox 280 3086 465 3153; x_wconf 88' lang='lat' dir='ltr'><strong>restituitin</strong></span> <span class='ocrx_word' id='word_1_122' title='bbox 475 3106 557 3173; x_wconf 88' lang='lat' dir='ltr'><strong>pace</strong></span> <span class='ocrx_word' id='word_1_123' title='bbox 576 3085 611 3152; x_wconf 93' lang='lat' dir='ltr'><strong>in</strong></span> <span class='ocrx_word' id='word_1_124' title='bbox 626 3091 817 3174; x_wconf 89' lang='lat' dir='ltr'><strong>perpetuum</strong></span> <span class='ocrx_word' id='word_1_125' title='bbox 830 3084 1084 3172; x_wconf 68' lang='lat' dir='ltr'><strong>possidendum</strong></span> <span class='ocrx_word' id='word_1_126' title='bbox 1100 3104 1215 3152; x_wconf 88' lang='lat' dir='ltr'><strong>renun-</strong></span> 
     </span>
     <span class='ocr_line' id='line_1_20' title="bbox 90 3191 1213 3279; baseline 0.005 -25"><span class='ocrx_word' id='word_1_127' title='bbox 90 3191 178 3258; x_wconf 84' lang='lat' dir='ltr'><strong>cians</strong></span> <span class='ocrx_word' id='word_1_128' title='bbox 193 3195 286 3261; x_wconf 90' lang='lat' dir='ltr'><strong>omni</strong></span> <span class='ocrx_word' id='word_1_129' title='bbox 301 3193 364 3260; x_wconf 90' lang='lat' dir='ltr'><strong>iuri</strong></span> <span class='ocrx_word' id='word_1_130' title='bbox 380 3202 412 3261; x_wconf 88' lang='lat' dir='ltr'><strong>et</strong></span> <span class='ocrx_word' id='word_1_131' title='bbox 427 3195 563 3278; x_wconf 81' lang='lat' dir='ltr'><strong>accium,</strong></span> <span class='ocrx_word' id='word_1_132' title='bbox 589 3214 652 3279; x_wconf 90' lang='lat' dir='ltr'><strong>que</strong></span> <span class='ocrx_word' id='word_1_133' title='bbox 668 3193 841 3261; x_wconf 79' lang='lat' dir='ltr'><strong>occasione</strong></span> <span class='ocrx_word' id='word_1_134' title='bbox 867 3192 952 3259; x_wconf 93' lang='lat' dir='ltr'><strong>dotis</strong></span> <span class='ocrx_word' id='word_1_135' title='bbox 973 3201 1006 3259; x_wconf 89' lang='lat' dir='ltr'><strong>et</strong></span> <span class='ocrx_word' id='word_1_136' title='bbox 1021 3192 1213 3260; x_wconf 91' lang='lat' dir='ltr'><strong>iudiciorum</strong></span> 
     </span>
     <span class='ocr_line' id='line_1_21' title="bbox 88 3299 1216 3390; baseline 0.004 -26"><span class='ocrx_word' id='word_1_137' title='bbox 88 3299 307 3383; x_wconf 86' lang='lat' dir='ltr'><strong>predictorum</strong></span> <span class='ocrx_word' id='word_1_138' title='bbox 317 3302 506 3388; x_wconf 90' lang='lat' dir='ltr'><strong>contingere</strong></span> <span class='ocrx_word' id='word_1_139' title='bbox 517 3303 678 3390; x_wconf 86' lang='lat' dir='ltr'><strong>potuisset</strong></span> <span class='ocrx_word' id='word_1_140' title='bbox 693 3303 900 3387; x_wconf 88' lang='lat' dir='ltr'><strong>aliquatenus</strong></span> <span class='ocrx_word' id='word_1_141' title='bbox 911 3319 947 3367; x_wconf 90' lang='lat' dir='ltr'><strong>se</strong></span> <span class='ocrx_word' id='word_1_142' title='bbox 962 3301 1086 3368; x_wconf 88' lang='lat' dir='ltr'><strong>moueri</strong></span> <span class='ocrx_word' id='word_1_143' title='bbox 1101 3309 1216 3368; x_wconf 88' lang='lat' dir='ltr'><strong>contra</strong></span> 
     </span>
     <span class='ocr_line' id='line_1_22' title="bbox 91 3405 1216 3498; baseline 0.002 -27"><span class='ocrx_word' id='word_1_144' title='bbox 91 3405 125 3471; x_wconf 77' lang='grc' dir='ltr'><strong>Τ.</strong></span> <span class='ocrx_word' id='word_1_145' title='bbox 142 3408 301 3478; x_wconf 77' lang='lat' dir='ltr'><strong>Comitem</strong></span> <span class='ocrx_word' id='word_1_146' title='bbox 317 3410 520 3498; x_wconf 87' lang='lat' dir='ltr'><strong>sepedictum</strong></span> <span class='ocrx_word' id='word_1_147' title='bbox 536 3411 589 3477; x_wconf 89' lang='lat' dir='ltr'><strong>uel</strong></span> <span class='ocrx_word' id='word_1_148' title='bbox 608 3410 753 3479; x_wconf 88' lang='lat' dir='ltr'><strong>eiusdem</strong></span> <span class='ocrx_word' id='word_1_149' title='bbox 770 3428 987 3477; x_wconf 86' lang='lat' dir='ltr'><strong>successores.</strong></span> <span class='ocrx_word' id='word_1_150' title='bbox 1016 3406 1100 3485; x_wconf 82' lang='lat' dir='ltr'><strong>Quia</strong></span> <span class='ocrx_word' id='word_1_151' title='bbox 1114 3408 1216 3493; x_wconf 90' lang='lat' dir='ltr'><strong>igitur</strong></span> 
     </span>
     <span class='ocr_line' id='line_1_23' title="bbox 90 3513 1215 3604; baseline -0.001 -24"><span class='ocrx_word' id='word_1_152' title='bbox 90 3513 166 3582; x_wconf 84' lang='lat' dir='ltr'><strong>fines</strong></span> <span class='ocrx_word' id='word_1_153' title='bbox 191 3538 368 3586; x_wconf 87' lang='lat' dir='ltr'><strong>causarum</strong></span> <span class='ocrx_word' id='word_1_154' title='bbox 393 3518 426 3585; x_wconf 92' lang='lat' dir='ltr'><strong>in</strong></span> <span class='ocrx_word' id='word_1_155' title='bbox 454 3519 642 3603; x_wconf 88' lang='lat' dir='ltr'><strong>ambiguum</strong></span> <span class='ocrx_word' id='word_1_156' title='bbox 666 3517 857 3604; x_wconf 87' lang='lat' dir='ltr'><strong>plerumque</strong></span> <span class='ocrx_word' id='word_1_157' title='bbox 882 3523 915 3582; x_wconf 90' lang='lat' dir='ltr'><strong>et</strong></span> <span class='ocrx_word' id='word_1_158' title='bbox 934 3517 966 3582; x_wconf 92' lang='lat' dir='ltr'><strong>iu</strong></span> <span class='ocrx_word' id='word_1_159' title='bbox 992 3514 1118 3582; x_wconf 92' lang='lat' dir='ltr'><strong>irritum</strong></span> <span class='ocrx_word' id='word_1_160' title='bbox 1135 3514 1215 3581; x_wconf 88' lang='lat' dir='ltr'><strong>obli--</strong></span> 
     </span>
     <span class='ocr_line' id='line_1_24' title="bbox 92 3620 1218 3713; baseline 0 -25"><span class='ocrx_word' id='word_1_161' title='bbox 92 3620 181 3690; x_wconf 90' lang='lat' dir='ltr'><strong>uione</strong></span> <span class='ocrx_word' id='word_1_162' title='bbox 196 3628 390 3713; x_wconf 85' lang='lat' dir='ltr'><strong>proualente</strong></span> <span class='ocrx_word' id='word_1_163' title='bbox 407 3628 513 3694; x_wconf 87' lang='lat' dir='ltr'><strong>solent</strong></span> <span class='ocrx_word' id='word_1_164' title='bbox 527 3625 642 3710; x_wconf 78' lang='lat' dir='ltr'><strong>redigi,</strong></span> <span class='ocrx_word' id='word_1_165' title='bbox 669 3625 734 3692; x_wconf 92' lang='lat' dir='ltr'><strong>nisi</strong></span> <span class='ocrx_word' id='word_1_166' title='bbox 748 3623 935 3693; x_wconf 90' lang='lat' dir='ltr'><strong>testimonio</strong></span> <span class='ocrx_word' id='word_1_167' title='bbox 952 3623 1218 3691; x_wconf 87' lang='lat' dir='ltr'><strong>commendentur</strong></span> 
     </span>
     <span class='ocr_line' id='line_1_25' title="bbox 93 3727 1215 3823; baseline 0.004 -30"><span class='ocrx_word' id='word_1_168' title='bbox 93 3727 280 3819; x_wconf 82' lang='lat' dir='ltr'><strong>litterarum,</strong></span> <span class='ocrx_word' id='word_1_169' title='bbox 305 3737 380 3804; x_wconf 92' lang='lat' dir='ltr'><strong>ideo</strong></span> <span class='ocrx_word' id='word_1_170' title='bbox 395 3740 563 3823; x_wconf 88' lang='lat' dir='ltr'><strong>presentes</strong></span> <span class='ocrx_word' id='word_1_171' title='bbox 580 3735 705 3802; x_wconf 87' lang='lat' dir='ltr'><strong>litteras</strong></span> <span class='ocrx_word' id='word_1_172' title='bbox 721 3733 823 3818; x_wconf 79' lang='lat' dir='ltr'><strong>sigilli</strong></span> <span class='ocrx_word' id='word_1_173' title='bbox 839 3731 941 3799; x_wconf 89' lang='lat' dir='ltr'><strong>nostri</strong></span> <span class='ocrx_word' id='word_1_174' title='bbox 966 3731 1142 3799; x_wconf 91' lang='lat' dir='ltr'><strong>munimine</strong></span> <span class='ocrx_word' id='word_1_175' title='bbox 1166 3751 1215 3798; x_wconf 89' lang='lat' dir='ltr'><strong>ro-</strong></span> 
     </span>
     <span class='ocr_line' id='line_1_26' title="bbox 98 3835 1217 3932; baseline 0.004 -29"><span class='ocrx_word' id='word_1_176' title='bbox 98 3835 223 3912; x_wconf 87' lang='lat' dir='ltr'><strong>boratas</strong></span> <span class='ocrx_word' id='word_1_177' title='bbox 240 3844 285 3911; x_wconf 88' lang='lat' dir='ltr'><strong>ad</strong></span> <span class='ocrx_word' id='word_1_178' title='bbox 299 3845 495 3932; x_wconf 84' lang='lat' dir='ltr'><strong>peticionem</strong></span> <span class='ocrx_word' id='word_1_179' title='bbox 510 3844 678 3927; x_wconf 89' lang='lat' dir='ltr'><strong>utriusque</strong></span> <span class='ocrx_word' id='word_1_180' title='bbox 694 3843 809 3928; x_wconf 86' lang='lat' dir='ltr'><strong>partis,</strong></span> <span class='ocrx_word' id='word_1_181' title='bbox 827 3843 951 3910; x_wconf 86' lang='lat' dir='ltr'><strong>Thome</strong></span> <span class='ocrx_word' id='word_1_182' title='bbox 967 3839 1095 3926; x_wconf 85' lang='lat' dir='ltr'><strong>comiti,</strong></span> <span class='ocrx_word' id='word_1_183' title='bbox 1112 3847 1145 3906; x_wconf 90' lang='lat' dir='ltr'><strong>et</strong></span> <span class='ocrx_word' id='word_1_184' title='bbox 1158 3861 1217 3927; x_wconf 91' lang='lat' dir='ltr'><strong>per</strong></span> 
     </span>
     <span class='ocr_line' id='line_1_27' title="bbox 100 3947 1217 4022; baseline -0.001 -7"><span class='ocrx_word' id='word_1_185' title='bbox 100 3963 165 4015; x_wconf 85' lang='lat' dir='ltr'><strong>eum</strong></span> <span class='ocrx_word' id='word_1_186' title='bbox 181 3953 249 4021; x_wconf 87' lang='lat' dir='ltr'><strong>suis</strong></span> <span class='ocrx_word' id='word_1_187' title='bbox 265 3953 760 4022; x_wconf 60' lang='lat' dir='ltr'><strong>successoribus‚concessimns..</strong></span> <span class='ocrx_word' id='word_1_188' title='bbox 770 3951 864 4018; x_wconf 83' lang='lat' dir='ltr'><strong>Anno</strong></span> <span class='ocrx_word' id='word_1_189' title='bbox 874 3949 1006 4018; x_wconf 92' lang='lat' dir='ltr'><strong>Domini</strong></span> <span class='ocrx_word' id='word_1_190' title='bbox 1021 3950 1067 4016; x_wconf 84' lang='lat' dir='ltr'><strong>ll⁰</strong></span> <span class='ocrx_word' id='word_1_191' title='bbox 1077 3947 1217 4016; x_wconf 80' lang='lat' dir='ltr'>OO⁰XL⁰</span> 
     </span>
     <span class='ocr_line' id='line_1_28' title="bbox 101 4055 1217 4146; baseline 0.003 -26"><span class='ocrx_word' id='word_1_192' title='bbox 101 4061 218 4146; x_wconf 83' lang='lat' dir='ltr'><strong>octauo,</strong></span> <span class='ocrx_word' id='word_1_193' title='bbox 237 4060 349 4146; x_wconf 87' lang='lat' dir='ltr'><strong>quinto</strong></span> <span class='ocrx_word' id='word_1_194' title='bbox 364 4059 450 4144; x_wconf 84' lang='lat' dir='ltr'><strong>ydus</strong></span> <span class='ocrx_word' id='word_1_195' title='bbox 467 4059 618 4130; x_wconf 89' lang='lat' dir='ltr'><strong>Octobris</strong></span> <span class='ocrx_word' id='word_1_196' title='bbox 627 4061 786 4145; x_wconf 87' lang='lat' dir='ltr'><strong>Magistro</strong></span> <span class='ocrx_word' id='word_1_197' title='bbox 795 4058 934 4144; x_wconf 83' lang='lat' dir='ltr'><strong>Achylle</strong></span> <span class='ocrx_word' id='word_1_198' title='bbox 949 4055 1095 4124; x_wconf 82' lang='lat' dir='ltr'><strong>Ecclesie</strong></span> <span class='ocrx_word' id='word_1_199' title='bbox 1108 4063 1217 4123; x_wconf 89' lang='lat' dir='ltr'><strong>nostre</strong></span> 
     </span>
     <span class='ocr_line' id='line_1_29' title="bbox 100 4162 1217 4253; baseline -0.002 -21"><span class='ocrx_word' id='word_1_200' title='bbox 100 4162 279 4253; x_wconf 91' lang='lat' dir='ltr'><strong>Preposito‚</strong></span> <span class='ocrx_word' id='word_1_201' title='bbox 305 4169 431 4237; x_wconf 89' lang='lat' dir='ltr'><strong>Jacobo</strong></span> <span class='ocrx_word' id='word_1_202' title='bbox 456 4167 608 4252; x_wconf 77' lang='lat' dir='ltr'><strong>(lamere,</strong></span> <span class='ocrx_word' id='word_1_203' title='bbox 635 4171 720 4235; x_wconf 82' lang='lat' dir='ltr'><strong>Acus</strong></span> <span class='ocrx_word' id='word_1_204' title='bbox 747 4165 899 4252; x_wconf 78' lang='lat' dir='ltr'><strong>Custode,</strong></span> <span class='ocrx_word' id='word_1_205' title='bbox 926 4165 1061 4249; x_wconf 78' lang='lat' dir='ltr'><strong>Mathya</strong></span> <span class='ocrx_word' id='word_1_206' title='bbox 1084 4166 1217 4232; x_wconf 85' lang='lat' dir='ltr'><strong>Deccno</strong></span> 
     </span>
     <span class='ocr_line' id='line_1_30' title="bbox 99 4271 313 4344; baseline 0.033 -9"><span class='ocrx_word' id='word_1_207' title='bbox 99 4271 313 4344; x_wconf 84' lang='lat' dir='ltr'><strong>existentibus.</strong></span> 
     </span>
    </p>
   </div>
   <div class='ocr_carea' id='block_1_6' title="bbox 104 4413 1204 4524">
    <p class='ocr_par' dir='ltr' id='par_1_8' title="bbox 104 4413 1204 4524">
     <span class='ocr_line' id='line_1_31' title="bbox 104 4413 1204 4524; baseline 0.001 -21"><span class='ocrx_word' id='word_1_208' title='bbox 104 4447 231 4514; x_wconf 74' lang='lat' dir='ltr'><strong>(Ersdctic</strong></span> <span class='ocrx_word' id='word_1_209' title='bbox 241 4413 417 4524; x_wconf 66' lang='lat' dir='ltr'><strong>bltrhdrtydm</strong></span> <span class='ocrx_word' id='word_1_210' title='bbox 429 4473 446 4510; x_wconf 81' lang='lat' dir='ltr'><strong>a</strong></span> <span class='ocrx_word' id='word_1_211' title='bbox 458 4455 551 4523; x_wconf 74' lang='lat' dir='ltr'><strong>pccset</strong></span> <span class='ocrx_word' id='word_1_212' title='bbox 560 4455 696 4516; x_wconf 78' lang='lat' dir='ltr'><strong>slvescett,</strong></span> <span class='ocrx_word' id='word_1_213' title='bbox 710 4469 727 4504; x_wconf 85' lang='lat' dir='ltr'><strong>a</strong></span> <span class='ocrx_word' id='word_1_214' title='bbox 738 4453 820 4505; x_wconf 80' lang='lat' dir='ltr'><strong>budci</strong></span> <span class='ocrx_word' id='word_1_215' title='bbox 830 4453 881 4504; x_wconf 82' lang='lat' dir='ltr'><strong>kir.</strong></span> <span class='ocrx_word' id='word_1_216' title='bbox 892 4453 1017 4507; x_wconf 81' lang='lat' dir='ltr'><strong>kamarai</strong></span> <span class='ocrx_word' id='word_1_217' title='bbox 1026 4449 1204 4505; x_wconf 73' lang='lat' dir='ltr'><strong>leveltdrban.</strong></span> 
     </span>
    </p>
   </div>
   <div class='ocr_carea' id='block_1_7' title="bbox 520 4649 758 4664">
    <p class='ocr_par' dir='ltr' id='par_1_9' title="bbox 520 4649 758 4664">
     <span class='ocr_line' id='line_1_32' title="bbox 520 4649 758 4664; baseline -0.025 0"><span class='ocrx_word' id='word_1_218' title='bbox 520 4653 609 4664; x_wconf 54' lang='lat' dir='ltr'><strong>aua-..am</strong></span> <span class='ocrx_word' id='word_1_219' title='bbox 614 4649 690 4661; x_wconf 56' lang='lat' dir='ltr'><strong>n--ams</strong></span> <span class='ocrx_word' id='word_1_220' title='bbox 696 4653 700 4658; x_wconf 87' lang='lat'>.</span> <span class='ocrx_word' id='word_1_221' title='bbox 723 4651 741 4659; x_wconf 64' lang='lat' dir='ltr'><strong>a.</strong></span> <span class='ocrx_word' id='word_1_222' title='bbox 747 4651 758 4658; x_wconf 79' lang='grc'><strong>-</strong></span> 
     </span>
    </p>
   </div>
   <div class='ocr_carea' id='block_1_8' title="bbox 989 4747 1055 4806">
    <p class='ocr_par' dir='ltr' id='par_1_10' title="bbox 989 4747 1055 4806">
     <span class='ocr_line' id='line_1_33' title="bbox 989 4747 1055 4806; baseline -0.061 0"><span class='ocrx_word' id='word_1_223' title='bbox 989 4747 1055 4806; x_wconf 71' lang='lat' dir='ltr'><strong>lt*</strong></span> 
     </span>
    </p>
   </div>
   <div class='ocr_carea' id='block_1_9' title="bbox 0 0 1617 5188">
    <p class='ocr_par' dir='ltr' id='par_1_11' title="bbox 0 0 1617 5188">
     <span class='ocr_line' id='line_1_34' title="bbox 0 0 1617 5188; baseline 0 0"><span class='ocrx_word' id='word_1_224' title='bbox 0 0 1617 5188; x_wconf 95' lang='lat' dir='ltr'><strong> </strong></span> 
     </span>
    </p>
   </div>
  </div>
 </body>
</html>
