3162 5188
614 882 691 952 253.

79 1063 99 1128 l
107 1063 143 1128 V.
161 1062 246 1130 Baio
261 1064 364 1153 kirar'dy
379 1063 510 1152 Gcrpcly
527 1065 615 1130 Nota
622 1066 737 1150 fiderit
753 1091 772 1130 u
788 1069 846 1131 teile
861 1068 1110 1152 elcettsdlclelreit
1125 1036 1215 1133 caere·

388 1176 482 1263 lre'pcre
498 1175 533 1258 eij
547 1175 676 1241 birtodot
692 1176 805 1242 renuo.
823 1175 918 1241 1254.

197 1372 279 1438 Bela
295 1374 358 1439 Dei
383 1372 497 1458 gracia
520 1372 696 1458 Hungen‘e,
723 1373 903 1460 Dalmaeie,
930 1374 1077 1459 Croucie,
1103 1377 1215 1458 Reme,

80 1480 211 1562 Scruie,
230 1479 378 1563 Gallioie,
396 1479 587 1548 Lodomerie
598 1479 818 1565 cementoque
833 1484 902 1549 Rex
919 1482 1068 1550 omuibus
1088 1503 1216 1570 presen-

82 1595 133 1654 tes
162 1586 294 1656 litteras
320 1587 515 1674 inspecturis
540 1589 679 1656 salutem
704 1589 738 1655 in
765 1592 908 1658 omnium
932 1590 1113 1660 Saloatore.
1139 1585 1216 1677 Ipse

82 1695 195 1780 pictas
213 1717 273 1763 nos
289 1695 418 1780 inuitat,
445 1703 481 1763 rt
498 1694 663 1764 subiectos
680 1717 753 1765 cum
773 1695 993 1766 moderamine
1019 1697 1146 1766 iusticie
1169 1699 1213 1767 lo-

81 1823 235 1888 neamus,
253 1823 313 1870 nec
329 1824 350 1870 a
366 1804 471 1888 Regia
482 1803 682 1874 celsitudine
699 1804 855 1891 procedat
871 1805 1002 1888 iniuria,
1024 1804 1109 1873 vnde
1124 1807 1216 1875 nasci

82 1912 219 1980 iusticia
245 1912 422 1980 consueuit.
449 1911 501 1978 Ad
517 1913 740 1980 uniuersorum
765 1912 863 1999 igitur
887 1913 1040 1982 noticiam
1065 1915 1213 1983 volumus

82 2019 270 2107 peruenire,
298 2016 473 2102 quodcum
499 2039 559 2087 nos
583 2025 690 2088 terras
706 2019 856 2106 Gregorij
873 2019 932 2105 lilij
956 2021 1054 2106 Nata,
1079 2043 1215 2107 quarum

82 2128 221 2196 nomina
237 2132 312 2194 sunt
323 2125 460 2212 Gylrerv,
472 2130 574 2213 Poya,
586 2128 802 2214 Hotosseegh,
813 2127 1024 2215 Egerpotalra
1040 2130 1083 2197 ad
1099 2129 1216 2216 viginti

83 2235 232 2322 quinque
257 2241 368 2302 aratra
392 2234 602 2320 sufficientes,
620 2234 799 2304 existentes
825 2237 911 2304 infra
936 2245 1078 2306 castrum
1097 2239 1216 2325 Tubul,

84 2342 315 2412 mansionatas
341 2341 472 2430 quidem
488 2350 521 2410 ct
538 2344 728 2432 populosas,
754 2347 797 2412 ab
813 2345 886 2432 ipso
911 2344 1158 2431 recepissemus,
1185 2354 1218 2415 et

85 2453 129 2520 ad
145 2452 323 2520 rtilitatem
340 2451 439 2520 castri
455 2451 564 2521 Tubnl
582 2454 815 2540 perpetualiter
834 2453 1047 2539 dedissemus,
1072 2453 1217 2523 volentes

83 2581 127 2628 ex
143 2560 233 2648 olicij
251 2559 354 2629 nostri
372 2560 492 2645 debito,
519 2580 560 2627 ne
576 2561 727 2646 cuiquam
744 2582 864 2648 graues
878 2563 910 2628 in
927 2582 987 2629 sua
1005 2561 1137 2632 iusticia
1152 2562 1216 2630 eri-

84 2681 225 2752 stamus,
252 2669 286 2734 in
306 2669 530 2738 concambium
556 2670 733 2737 earundem
758 2678 917 2738 terrarum
945 2671 1031 2739 dicto
1057 2671 1216 2757 Gregorio

86 2776 152 2844 srlio
180 2776 281 2858 Nata,
303 2782 407 2844 terras
424 2777 596 2861 quasdam,
622 2777 730 2845 Lerna
755 2777 880 2846 seilicet
904 2785 937 2846 et
957 2777 1150 2864 Chemerna,
1175 2778 1217 2847 ad

86 2884 224 2971 triginta
239 2883 568 2971 aratrasulfieientes,
585 2885 666 2952 silas
683 2887 717 2953 in
730 2884 892 2955 comitatu
903 2886 1074 2976 Zemplyn,
1095 2885 1130 2954 in
1147 2885 1215 2970 qui-

88 2993 148 3061 bus
164 2993 302 3080 ltlycnta
317 2996 349 3059 ct
365 2991 540 3077 Noualyad
556 3001 656 3061 antea
671 2993 869 3076 residebant,
896 3013 1017 3062 vacuas
1035 2992 1164 3062 omnino
1184 3001 1216 3061 ct

87 3103 332 3172 habitatoribus
357 3110 520 3187 carentes,
546 3102 608 3170 sibi
625 3111 657 3171 et
673 3123 733 3190 per
758 3122 831 3170 cum
847 3104 916 3172 suis
933 3102 1108 3171 heredibus
1125 3105 1214 3171 hore·

87 3211 230 3301 dumque
246 3211 491 3281 successoribus
513 3213 707 3281 contulimus
719 3214 794 3298 jnrc
810 3219 969 3299 perpetuo
985 3211 1213 3299 possidendas,

87 3329 118 3388 et
142 3323 252 3409 ipsum
272 3321 466 3407 Gregorium
490 3321 694 3408 perfidelem
719 3327 864 3390 nostrum
884 3322 1086 3409 Myehaelem
1102 3321 1213 3389 Gemi·

88 3437 151 3498 tem
167 3433 212 3500 de
234 3431 335 3499 Serus
361 3431 395 3498 in
418 3431 662 3517 possessionem
678 3432 854 3499 earundem
872 3439 1031 3500 terrarum
1055 3430 1215 3500 introduci

87 3539 226 3607 fecimus
242 3537 454 3625 corporalem.
471 3537 617 3618 Quarum
634 3547 793 3607 terrarum
809 3543 905 3625 mete,
931 3547 1027 3628 prout
1045 3540 1133 3608 idem
1148 3540 1215 3627 llly-

89 3649 180 3717 otae]
194 3647 313 3716 Comes
329 3645 424 3714 nobis
440 3645 473 3712 in
489 3646 557 3715 suis
576 3647 694 3716 litteris
709 3646 881 3736 intimenit,
898 3649 959 3719 hoc
976 3649 1089 3718 ordine
1105 3648 1215 3717 distin·

89 3767 218 3840 guntur.
244 3756 354 3824 Prima
371 3762 458 3822 meta
482 3755 597 3842 incipit
614 3763 745 3843 aparte
770 3758 920 3826 orientali
947 3759 988 3827 de
1009 3757 1141 3827 flumine
1157 3759 1215 3825 Lo·

89 3866 199 3949 borch,
216 3872 248 3932 et
259 3864 351 3932 vadit
367 3863 411 3931 ad
421 3865 621 3951 sepulturam
631 3865 864 3952 Ruthenorum,
880 3875 914 3934 et
928 3867 975 3935 ibi
991 3873 1079 3936 tenet
1094 3873 1214 3935 metam

90 3991 159 4040 eum
175 3973 258 4040 villa
274 3975 413 4058 Peotry3
442 3979 474 4040 et
490 3973 566 4040 inde
582 3974 690 4042 reniet
706 3975 748 4042 ad
768 3975 900 4046 fluuium
917 3976 1070 4044 lezenew
1086 3974 1130 4041 ad
1146 3977 1214 4063 pla·

88 4101 161 4166 gum
188 4081 367 4166 meridiem,
394 4089 426 4150 et
448 4081 494 4150 ibi
510 4089 559 4150 est
585 4089 690 4168 metu3
718 4084 794 4154 inde
818 4106 878 4173 per
903 4085 1038 4154 fluuium
1063 4085 1215 4152 leacnerr

90 4189 195 4258 veniet
206 4189 342 4260 interim
359 4210 462 4277 usque
477 4192 619 4260 riuulum
635 4193 784 4280 Hleuna3
808 4193 885 4262 inde
896 4193 1044 4262 ascendit
1063 4192 1214 4281 superius

92 4298 131 4364 ad
147 4308 298 4386 montem,
327 4299 382 4385 qni
408 4297 527 4367 dicitur
543 4299 657 4380 Berch,
684 4306 718 4370 ct
732 4302 810 4370 inde
825 4301 918 4371 vadit
942 4322 1044 4386 usque
1060 4307 1160 4388 ceput
1175 4301 1215 4367 ri-

93 4399 156 4475 uirli
172 4409 298 4495 Henna,
326 4415 359 4474 et
384 4407 431 4474 ibi
456 4413 545 4474 tenet
570 4415 689 4476 metam
715 4430 787 4476 cum
812 4411 913 4496 Sopol
930 4408 1064 4494 Comite,
1091 4415 1123 4475 et
1139 4407 1214 4476 inde

93 4517 198 4588 reniet
213 4513 256 4584 ad
273 4523 402 4605 partem
427 4516 663 4585 occidentalem
679 4515 723 4584 ad
739 4525 838 4607 caput
860 4517 959 4588 munli
975 4518 1155 4603 Cemerua3
1181 4522 1214 4585 et

93 4621 163 4692 inde
177 4623 283 4694 tendit
299 4626 342 4694 ad
359 4633 458 4711 eaput
473 4625 579 4710 riuuli,
596 4627 652 4709 qni
668 4625 786 4700 dieitur
801 4627 997 4717 Souspotok,
1016 4633 1049 4699 et
1064 4625 1109 4695 ibi
1123 4632 1212 4694 tenet
