3210 5194
604 321 761 422 —ro-r-

106 517 191 585 inlra
206 517 253 584 ad
280 516 452 585 meridiem
468 525 500 584 et
517 553 802 568 ------
819 519 871 584 ich
889 525 921 586 et
938 553 982 568 -
999 555 1043 566 -
1060 539 1158 586 —us
1181 517 1249 586 exit

107 632 138 692 et
152 625 249 693 uadit
264 625 388 693 directe
406 624 449 692 ad
473 623 642 693 meridiem
659 631 691 693 et
707 625 857 712 peruenit
872 626 916 692 ad
940 625 1075 695 fluuium
1091 627 1249 694 maiorem

107 733 300 820 Seplancha
311 739 462 802 uocatum
482 771 764 784 —————
779 733 979 802 occidentem
990 741 1022 803 et
1039 736 1190 823 peruenit
1205 732 1249 802 ad

107 843 260 911 arborem
290 845 337 910 tul
362 862 456 910 eruce
488 842 672 929 signatam,
705 849 856 928 metaque
881 850 987 910 terrea
1018 843 1249 912 circumfusam

7 969 8 976 ¹
110 989 145 1000 -
164 988 210 1002 -
229 987 276 1000 -
295 989 333 1000 —
352 949 529 1018 reflectitur
545 951 590 1018 ad
604 957 732 1038 partem
751 990 787 1000 —
808 990 851 1001 -
869 989 911 1002 -
928 952 1079 1020 —uenit
1102 952 1145 1019 ad
1163 951 1247 1040 prio-

106 1077 174 1126 rem
189 1063 327 1145 metam,
343 1057 454 1145 ibique
467 1059 672 1127 terminatur.
687 1061 731 1126 Vt
745 1058 847 1146 igitur
862 1059 922 1128 hec
938 1066 1049 1131 nostre
1064 1063 1246 1132 concessio·

106 1167 156 1234 nis
173 1174 208 1233 et
223 1165 448 1234 restitucionis
461 1202 503 1216 -
519 1205 563 1215 -
579 1167 675 1236 salua
692 1173 724 1235 et
734 1166 928 1238 inconcussa
943 1189 1075 1256 process
1095 1209 1132 1219 -
1149 1207 1186 1218 -
1204 1209 1241 1219 -

106 1281 183 1341 neat
199 1280 373 1362 presentes
388 1273 515 1343 litteras
542 1273 763 1344 concessimus
778 1275 920 1364 duplicis
942 1277 1043 1362 sigilli
1060 1277 1162 1347 nostri
1179 1298 1245 1345 mu-

106 1383 231 1450 nimine
255 1382 439 1449 roboratas.
464 1384 586 1450 Datum
610 1383 644 1450 in
670 1383 751 1450 uilla
775 1385 903 1472 Belyga
922 1423 965 1435 -
985 1421 1027 1436 -
1042 1407 1085 1454 no
1111 1387 1247 1455 Domini

105 1491 150 1556 M·
161 1489 231 1557 00⁰
241 1489 316 1557 ΧΠ
325 1491 416 1559 11110.
442 1491 519 1558 Idus
536 1489 687 1558 Octobris
703 1491 814 1606 Regni
826 1500 936 1560 autem
951 1493 1054 1560 nostri
1070 1513 1155 1561 anno
1172 1497 1244 1562 IX⁰.

106 1688 247 1756 (liredetie
260 1686 427 1757 blirhirtyin
440 1688 612 1758 megrongilt
633 1687 801 1759 illspotbam
820 1707 838 1744 a
850 1688 1028 1759 ubres-sirga
1041 1690 1165 1744 minoren
1179 1691 1240 1760 ltlg-

247 1787 311 1847 gbtt
323 1779 417 1848 poerit
429 1781 568 1845 elvessett,
581 1795 599 1832 a
611 1781 694 1834 budsl
707 1783 759 1834 kir.
773 1783 897 1834 kamarai
912 1779 1103 1851 lertltirban).

644 2537 724 2606 loo.

107 2718 129 2783 Ι
133 2719 167 2786 V.
178 2720 262 2786 Belo
277 2719 445 2806 lirdlyaulc
456 2699 545 2788 dour
559 2719 730 2806 odffdldje't
747 2719 809 2785 Vos
823 2721 986 2806 meppobea
996 2701 1149 2808 tdrpyirzo
1167 2720 1244 2786 ado-

195 2833 317 2915 mctnyu
332 2852 353 2892 u
373 2825 469 2893 Cicera
483 2828 712 2914 cemzetsepbeli
725 2827 859 2892 eunucu
873 2832 1030 2896 eadmero.
1056 2827 1154 2892 1244.

216 3023 300 3091 Bela
315 3025 379 3091 Dei
404 3024 520 3110 gracia
535 3021 714 3110 Hungarie,
740 3024 922 3111 Dalmseie,
938 3023 1105 3108 Obroacie,
1131 3026 1242 3111 name,

7 3113 8 3122 ἶ
107 3133 235 3219 Seruis,
254 3131 404 3222 Gallioie,
422 3134 617 3203 Lodomerie
627 3134 848 3220 Cumanieqne
863 3136 934 3201 Rex
949 3132 1108 3200 uniuersis
1124 3133 1245 3201 Christi

7 3279 8 3300 ἢ
107 3240 263 3309 fidelibus
289 3241 494 3328 presencium
521 3240 675 3310 noticiam
699 3241 861 3310 habituris
886 3242 1027 3309 salutem
1051 3240 1085 3306 in
1110 3258 1159 3326 eo,
1188 3240 1245 3325 qui

7 3509 9 3656 l

7 3811 8 3832 κ
112 3783 218 3870 ipsius
234 3783 341 3867 Regni
367 3784 515 3870 continijs
532 3786 576 3852 sit
591 3785 769 3872 prouisum.
795 3783 936 3854 Proinde
952 3782 995 3850 ad
1018 3782 1245 3851 uniuersorum

106 3351 257 3434 Regibus
272 3350 331 3419 dat
347 3351 496 3420 salutem.
516 3349 554 3418 In
566 3358 694 3440 partem
710 3350 796 3419 cedit
810 3348 1042 3419 sollicitudinis
1059 3357 1179 3434 nostre,
1196 3349 1245 3416 sic

108 3457 236 3526 nostris
247 3455 409 3546 fidelibus,
427 3457 570 3526 maxime
584 3459 673 3526 cirea
689 3457 827 3527 confinia
837 3456 1122 3542 commorantibus,
1138 3454 1245 3544 quiin

109 3572 225 3636 nostro
241 3566 381 3636 seruicia
408 3568 602 3653 sanguinem
619 3565 812 3654 effuderunt,
839 3575 872 3635 et
887 3567 1047 3653 frequenti
1066 3565 1174 3634 studio
1191 3565 1246 3632 du·

110 3675 175 3759 bijs
203 3674 338 3743 casibus
364 3693 400 3742 se
415 3682 593 3763 exponunt,
619 3699 679 3764 pro
699 3677 823 3745 meritis
843 3675 1025 3764 prouidere,
1052 3681 1087 3742 ut
1102 3695 1161 3763 per
1184 3674 1246 3741 hoc

108 3897 177 3956 tam
192 3890 410 3977 presencium,
437 3912 534 3978 quam
551 3899 755 3979 posterorum
780 3892 936 3960 noticiam
950 3892 1066 3958 harum
1089 3889 1175 3958 serie
1191 3907 1245 3954 no·

7 4033 8 4084 t
108 3998 217 4066 lamus
228 3998 412 4085 peruenire,
430 4000 518 4083 quod
534 4020 593 4067 nos
610 4000 755 4068 fidelium
767 3998 983 4086 seruiencium
1003 4005 1187 4065 nostrorum
1203 3994 1244 4061 de

111 4125 232 4190 genere
248 4105 350 4174 Ohem
375 4107 525 4192 seruicia,
554 4129 617 4193 que
633 4109 728 4178 nobis
752 4109 786 4175 in
812 4105 941 4176 tuendis
967 4104 1115 4189 confiniis
1130 4103 1246 4172 Ferrei

7 4245 9 4266 ι
111 4210 221 4280 (taetri
246 4213 398 4299 diligenti
423 4214 531 4282 studio
557 4215 785 4303 inpenderunt,
812 4212 1078 4282 consideracione
1103 4211 1247 4279 sollicita
1304 4245 1310 4257 ·

7 4349 8 4376 r
111 4319 287 4407 intuentes,
314 4322 422 4389 locum
437 4321 539 4407 illum,
566 4324 621 4408 qui
638 4323 756 4392 dicitur
770 4322 899 4405 Orwar,
925 4320 981 4387 ubi
998 4319 1177 4404 antiquitus
1195 4338 1247 4384 ea·

7 4463 8 4506 3
112 4437 215 4498 strum
230 4429 336 4496 luisse
360 4429 541 4518 dicebatur,
558 4431 676 4501 comiti
692 4430 770 4502 blod
796 4451 867 4499 cum
883 4429 951 4496 lilio
979 4446 1038 4495 suo
1053 4428 1190 4509 Thomu,
1214 4433 1247 4494 et

7 4525 8 4528 '
112 4537 263 4623 Martino,
280 4539 380 4622 Mire,
398 4535 568 4626 Siluestro,
594 4539 615 4608 J
618 4543 750 4628 acobsa,
768 4538 947 4622 Hertenigo
972 4542 1004 4602 et
1019 4535 1179 4619 Rolando,
1196 4553 1247 4601 ou·

112 4643 163 4710 ius
179 4651 307 4730 patrem
322 4645 452 4712 nominc
468 4647 662 4737 Rolandum,
684 4657 716 4719 et
731 4652 932 4736 Seyrvretum
949 4650 1075 4730 patrem
1091 4641 1169 4710 dieti
1186 4641 1246 4707 Sil·

160 4781 263 4820 nonus.
281 4781 366 4820 unsa.
384 4781 454 4819 srsr.
474 4794 510 4806 -
530 4785 601 4823 nrrr..
619 4781 652 4821 ra.
1048 4761 1084 4818 11
