3186 5188
887 951 964 1020 181.

361 1140 385 1204 Ι
389 1137 422 1205 V.
439 1136 518 1202 Be'lo
533 1131 700 1219 kirdlpnnk
715 1131 849 1196 Lora-ud
865 1131 968 1196 nudor
983 1139 1013 1196 ἐι
1031 1156 1050 1197 α
1067 1132 1175 1198 Buccis
1196 1135 1433 1221 uemzetse'pbds‘
1458 1156 1514 1197 ne-

360 1246 457 1312 meeek
467 1246 536 1310 istst
550 1243 693 1328 &conpos
709 1241 1014 1306 tissokctoutdzcora
1030 1241 1196 1308 vonatkozo'
1214 1243 1514 1330 delyberdrupydso.

878 1347 974 1412 1248.

470 1547 551 1614 Beis
567 1546 630 1615 Dei
654 1545 770 1630 gracia
794 1543 974 1628 Hungsrie,
998 1543 1180 1624 Dnimucie,
1207 1543 1353 1626 Crouciq
1380 1544 1508 1626 Rome,

364 1657 487 1742 Seruio,
506 1653 659 1736 Gallicie‚
671 1650 877 1733 Lodomerie,
895 1649 1116 1733 Cumanieque
1127 1650 1358 1716 Rexomuiitus
1372 1648 1510 1716 Christi

362 1764 518 1832 fidelibus
534 1767 719 1848 presentem
735 1757 893 1844 peginam
913 1756 1109 1841 inspecturis
1134 1758 1274 1824 salutern
1292 1757 1325 1823 in
1342 1757 1508 1825 Domino.

366 1871 462 1953 Quod
476 1869 577 1936 semei
593 1863 767 1932 iudiciario
784 1864 896 1930 ordine
910 1863 1055 1946 legitime
1070 1861 1237 1948 diffinitur,
1252 1863 1381 1931 firmum
1397 1863 1508 1932 debet

365 1985 398 2044 et
413 1979 642 2044 inconcussum
659 1990 861 2059 permanere,
889 1976 921 2038 et
937 1989 978 2036 ne
993 1969 1027 2036 in
1044 1969 1187 2037 recidiue
1206 1972 1387 2054 questionis
1404 1993 1504 2040 scru-

365 2085 477 2172 pulum
494 2084 672 2164 relabatur,
699 2079 893 2148 auctoritate
907 2078 1060 2146 conuenit
1075 2079 1180 2165 Regin
1196 2078 1392 2147 confirmari.
1412 2081 1507 2146 Hinc

366 2198 426 2275 est,
452 2190 540 2272 quod
555 2188 599 2255 od
616 2189 838 2256 uniuersorum
855 2187 1010 2253 noticiam
1025 2185 1141 2252 hurum
1158 2187 1243 2254 serie
1257 2187 1411 2254 volumus
1427 2185 1505 2271 per·

367 2299 490 2382 uenire,
506 2297 593 2380 quod
608 2294 801 2363 accedentes
817 2294 861 2361 ud
876 2301 1020 2361 nostram
1036 2295 1239 2380 presenciam
1254 2294 1430 2361 Lorandus
1440 2295 1506 2360 Pa·

364 2405 489 2472 ictinus
506 2410 538 2472 et
554 2403 669 2472 Comes
685 2402 897 2470 Posoniensis
921 2405 964 2469 ob
984 2421 1051 2468 vna
1065 2409 1166 2487 parte,
1194 2401 1310 2486 odola,
1329 2401 1441 2469 Oineiir
1470 2409 1507 2468 et

367 2513 480 2582 Bouch
495 2511 554 2597 fiiij
570 2510 681 2577 Bcnoh
697 2510 739 2577 de
756 2529 877 2596 genere
893 2509 1005 2578 Bonch
1023 2508 1106 2576 Boni
1123 2529 1165 2576 ex
1180 2512 1295 2593 ultera,
1315 2511 1505 2596 personali-

367 2629 418 2688 ter
433 2638 542 2686 corum
559 2617 653 2685 nobis
679 2617 865 2702 constituti;
892 2614 1093 2700 quiquidem
1124 2615 1229 2683 Odoin
1244 2635 1316 2684 cum
1340 2616 1507 2684 iratribus

368 2727 436 2795 suis
453 2725 594 2793 confessi
620 2733 696 2792 sunt
712 2727 845 2793 oraculo
861 2725 935 2793 vioe
950 2727 1051 2811 vocis,
1069 2724 1156 2808 qnod
1180 2723 1340 2806 quasdem
1365 2744 1503 2810 posses-

369 2835 480 2900 siones
505 2851 582 2900 snus
606 2831 823 2900 hereditarius
847 2831 974 2917 Goigoe
999 2840 1032 2898 ct
1056 2833 1182 2898 Pethns
1205 2830 1239 2895 in
1265 2829 1432 2898 Oomitstu
1458 2831 1505 2896 de

368 2941 479 3025 Posgu
503 2938 586 3026 (igy,
603 2939 731 3024 Posegu
746 2936 883 3026 heiyett)
900 2939 1079 3006 existentes
1094 2938 1198 3006 eidem
1223 2935 1376 3004 iurando
1401 2937 1503 3004 Pais-

367 3045 436 3112 tinc
461 3067 519 3132 pro
537 3045 778 3132 quatuorcentis
795 3043 912 3112 marcis
928 3044 1172 3129 vendidissent3
1189 3043 1385 3111 Benedictus
1411 3045 1506 3111 scili-

370 3160 432 3239 cet,
458 3153 543 3220 Borh
560 3152 676 3236 dictus,
692 3152 864 3220 Marcellus
880 3161 913 3218 et
927 3152 1070 3220 iiichuel
1084 3151 1144 3218 iiiii
1160 3151 1220 3237 sui,
1246 3153 1301 3237 qui
1319 3153 1505 3238 personeti-

369 3266 420 3326 ter
434 3258 556 3325 ibidem
573 3277 684 3326 coram
699 3259 794 3327 nobis
809 3266 969 3344 asturum,
986 3267 1053 3325 tum
1069 3281 1127 3346 pro
1143 3278 1190 3343 se,
1206 3278 1304 3342 quum
1319 3257 1426 3326 ocium
1439 3279 1504 3344 pro

369 3365 447 3452 iiiijs
461 3365 530 3432 sois
547 3365 735 3448 minoribus,
757 3367 905 3434 similiter
922 3368 963 3434 de
979 3386 1100 3451 genere
1116 3365 1260 3433 eiusdem
1275 3365 1388 3432 Bouch
1403 3365 1501 3449 Boni,

371 3471 512 3540 eundem
529 3471 668 3538 Ouinium
685 3478 718 3539 et
732 3472 849 3540 fratres
867 3494 943 3542 snos
960 3473 1167 3559 supradictos
1182 3495 1203 3541 a
1219 3473 1411 3541 vendicione
1426 3493 1501 3559 pre·

372 3579 457 3646 dicte
470 3585 566 3662 terre,
583 3579 732 3646 similiter
753 3580 890 3648 eundem
901 3581 1086 3648 Lorcndnm
1103 3582 1289 3652 Palatinum
1305 3580 1347 3645 nb
1359 3579 1502 3666 empcio-

372 3704 413 3752 ne
432 3685 675 3771 possessionum
701 3688 950 3771 antedictorum,
976 3707 1078 3754 ceusu
1092 3687 1310 3772 proximitatis
1335 3706 1393 3754 sen
1410 3706 1501 3755 oom-

371 3792 565 3860 metucionis
591 3812 631 3860 uc
655 3793 833 3861 vicinitatis
855 3795 1088 3879 prohibuerunt
1112 3803 1144 3860 et
1158 3794 1389 3878 inhibuerunt3
1418 3795 1501 3879 quic

373 3899 603 3988 possessiones
618 3902 863 3985 prenominatus
884 3902 990 3968 dictus
1006 3901 1113 3968 Odoin
1128 3909 1162 3968 et
1175 3901 1293 3968 iratres
1318 3901 1370 3969 sni
1385 3921 1502 3988 preno

373 4006 497 4091 minati,
523 4005 628 4074 eidem
643 4006 794 4073 Lorendo
811 4006 962 4075 Palatino
982 4007 1128 4091 legitime
1144 4015 1177 4074 et
1192 4007 1304 4074 ordine
1324 4007 1503 4093 judiciario

369 4115 514 4180 vendere
530 4133 588 4182 sen
604 4114 734 4180 trudere
749 4133 814 4180 non
831 4121 974 4200 possent,
996 4115 1075 4197 quis
1091 4114 1196 4198 magis
1213 4134 1252 4181 eo
1268 4115 1375 4195 magis
1392 4112 1500 4182 eidem

371 4217 549 4288 Benedioto
567 4229 598 4288 et
613 4219 691 4303 fiiijs
718 4219 786 4286 suis
801 4219 939 4304 prefatis
958 4228 1185 4306 congruerent,
1212 4221 1296 4287 sicut
1305 4221 1379 4304 J'um
1396 4219 1504 4290 dictus

371 4327 599 4414 possessiones
615 4346 692 4394 suas
709 4344 782 4394 esse
798 4327 1013 4396 hereditarius
1029 4335 1248 4411 assernerunt,
1275 4334 1307 4394 ct
1323 4327 1501 4394 secundnm

372 4433 639 4502 consuetudinem
649 4434 755 4520 Regni
764 4435 978 4520 approbatam
990 4455 1099 4501 eornm
1112 4441 1224 4501 nostru
1233 4433 1408 4517 Modestote
1424 4452 1501 4500 enn-

373 4541 448 4609 dem
458 4540 645 4608 Lorundnm
656 4543 843 4611 Palatinum
855 4540 1072 4628 deueciersnt,
1090 4542 1177 4628 quod
1193 4542 1318 4624 absque
1331 4540 1502 4608 voluntate

371 4653 408 4713 et
419 4647 490 4715 sine
504 4648 716 4734 permissione
733 4649 909 4718 eorundem
925 4647 1030 4717 dictus
1039 4648 1263 4736 possessiones
1279 4647 1364 4714 idem
1380 4647 1501 4716 Luran-
