3210 5194
840 333 997 434 —ma-

352 512 540 600 pensionem
558 512 591 578 in
607 513 755 580 terminis
772 513 815 578 ad
831 514 894 581 hoc
910 513 1062 600 superins
1079 513 1253 599 deputatis.
1273 511 1379 595 Quam
1396 513 1487 584 soln-

352 622 476 688 cionem
494 620 522 686 si
538 619 685 706 prelatus
701 619 859 705 Magister
874 620 992 706 Adam,
1016 622 1072 687 uel
1087 623 1157 688 eius
1173 622 1310 691 heredes
1334 625 1486 708 neglige-

351 734 431 814 rent,
460 729 514 794 uel
530 728 614 795 alias
630 728 664 794 in
690 727 879 815 prescriptis
903 727 1049 795 terminis
1075 727 1184 796 facere
1200 738 1400 817 recusarent,
1424 733 1484 798 uel

351 856 432 922 opus
447 837 513 902 iam
530 835 651 902 dictum
667 840 789 902 statuto
806 843 952 923 tempore
967 856 1033 903 non
1049 835 1258 924 conplerent3
1278 839 1348 926 ipse
1365 845 1398 905 et
1412 839 1484 924 ipsi

352 943 487 1010 heredes
503 947 621 1009 extunc
645 940 815 1030 priuentur
829 941 898 1008 iure
913 942 1059 1028 predicte
1074 943 1314 1030 conduccionis,
1341 944 1483 1012 licitum·

351 1070 414 1136 quc
429 1050 472 1119 sit
486 1050 581 1118 nobis
596 1050 630 1116 in
647 1050 784 1117 alteram
812 1069 1037 1135 quamcunque
1052 1051 1249 1118 noluerimus
1266 1058 1393 1138 partem
1409 1071 1484 1137 pre·

350 1159 471 1225 dictam
486 1157 664 1225 transferre
676 1157 888 1241 lccacionem,
905 1165 940 1224 et
953 1157 1181 1226 nichilominus
1197 1159 1261 1244 ipsi
1277 1158 1322 1224 ad
1332 1159 1481 1243 dampna

351 1273 382 1332 et
397 1266 749 1334 interesseteneantur.
767 1265 863 1330 Dicta
878 1273 987 1332 autem
998 1265 1137 1350 edificia,
1155 1266 1185 1332 si
1204 1266 1316 1350 aliqua
1331 1265 1481 1350 indigue·

350 1375 415 1440 rint
440 1373 664 1459 reparatione,
681 1372 724 1437 ab
741 1371 799 1437 illa
814 1372 877 1456 die,
904 1391 969 1455 qua
988 1373 1153 1458 completa
1178 1378 1280 1457 erunt,
1305 1393 1410 1458 usque
1434 1372 1483 1437 ad

349 1485 445 1549 finem
461 1481 608 1548 vicesimi
624 1480 711 1566 anni,
728 1477 816 1546 idem
831 1479 989 1563 Magister
1004 1479 1111 1546 Adam
1127 1482 1179 1546 uel
1197 1482 1267 1548 eius
1284 1481 1420 1548 heredes
1437 1500 1482 1546 ea

349 1589 492 1675 proprijs
509 1587 662 1675 expensis
688 1588 1026 1672 reficereteneantu1·;
1043 1593 1075 1652 ct
1091 1587 1119 1654 si
1134 1587 1211 1672 igne
1232 1587 1375 1674 proprio,
1391 1587 1483 1671 quod

349 1698 446 1782 absit,
464 1702 687 1780 exurerentur,
714 1695 863 1761 similitor
880 1715 922 1761 ea
938 1695 1079 1781 propriis
1096 1696 1250 1781 expensis
1266 1695 1421 1763 reficiant.
1443 1695 1483 1761 Si

348 1825 426 1872 uero
443 1805 519 1889 igne
535 1803 654 1888 alieno,
681 1804 736 1868 uel
751 1803 890 1870 hostium
910 1803 1032 1869 insultu
1048 1803 1307 1890 deputarentur,
1333 1809 1411 1870 tnnc
1426 1823 1482 1870 su·

349 1933 409 1998 per
423 1912 636 2000 reparacione
650 1929 762 1976 eorum
777 1911 883 1994 Regni
894 1910 1102 1977 consuedudo
1119 1907 1205 1998 (lgy)
1225 1913 1424 1978 obseruetnr.
1441 1910 1482 1976 Si

351 2026 460 2086 autem
485 2020 634 2087 omnibus
660 2016 857 2105 supradictis
873 2017 935 2084 rite
959 2017 1111 2103 peractis,
1136 2018 1303 2105 sepefatus
1318 2020 1482 2102 Magister

219 2205 220 2210 ἵ
350 2129 468 2214 Adam,
485 2127 539 2194 uel
554 2128 624 2193 cius
640 2126 776 2192 heredes
792 2126 939 2211 legitimi,
959 2128 1121 2213 completo
1137 2133 1282 2213 tempore
1295 2126 1479 2213 sepenomi-

348 2241 426 2301 nate
452 2233 641 2316 lccacicnis‚
657 2232 775 2317 viginti
799 2253 957 2300 annorum
983 2232 1145 2317 videlicet,
1173 2232 1396 2319 supradictam
1422 2233 1478 2299 do

346 2360 434 2407 mum
451 2360 524 2406 cum
551 2338 711 2405 edificatis
727 2339 761 2404 in
777 2337 851 2424 ipsa
876 2339 918 2405 de
933 2359 1018 2406 nouo
1035 2338 1250 2407 reconducere
1273 2340 1404 2407 anobis
1421 2360 1480 2407 uo·

345 2449 484 2534 luerint3
509 2446 685 2515 bonafide
710 2445 929 2531 promittimus
953 2445 1059 2514 eidem
1074 2449 1234 2534 Magistro
1250 2449 1332 2535 Ade,
1357 2469 1416 2514 suo
1443 2453 1478 2513 et

345 2553 501 2623 heredum
527 2573 658 2620 suorum
683 2552 816 2620 nomine
841 2553 1022 2640 stipulanti,
1048 2555 1135 2638 quod
1155 2575 1214 2642 pro
1239 2575 1280 2621 ea
1306 2555 1476 2640 pensione,

346 2685 444 2748 quam
470 2669 548 2729 tunc
563 2661 683 2746 aliquis
708 2660 794 2728 alius
810 2661 987 2728 conductor
1005 2661 1145 2748 offerret,
1172 2663 1286 2729 nonin
1311 2661 1474 2746 fraudem,

345 2771 427 2857 ipsis
454 2769 569 2837 eadem
594 2769 813 2852 relinquemus
842 2775 874 2834 et
897 2769 1088 2854 locabimus,
1121 2770 1260 2855 quilibet
1284 2767 1369 2857 (lgy)
1396 2770 1473 2836 aliis

345 2878 594 2948 conductoribus
611 2896 667 2944 eus
683 2884 838 2961 quantum
850 2877 894 2944 ad
909 2877 970 2943 hoc
986 2878 1206 2962 preponendo.
1227 2880 1268 2945 Et
1283 2878 1313 2945 si
1328 2878 1401 2963 ipse
1418 2879 1472 2946 uel

344 2989 414 3056 eius
429 2985 568 3056 heredes
593 2993 669 3052 tunc
683 2986 809 3052 nollent
827 2985 947 3052 dictam
963 2984 1095 3051 domum
1118 2983 1346 3073 reconducere,
1371 2993 1470 3072 prout

343 3098 409 3164 iam
435 3095 556 3162 dictum
572 3099 642 3178 est;
668 3091 768 3158 liceat
782 3091 878 3159 nobis
904 3091 999 3158 alteri
1014 3112 1153 3177 persone
1177 3113 1250 3160 eam
1275 3094 1386 3161 locare
1409 3114 1473 3178 pro

342 3210 452 3272 nostre
466 3203 561 3270 libito
576 3201 765 3270 voluntatis.
791 3202 884 3266 litut
899 3219 1034 3285 presens
1056 3206 1242 3268 contractus
1258 3202 1358 3268 robur
1371 3200 1468 3267 firmi-

342 3312 421 3380 tatis
438 3312 594 3396 obtineat,
620 3316 790 3397 presentes
806 3308 934 3376 litteras
949 3307 1052 3393 sigilli
1067 3309 1170 3393 nostrj
1194 3307 1344 3375 dedimus
1367 3309 1471 3375 muni-

342 3421 430 3487 mine
437 3420 621 3502 roboratas,
637 3424 672 3482 et
686 3417 729 3484 ad
745 3417 907 3483 cautelam
920 3416 1106 3483 consimiles
1121 3436 1194 3484 curn
1205 3416 1349 3485 alfabeto
1366 3437 1471 3503 penes

343 3545 404 3594 nos
421 3525 620 3592 retinuimus.
636 3523 752 3590 Actum
769 3524 924 3609 Strigonij
945 3523 980 3589 in
996 3523 1137 3590 ecclesia
1156 3523 1267 3589 Sancti
1283 3522 1469 3610 Adalberti,

342 3655 427 3702 anno
445 3633 613 3700 Dominice
629 3630 872 3698 Inoamacionis
891 3629 1064 3698 millesimo
1090 3631 1314 3699 ducentesimo
1330 3632 1472 3715 quadra-

342 3742 466 3828 gesimo
491 3738 644 3826 secundo,
670 3757 781 3806 mansa
805 3736 967 3824 Octobris,
994 3738 1027 3804 in
1052 3737 1137 3806 festo
1164 3739 1276 3806 Sancti
1295 3738 1468 3806 Michaelis

340 3849 548 3937 Archangeli.

653 3957 683 4022 A
773 3955 800 4022 B
891 3957 917 4021 (l
1006 3955 1037 4020 D
1127 3955 1154 4021 M

445 4153 496 4224 (Aa
508 4155 609 4208 eredeti
622 4151 689 4208 utin
701 4155 797 4207 Knaua
809 4150 928 4218 Mindor,
941 4155 1056 4219 Magyar
1069 4151 1134 4206 Sion
1147 4153 1183 4202 11.
1196 4149 1253 4205 kat.
1267 4153 1327 4203 621.
1342 4149 1372 4219 l.)

770 4477 1028 4492 u———u——ddh
