3162 5188
634 923 713 1020 eus.

106 1129 246 1196 Roland
261 1128 385 1195 bdnnuk
400 1129 546 1217 Guubysa
573 1131 731 1196 dirtolrdru
748 1131 916 1196 uonutdozo'
939 1133 1034 1197 testea
1050 1132 1166 1198 Ldszlo'
1184 1133 1243 1198 Rs-

196 1236 393 1320 nolduolcfia
410 1243 440 1302 e's
456 1239 585 1324 Gydrpp
602 1261 698 1303 comes
714 1238 957 1321 Mdrdczuukfia
972 1238 1048 1303 ludat
1064 1237 1160 1304 1253.

241 1433 411 1505 Rolandus
433 1439 544 1504 Banns
570 1436 675 1504 tocius
701 1435 876 1504 Solanonie
901 1437 1050 1504 omnibus
1076 1441 1244 1524 presentes

106 1538 243 1606 litteras
268 1543 465 1630 inspecturis
490 1546 640 1613 salutem.
666 1543 880 1613 Uninersitati
903 1545 1046 1611 omnium
1062 1543 1245 1629 significan·

108 1645 192 1713 dum
210 1649 362 1718 duximus
387 1653 592 1741 presencium
611 1660 841 1739 pertenuem,
866 1652 954 1737 quod
978 1673 1051 1720 eum
1067 1650 1243 1717 ladizlaus

106 1755 199 1822 filius
212 1757 351 1825 Renoldi
361 1779 459 1846 super
469 1761 689 1846 occupacione
701 1767 734 1826 et
747 1765 904 1826 metarum
916 1760 1140 1828 destruccione
1158 1768 1245 1826 terre

107 1860 270 1950 Gurbysa
285 1886 345 1952 per
360 1867 561 1955 Stephanum
578 1869 703 1935 Bannm
721 1869 773 1954 pie
798 1866 1037 1935 recordacionis
1052 1867 1169 1934 Scema
1186 1866 1243 1934 Go-

107 1969 181 2038 miti
200 1975 332 2061 collate,
358 1982 391 2042 et
415 1976 622 2063 postmodum
646 1995 704 2061 per
726 1975 919 2060 Magistjr
945 1974 1117 2043 Nicolaum
1141 1977 1243 2043 tilium

108 2079 261 2150 eiusdem
278 2093 311 2151 et
325 2083 442 2153 iratres
458 2104 535 2152 suos
552 2084 617 2170 ipsi
627 2083 784 2152 Ladinlao
799 2083 930 2169 tradite,
948 2082 1126 2168 Georgium
1137 2082 1243 2152 Gumi-

107 2195 176 2254 tem
194 2189 298 2257 filium
315 2191 463 2276 Maurioij
480 2191 525 2258 ad
550 2196 695 2257 nostram
712 2198 883 2257 euocatum
909 2191 1110 2277 presenciam
1128 2210 1243 2259 conue-

108 2296 238 2382 nisset;
255 2297 339 2366 idem
352 2299 469 2368 (tomes
480 2281 640 2382 Georgius
657 2320 675 2366 e
692 2317 848 2367 conuerso
866 2299 1042 2384 respondit,
1060 2299 1146 2382 quod
1156 2303 1243 2366 terra

108 2403 218 2490 ipsius
235 2405 295 2472 sub
322 2407 420 2473 certis
445 2407 539 2473 metis
556 2425 576 2470 a
593 2413 680 2472 terra
696 2405 852 2492 Gurbysa
866 2413 954 2472 esset
980 2403 1022 2472 ab
1044 2405 1178 2489 antiquo
1194 2423 1242 2472 se·

109 2519 234 2599 parata
251 2520 284 2580 et
299 2515 464 2602 distincta,
490 2517 609 2602 etipse
626 2516 687 2581 sub
704 2513 888 2581 huiusmodi
914 2513 1009 2604 metis
1034 2514 1190 2580 terminos
1210 2515 1243 2578 et

111 2621 349 2690 distincciones
365 2633 521 2691 metarum
532 2643 666 2692 suarum
682 2623 753 2689 sine
770 2622 1030 2690 contradictione
1040 2621 1152 2706 aliqua
1167 2621 1240 2688 hac·

109 2733 209 2794 tenus
226 2728 446 2816 possedisset;
469 2751 566 2817 super
583 2749 720 2816 quarum
736 2737 823 2796 statu
840 2734 873 2794 et
888 2729 972 2796 serie
988 2749 1046 2815 per
1062 2748 1120 2794 nos
1138 2727 1242 2811 requi·

110 2837 206 2921 situs,
235 2837 360 2904 nnllum
376 2839 480 2924 potuit
506 2839 740 2904 munimentum
766 2857 824 2903 seu
843 2834 1051 2922 priuilegium
1076 2835 1240 2904 exhibere.

111 2943 290 3012 Ladinlans
308 2952 416 3012 autem
443 2951 633 3032 prenotatur
649 2965 749 3032 super
765 2950 853 3011 certa
868 2940 1060 3010 habitudine
1082 2949 1115 3008 et
1131 2943 1241 3010 obten-

113 3051 208 3118 eione
235 3058 320 3119 terre
340 3052 525 3139 supradicte
550 3052 676 3120 litteras
702 3051 815 3117 ordine
837 3049 1007 3117 iudiciario
1033 3068 1131 3135 snper
1155 3049 1241 3120 facto

113 3157 220 3243 ipsius
245 3168 329 3227 terre
354 3169 467 3228 contra
490 3159 651 3246 prefatum
677 3157 854 3241 Georgium
879 3154 1036 3224 Gomitem
1059 3174 1240 3242 processus,

115 3277 147 3336 et
162 3269 374 3357 priuilegium
401 3267 479 3333 dicti
498 3267 546 3334 St.
567 3265 650 3334 Bani
675 3264 769 3332 nobis
792 3263 995 3351 presentanit
1019 3264 1118 3329 talem
1144 3264 1242 3332 conti·

114 3397 195 3444 nens
209 3381 359 3444 tenorem
376 3378 408 3440 et
423 3393 632 3460 processum:

223 3483 293 3551 Nos
310 3483 495 3568 Stephanus
512 3483 575 3548 stb.
595 3480 806 3567 (herethezik
822 3483 934 3547 Istvtn
954 3477 1087 3546 htnnak
1107 3477 1242 3548 luel-ki

116 3592 295 3679 okmtnya,
312 3591 394 3659 mint
410 3590 541 3658 fentebb
557 3591 634 3659 228.
652 3609 695 3656 sz.
714 3588 761 3675 a.)

224 3701 294 3768 Nos
310 3698 409 3784 igitur
434 3699 601 3766 intellecta
617 3698 702 3766 serie
727 3697 831 3784 ipsius
848 3695 1013 3784 priuilegij
1040 3695 1242 3784 sepedictum

121 3806 278 3876 Comitem
295 3806 471 3891 Georgium
496 3805 737 3893 requisiuimus‚
762 3805 793 3873 si
808 3804 1043 3874 contradiceret
1057 3804 1122 3890 ipsi
1145 3805 1242 3891 priui-

118 3915 202 4003 legio
221 3925 254 3986 et
269 3915 388 3984 litteris
405 3913 578 3983 antedictis
593 3932 655 3982 nee
669 3935 729 3999 ne;
748 3915 802 4000 qui
817 3915 852 3982 in
862 3915 951 3983 nullo
969 3912 1056 3979 dieto
1066 3913 1241 4000 priuilegio

119 4024 226 4093 extitit
242 4023 471 4107 contradictor,
489 4020 548 4090 sed
557 4023 671 4110 pocius
681 4022 872 4090 iustificanit
887 4027 919 4090 et
928 4041 987 4108 per
1006 4021 1243 4108 omnisappro·

119 4131 210 4200 benit
235 4129 439 4219 acceptando
464 4133 541 4198 uiua
565 4151 656 4202 noce.
682 4131 777 4198 Vnde
800 4151 861 4198 nos
886 4129 1052 4198 mediante
1076 4127 1243 4196 sentencia

120 4241 276 4310 nobilium
302 4238 611 4306 circumsedencinm
635 4258 694 4326 per
710 4237 893 4307 Johannem
918 4236 1021 4304 filium
1036 4235 1168 4304 Henrici
1187 4235 1242 4302 ho

120 4347 237 4416 minem
262 4351 409 4414 nostrum
433 4344 612 4413 secundum
636 4343 774 4414 sormam
799 4341 921 4432 prefati
945 4343 1098 4429 priulegij
1122 4347 1260 4410 terram·

121 4455 274 4536 antedicti
290 4451 500 4540 Gnrhysade
516 4453 611 4520 metis
635 4451 678 4518 ad
694 4455 798 4518 metas
814 4449 1012 4518 reambulari
1036 4447 1185 4532 fecimus,
1210 4455 1243 4518 et
1285 4451 1286 4454 ’

122 4561 210 4647 ipsas
234 4567 362 4629 ueteres
395 4567 499 4628 metas
524 4557 669 4628 eiusdem
693 4567 778 4626 terre
804 4559 989 4626 destructas
1013 4576 1072 4645 per
1102 4551 1242 4624 eundem

122 4667 294 4760 Georgium
323 4670 481 4738 Comitem
506 4677 538 4740 et
564 4668 749 4740 combustas
775 4666 949 4740 ordinatim
964 4661 1135 4754 renouari3
1162 4661 1242 4734 assi·

1016 4783 1081 4846 28*
