3162 5188
575 328 734 428 *spe-

64 530 312 616 presbiterum
337 527 578 596 Sibenioensem
603 526 732 595 nomine
748 523 981 609 Stetimerinm,
1009 523 1096 607 quod
1111 523 1218 609 ipsum

61 639 277 707 corroboret
293 659 367 706 eum
384 635 503 722 sigillis
519 643 729 719 utrorumque
747 635 931 722 Oiuitstum,
951 639 983 700 et
999 651 1071 700 oum
1088 631 1216 716 nostris,

59 747 126 832 qui
158 749 202 812 in
229 748 291 814 hoe
316 763 428 814 sumus
452 743 584 828 negotio
612 743 727 809 arbitri
754 742 939 826 eonstitnti3
975 736 1128 806 videlieet
1154 739 1217 804 mei

60 854 225 923 Vidonis
241 851 472 940 lhegunensis
489 851 677 934 Potestetis,
703 870 742 916 oo
758 852 822 918 mei
838 849 956 917 Daniel
972 847 1107 916 (lomitis
1125 847 1217 914 Sibe·

60 964 242 1032 nieensis.
260 963 376 1029 Actum
391 969 442 1029 ost
457 961 518 1027 hoe
534 957 731 1026 iuSibeuioo
748 979 834 1027 enno
846 958 978 1025 Domini
996 958 1094 1026 1250.
1112 953 1217 1024 ludie-

63 1074 169 1140 tione
190 1075 227 1140 9.
244 1071 363 1138 mensis
379 1068 530 1138 Octobris
548 1071 599 1137 15.
618 1070 672 1138 die
688 1073 828 1136 oronte.
846 1069 887 1135 llt
903 1065 964 1135 hee
982 1066 1093 1133 omnis
1106 1083 1217 1152 suprs-

62 1179 169 1249 dieto
189 1180 239 1249 sd
254 1182 409 1249 honorem
425 1177 547 1248 domini
566 1179 666 1265 Regis
681 1178 870 1264 Hungsrie3
898 1182 931 1244 et
945 1180 1124 1263 propterte
1144 1173 1219 1240 utri-

63 1311 187 1376 usque
205 1289 311 1376 pertis
327 1291 531 1355 suorsmento
545 1285 677 1354 tirmetu
694 1291 780 1353 snut.

65 1486 209 1560 (Lusius,
224 1488 354 1544 ldemorle
363 1486 391 1540 di
401 1487 476 1542 'l'reu
488 1489 531 1540 11.
545 1487 572 1551 1.;
585 1502 651 1540 esen
664 1483 839 1553 okmtnyuelr
851 1479 994 1538 torsdthdt
1007 1481 1115 1536 kbrblts
1126 1481 1216 1548 bellu,

410 1576 475 1631 oon.
488 1578 561 1646 nrpr.
575 1578 636 1633 vn.
648 1578 704 1632 ree.
718 1579 743 1627 s.
757 1592 778 1627 r.
794 1575 854 1626 ros.
867 1573 897 1640 ι.)

524 1859 791 1882 Μ

82 2515 107 2581 I
108 2515 148 2582 V.
168 2515 253 2581 Bria
277 2513 443 2601 kirdlynok
468 2513 581 2581 Brebs'e·
605 2520 742 2602 meppea
767 2515 935 2581 vonotiozd
955 2515 1180 2602 priuilept'omo
1200 2541 1219 2580 a

287 2711 288 2714 Ἴ
388 2623 514 2690 Bredire‘
527 2621 929 2712 prdfoluezdmdra.1151.

202 2803 243 2868 In
259 2802 389 2872 nomine
404 2804 523 2871 Sunote
533 2802 702 2872 Trinitatis
718 2809 751 2871 et
765 2803 937 2872 Indiuidue
948 2801 1091 2871 Unitstis
1106 2803 1219 2872 Amen.

87 2911 175 2978 Belo
192 2910 257 2977 Dei
275 2910 389 2995 meeis
410 2909 590 2996 Huugarie,
607 2910 790 2996 Dalmueie,
809 2911 953 2995 Oroeeie,
971 2913 1083 2995 Reme,
1099 2910 1222 2994 Seruio,

89 3017 247 3100 Gellioie,
272 3015 475 3102 Lodomerie,
500 3017 722 3104 (lumenieque
741 3019 811 3086 Rex
834 3021 1070 3107 inperpetuum.
1097 3019 1223 3102 Regum

88 3125 255 3193 celsitudo
280 3125 416 3210 requirit
441 3132 474 3193 et
490 3125 676 3193 sublimium
697 3127 835 3196 debetur
850 3125 1013 3214 dignitati,
1039 3134 1075 3193 ut
1089 3117 1223 3192 intuitus

90 3233 143 3300 sui
160 3233 276 3302 oeulos
292 3240 383 3302 tento
400 3232 573 3302 iocundius
589 3234 623 3301 in
638 3253 716 3302 suos
731 3234 845 3302 fideles
861 3234 985 3319 iniciat,
1009 3239 1134 3318 quanto
1150 3233 1225 3321 ipss

90 3339 249 3424 fidelitas,
273 3358 455 3428 perquem
480 3343 606 3426 Regum
630 3343 879 3428 Regnorumque
905 3343 1047 3410 omnium
1071 3343 1224 3429 potencie

93 3448 279 3533 roboretur,
296 3449 412 3516 eeteris
427 3449 602 3517 uimutihus
618 3449 762 3537 politicis
779 3458 829 3519 est
842 3452 956 3520 merito
969 3449 1173 3538 preferendo,
1189 3458 1223 3517 et

95 3557 315 3642 amplioribus
340 3559 476 3646 premijs
504 3557 689 3645 attolenda;
722 3560 915 3645 praesertim
939 3580 1010 3628 oum
1039 3559 1222 3629 hominibus

94 3662 227 3733 inseetis
240 3667 424 3754 corruptele
435 3665 537 3735 seeuli
554 3667 766 3755 senescentis,
783 3688 847 3753 quo
857 3667 962 3736 terior
972 3668 1167 3756 repperitur,
1184 3687 1224 3736 eo

96 3773 205 3842 uerior
221 3774 265 3846 sit
280 3775 433 3844 hubendu
448 3781 480 3842 et
496 3775 670 3843 erdenoius
696 3775 924 3866 amplexando.
951 3777 1022 3845 Hue
1036 3776 1136 3862 igitur
1152 3795 1225 3842 eon·

96 3878 303 3950 sideraeione
318 3882 443 3951 indueti
467 3891 578 3951 tenore
594 3883 798 3970 presenoium
823 3885 907 3953 seire
926 3884 1072 3952 uolumus
1097 3883 1224 3950 univer-

4 4077 10 4088 .
97 4007 162 4075 sos,
180 3987 269 4073 quod
284 4007 357 4056 eum
372 3987 485 4056 fideles
513 3989 617 4060 nostri
632 3987 774 4076 Stephoo
790 3989 907 4059 (lomes
922 3997 956 4058 et
971 3991 1075 4058 Joeou
1091 3989 1151 4056 lilii
1167 3989 1224 4058 Co·

97 4094 186 4162 mitis
201 4097 370 4185 Stephani,
388 4094 565 4181 Gregorius
582 4103 615 4164 et
623 4098 744 4166 Daniel
759 4097 874 4166 Comes
891 4095 950 4164 lilii
970 4095 1103 4165 Bribine
1118 4095 1224 4165 (lomi-

98 4203 150 4287 tis,
166 4211 201 4270 et
215 4203 337 4292 Obrod,
363 4225 424 4274 neo
440 4225 505 4274 non
523 4213 556 4274 et
581 4214 718 4293 nepotes
734 4209 815 4292 ejus,
832 4206 893 4274 filii
917 4203 1071 4273 uidelieet
1091 4203 1224 4274 (lomitis

98 4309 267 4399 Budyului,
281 4311 416 4382 Nobiles
428 4312 469 4381 de
479 4313 647 4400 Breberio,
664 4313 851 4401 eprimeuis
863 4315 1008 4400 ipsorum
1025 4313 1224 4402 temporibus

55 4437 58 4442 ·
99 4419 244 4504 paternis
261 4421 412 4507 uestigiis
438 4421 622 4492 inherentes
638 4428 707 4488 tum
721 4428 818 4506 grute
841 4441 971 4509 semper
986 4421 1155 4491 fidelitatis
1170 4423 1225 4491 oh-

101 4529 214 4613 sequis
237 4535 272 4598 et
296 4531 417 4617 ubique
436 4528 624 4601 'eoollema
649 4549 758 4600 eorem
775 4531 896 4601 Nostre
915 4531 1095 4600 lluieststis
1120 4532 1224 4600 oeulis

99 4634 274 4708 studiosius
298 4638 523 4727 impedissent,
550 4645 584 4709 ut
600 4638 797 4728 expugnatis
813 4648 847 4708 et
871 4639 1024 4726 effugetis
1049 4639 1224 4729 hemardo,
