3168 5186
799 283 803 294 ’
871 320 1027 422 „³⁷0-

387 515 474 602 apud
490 513 640 584 Castrum
655 516 809 584 Ferreum
834 517 867 584 in
883 518 966 586 testo
982 518 1096 586 Sancti
1112 517 1273 604 llicaelis,
1297 537 1379 583 anuo
1397 515 1516 601 gracie

387 623 432 690 ll⁰
444 623 510 690 00⁰
526 624 796 712 quinquagesimo
815 634 942 711 quarto.

470 805 520 871 (aa
534 805 716 860 crsecentia
729 808 810 875 Nagy
821 807 903 873 Imus,
916 809 1004 859 Haaai
1018 803 1188 874 Okmtnyrtr
1202 807 1250 862 IV.
1264 808 1321 860 kot.
1335 809 1378 858 35.
1390 807 1425 873 Ι.)

820 1095 1084 1108 Ἤ

913 1523 990 1592 269.

385 1706 505 1772 Hcatr'lo
520 1707 700 1791 arrupte-o
715 1711 745 1770 e'a
755 1706 1034 1793 eornoppo'fdr'rprin
1049 1731 1071 1771 a
1080 1705 1203 1771 Bakare
1209 1706 1277 1789 fiai
1283 1708 1396 1788 Jatal,
1409 1707 1515 1788 Meta,

384 1815 536 1879 Jaracar'a
551 1819 582 1878 e'c
592 1813 759 1894 Korocor‘o,
774 1818 804 1877 ea
818 1813 967 1878 Salomon
975 1815 1041 1894 fiai
1055 1813 1198 1878 Demeter
1213 1819 1243 1878 e's
1258 1817 1393 1880 menelei
1408 1815 1480 1880 ledat
1495 1842 1514 1881 o

311 1989 314 1996 ,
385 1921 468 1986 Zela
484 1921 601 2007 folydrr
617 1922 682 1985 le'cd
697 1921 839 2006 dironyos
853 1923 969 1986 rmlom
984 1922 1051 2007 sele
1065 1929 1148 1987 re'aze
1163 1923 1249 1986 ircim
1263 1922 1357 1987 koroo
1379 1929 1513 2008 appeare-

382 2042 441 2116 ρετ,
466 2031 545 2115 moly
560 2031 674 2094 azelini
689 2053 710 2092 o
724 2029 858 2093 lrel'de'eeo
873 2029 1062 2115 molomfele
1077 2055 1098 2094 o
1112 2029 1209 2096 laam
1224 2037 1343 2095 tortozo'
1349 2028 1513 2114 foldeklrel

384 2141 488 2222 epydtt
502 2137 647 2202 tovdbbru
669 2139 698 2201 a'a
713 2136 865 2202 Salomon
880 2138 947 2220 fioa‘
961 2136 1141 2202 birtokddorr
1164 2138 1305 2219 ororodt,‘
1326 2142 1513 2225 nrcqcrdor'tr’.

900 2243 998 2308 1254.

491 2423 560 2490 Nos
575 2421 730 2490 Hernicus
743 2421 852 2493 Jndex
868 2422 965 2491 (loric
979 2423 1082 2508 Regio
1105 2431 1138 2492 el
1153 2426 1269 2493 Comes
1287 2426 1509 2512 symigiensis

385 2530 428 2598 ad
443 2530 665 2597 uniuersorum
682 2529 837 2598 noticiam
855 2531 1005 2598 uolumus
1021 2533 1214 2618 peruenire:
1230 2531 1317 2616 quod
1333 2553 1404 2600 cum
1415 2533 1512 2600 Jaco-

315 2707 320 2714 ,
385 2640 456 2724 bus,
470 2637 566 2723 Mica,
582 2637 786 2723 Jarachinns,
807 2646 840 2706 et
857 2640 1060 2707 Oarachinus
1076 2641 1134 2726 filij
1151 2641 1290 2726 Bococh,
1307 2643 1509 2710 Demetrium

385 2755 418 2814 et
431 2747 549 2816 fratres
575 2766 652 2814 suos
668 2749 754 2815 lilios
770 2749 955 2815 Salomonis
971 2748 1014 2814 ad
1028 2755 1173 2816 nostram
1198 2748 1356 2818 citassent
1380 2771 1510 2836 presen-

385 2857 481 2941 ciam,
507 2857 714 2924 medietatem
739 2857 907 2924 cuiusdam
922 2857 1100 2925 molendini
1125 2857 1159 2922 in
1175 2857 1273 2926 fluuio
1290 2859 1370 2926 Zale
1397 2859 1510 2926 decur-

384 2966 495 3052 rentis,
512 2967 643 3035 racione
659 2966 823 3054 porcionis
835 2967 934 3034 Zeme
950 2968 993 3034 ab
1007 2967 1130 3035 eisdem
1147 2967 1358 3054 requirentes,
1375 2969 1509 3035 tandem

382 3074 814 3161 mediantibusquibusdnm
840 3074 950 3160 probis
967 3075 1048 3142 viris
1065 3094 1106 3141 ex
1121 3083 1234 3144 nostro
1253 3075 1462 3164 beneplacito
1479 3083 1510 3142 el

384 3205 555 3268 consensu,
572 3183 656 3251 siout
670 3183 770 3269 ijdem
785 3184 1002 3269 personaliter
1018 3185 1184 3253 constituti
1200 3193 1423 3272 asseruerunt,
1451 3203 1509 3271 pro

382 3295 467 3361 bono
493 3291 585 3380 pacis
609 3291 643 3358 in
668 3293 769 3359 talem
792 3289 1076 3378 composicionem
1089 3291 1308 3378 deuenerunt;
1335 3293 1423 3378 qnod
1448 3292 1507 3376 filij

381 3401 510 3469 Boeoch
526 3398 751 3488 supradictam
767 3399 977 3466 medietatem
993 3398 1140 3469 eiusdem
1156 3399 1333 3468 molendini
1356 3400 1434 3484 filijs
1450 3403 1508 3467 Sa-

381 3508 521 3577 lomonis
545 3507 780 3595 prenominatis
807 3508 1028 3592 relinquerunt
1043 3509 1077 3574 in
1092 3529 1176 3597 pace
1193 3509 1226 3574 in
1246 3515 1450 3596 perpetuum,
1476 3515 1507 3574 et

380 3638 545 3703 nunquam
571 3616 799 3702 requirendam
825 3615 1005 3704 possidere,
1032 3617 1117 3685 siout
1132 3617 1213 3684 etin
1229 3618 1344 3705 primis
1359 3617 1506 3704 posside·

381 3729 462 3796 baut
477 3746 550 3793 eum
566 3732 723 3794 terrarum
750 3724 925 3793 medietato
941 3725 984 3792 ad
1000 3725 1140 3793 cundem
1165 3725 1387 3795 molendinum
1411 3725 1505 3811 perri-

380 3836 542 3903 neneium.
568 3836 610 3903 Vl
625 3834 725 3919 igitur
741 3853 896 3921 processu
921 3833 1077 3921 temporis
1093 3832 1215 3901 sactum
1242 3835 1404 3920 presentis
1422 3855 1505 3903 com·

379 3943 557 4031 positionis
574 3952 607 4011 et
622 3943 716 4030 pacis
731 3963 789 4029 per
803 3941 1021 4030 calumpniam
1038 3943 1091 4008 uel
1114 3941 1253 4010 alicuius
1269 3941 1360 4009 litem
1379 3943 1412 4009 in
1428 3962 1502 4026 que-

380 4053 496 4120 stionis
528 4050 695 4118 materiam
727 4050 875 4119 reuocari
900 4071 965 4117 non
995 4049 1120 4137 possit,
1152 4047 1210 4118 scd
1233 4053 1333 4120 robur
1360 4049 1505 4118 obtineat

379 4160 563 4246 firmitatis,
595 4180 637 4227 ex
662 4147 830 4227 uoluntate
859 4157 1007 4245 parcium
1033 4156 1190 4245 predictis
1216 4159 1294 4245 lilijs
1319 4157 1502 4226 Salomonis

379 4269 506 4338 litteras
519 4275 648 4336 normas
662 4267 882 4335 concessimus
896 4265 999 4350 sigilli
1015 4267 1116 4335 nostri
1127 4267 1304 4335 munimine
1317 4267 1499 4335 roboratas.

379 4379 500 4446 Datum
515 4399 601 4445 anno
619 4379 730 4464 gracie
746 4379 792 4443 Μο
803 4376 868 4443 00ο
882 4375 1154 4463 quinquagesimo
1171 4382 1297 4461 quarto.

378 4560 516 4626 (Eredelie
528 4577 545 4612 a
558 4559 632 4612 molt.
646 4559 709 4626 gros
725 4559 824 4611 Telelri
836 4555 928 4610 malsc
945 4557 1166 4626 megyaorealgi
1184 4556 1296 4626 &acels
1314 4556 1498 4613 lavelrtrlban

753 4649 897 4716 Gydmrliu.
917 4643 997 4698 analo
1011 4645 1128 4717 Kdrolp.)
