3252 5198
857 314 1010 415 L

368 517 401 580 et
416 510 610 579 electoribus
635 508 705 576 suis
722 507 765 575 ad
780 528 873 576 snam
889 509 1088 596 presentiam
1107 511 1264 596 evocatis,
1290 531 1330 580 ac
1343 512 1498 599 testibus,

368 639 450 704 quos
465 617 565 685 vellet
589 614 778 706 producere,
794 635 817 682 a
831 615 1008 685 karissimo
1033 616 1068 682 in
1083 614 1214 684 Obrlsto
1229 618 1298 689 lilio
1317 628 1429 689 neruo
1446 671 1497 688 ...

368 726 492 795 lllustrl
501 727 586 810 Regi
594 725 741 810 Ungarie
756 743 817 811 per
831 727 935 792 totum
950 726 1101 811 Regnum
1117 745 1213 794 sunm
1226 728 1402 797 emunitate
1419 739 1499 798 ante

367 833 477 902 omnia
490 833 676 920 impetrata,
703 831 802 900 dictis
817 851 946 918 quoqne
962 832 1002 900 A.
1018 834 1049 902 J.
1067 834 1110 900 lt.
1127 842 1160 902 et
1175 835 1213 902 V.
1230 843 1264 903 et
1289 836 1364 904 aliis
1379 837 1498 907 electo

366 941 455 1010 ribus
479 941 586 1030 ipsius
600 941 637 1007 P.
653 941 821 1026 negotium
845 940 1014 1010 electionis
1036 942 1306 1027 prosequentibus
1330 944 1497 1014 mediante

365 1048 493 1116 iustitia
507 1049 665 1118 restitutis
681 1047 879 1135 provideret,
896 1049 943 1116 eis
960 1049 1191 1118 nichilominus
1211 1051 1253 1118 de
1268 1052 1496 1120 communibus

366 1156 513 1226 eiusdem
529 1158 679 1226 Ecclesia
704 1157 916 1244 proventibus
932 1159 967 1224 ln
982 1157 1159 1226 moderatis
1176 1160 1348 1246 expensis,
1375 1159 1405 1228 si
1420 1181 1496 1229 eon·

365 1271 479 1349 stamt,
503 1286 561 1334 eos
586 1285 659 1333 esse
674 1264 858 1334 canonicos
873 1267 1021 1334 Ecclesia
1046 1272 1247 1352 memorate,
1274 1288 1315 1335 ac
1335 1269 1495 1356 predictis

364 1375 573 1461 processibus
589 1381 621 1442 et
640 1375 918 1461 appellationibus
940 1374 1143 1461 interpositis
1158 1375 1346 1455 intellectis,
1365 1376 1496 1444 andmet

364 1501 500 1550 musam
517 1491 550 1550 et
565 1483 789 1570 appellatione
805 1491 930 1552 remota
951 1483 1015 1550 tine
1031 1481 1142 1553 debito
1156 1485 1358 1568 terminaret,
1382 1483 1494 1571 ipsam

366 1589 564 1657 sufficienter
578 1591 778 1673 instructam,
794 1591 823 1658 si
839 1589 1017 1658 difficultas
1028 1587 1142 1675 aliqua
1157 1590 1296 1659 forsitan
1305 1597 1494 1678 appareret,

363 1703 611 1785 propterquam
627 1717 761 1765 causam
780 1697 955 1766 terminare
971 1719 1036 1766 non
1052 1704 1175 1786 posset,
1195 1699 1392 1766 odoramen
1407 1695 1495 1786 Apo-

363 1805 514 1874 stolicnm
539 1808 815 1875 transmissurus:
839 1808 972 1894 proviso
996 1827 1038 1874 ne
1063 1808 1125 1874 sub
1150 1805 1248 1874 dubio
1279 1806 1346 1873 litis
1371 1815 1493 1874 eventu

363 1911 590 1982 Waradiensis
600 1915 748 1981 Ecclesia
758 1913 1007 2000 dilapidationis
1016 1914 1223 2002 dispendium
1233 1916 1495 2000 pateranens-

363 2019 452 2087 fatns
470 2019 601 2104 quidem
616 2021 799 2110 Episcopus
823 2027 892 2088 tum
906 2042 966 2108 per
981 2041 1026 2106 se,
1053 2030 1121 2090 tnm
1136 2043 1195 2109 per
1210 2022 1368 2107 qnosdem
1393 2021 1493 2106 alios,

362 2133 458 2214 prout
472 2129 587 2213 potnit,
604 2129 638 2194 in
656 2127 803 2195 mandati
819 2130 921 2197 nostri
938 2129 1130 2198 executione
1149 2129 1326 2216 processit,
1352 2149 1493 2213 quornm

263 2299 265 2303 ,
363 2255 519 2323 processu
529 2236 571 2302 ad
581 2237 805 2322 Apostolicam
815 2237 934 2304 Scdcm
942 2238 1147 2322 transmisso,
1163 2237 1270 2305 eidem
1279 2235 1491 2306 Subdiacono

361 2365 422 2431 pro
438 2363 474 2411 se
489 2349 522 2411 et
536 2344 731 2429 quibusdam
748 2345 943 2413 electoribus
959 2345 1038 2431 suis,
1055 2353 1088 2412 et
1102 2345 1305 2432 procuratori
1313 2343 1415 2431 partis
1430 2342 1492 2410 ad·

359 2471 456 2521 verse
470 2451 506 2520 in
521 2461 633 2520 nostra
659 2454 825 2539 presentia
840 2454 1037 2539 oonsdtutis,
1062 2475 1123 2523 nos
1138 2453 1293 2522 dilectum
1313 2453 1415 2520 lilium
1430 2474 1490 2522 no·

360 2568 462 2628 strum
478 2560 516 2628 Τ.
533 2559 615 2626 tituli
644 2561 764 2628 Sancte
787 2563 909 2630 Sabine
933 2563 1154 2631 Presbitcrum
1180 2568 1212 2629 et
1236 2563 1273 2628 ll.
1290 2564 1490 2630 Sanctorum

360 2668 479 2736 Cosme
494 2676 527 2737 et
542 2670 697 2738 Damiani
716 2671 898 2744 Diaconum
916 2671 1110 2740 Cardinales
1126 2673 1345 2740 concessimus
1360 2672 1489 2740 audito-

359 2795 423 2844 res.
455 2777 574 2846 (loram
591 2779 709 2865 quibus
726 2779 802 2846 dnm
818 2786 907 2847 esset
932 2779 1052 2849 diutius
1069 2781 1278 2866 disputatum,
1304 2779 1435 2847 tandem
1451 2780 1488 2847 in

360 2886 422 2953 boc
437 2887 559 2956 resedit
567 2889 743 2974 negotium,
760 2889 848 2974 quod
864 2889 978 2957 eodem
988 2886 1195 2956 Snbdtaeono
1212 2887 1375 2974 quandam
1385 2887 1487 2972 scrip-

359 3001 475 3081 turam,
501 3015 598 3080 quam
615 2995 743 3064 dicebat
768 2999 934 3065 continere
955 2997 1152 3066 senentiam
1168 3017 1227 3082 pro
1242 3015 1278 3064 sc
1301 2996 1413 3083 latam,
1439 2994 1486 3061 ad

357 3105 583 3190 probationem
600 3105 787 3173 intentionis
803 3124 862 3171 sne
875 3113 990 3173 contra
1007 3103 1282 3190 partemalteram
1297 3103 1484 3188 exhibente,

356 3211 443 3279 idem
458 3220 648 3298 procurator
673 3234 737 3279 non
754 3213 977 3296 criminaliter,
1004 3213 1063 3280 scd
1077 3214 1217 3280 civiliter
1231 3213 1266 3278 in
1285 3211 1414 3278 modum
1430 3232 1485 3278 ex·

356 3319 517 3405 captionis
533 3318 704 3404 duntaxat,
730 3322 835 3407 ipsam
853 3321 995 3388 asseruit
1010 3339 1084 3388 csse
1105 3321 1235 3404 falsam,
1261 3339 1386 3405 negans
1402 3338 1483 3386 vera

356 3445 439 3510 esse,
456 3445 518 3508 que
528 3425 778 3493 continebantur
792 3428 826 3493 in
836 3429 920 3512 ipsa.
931 3427 1001 3495 Nos
1018 3429 1116 3513 igitur
1133 3429 1327 3515 scripturam
1342 3425 1484 3493 eandem

357 3532 452 3601 robis
472 3533 533 3599 sub
550 3534 640 3600 bulla
663 3540 777 3600 nostra
801 3537 1057 3601 transmittentes
1080 3535 1252 3618 inclusam,
1277 3533 1482 3617 mandamus,

355 3647 516 3727 qnatenus
533 3640 826 3729 adbibitapublioa
842 3663 993 3729 persona,
1013 3645 1041 3710 si
1057 3649 1176 3729 potest,
1191 3643 1385 3710 autduobus
1401 3641 1482 3707 viris
1582 3639 1584 3642 ’

353 3750 492 3834 idoneis,
518 3751 574 3834 qui
589 3751 727 3818 fideliter
742 3749 895 3817 universa
921 3751 1036 3818 indicii
1054 3757 1130 3818 actu
1156 3750 1364 3817 conscribant
1387 3748 1482 3816 iuxta

353 3857 493 3927 formam
508 3858 646 3927 Concilli
671 3859 854 3944 Generalis,
880 3858 922 3926 de
937 3861 1074 3927 veritate
1090 3880 1129 3928 aa
1151 3859 1298 3926 falsitate
1320 3857 1482 3945 scripture

354 3967 523 4055 premisse,
549 3967 603 4035 vel
618 3973 839 4036 contentorum
855 3969 888 4034 in
904 3988 954 4052 ea,
981 3975 1049 4034 tam
1065 3988 1124 4054 per
1148 3967 1273 4053 priores
1299 3965 1421 4034 iudices
1447 3972 1481 4033 et

353 4077 529 4161 scriptores
546 4096 656 4144 eorum
673 4098 711 4144 ao
728 4084 838 4162 testes,
855 4098 991 4163 quorum
1006 4078 1139 4145 nomina
1148 4078 1182 4143 in
1198 4076 1360 4162 scriptura
1380 4073 1481 4143 conti-

350 4191 469 4252 nentur
485 4185 610 4271 eadem,
628 4185 763 4271 etalios,
780 4205 878 4270 quarn
895 4205 955 4272 per
963 4185 1171 4272 probationes
1187 4185 1281 4269 alias,
1303 4203 1385 4269 quas
1396 4190 1481 4250 uba·

350 4295 430 4364 libet
445 4295 587 4384 partium
601 4294 730 4363 duxerit
745 4296 982 4383 producendas,
1009 4296 1148 4363 sollicite
1168 4298 1412 4376 cognoscentes,
1439 4311 1481 4358 ac

349 4405 541 4491 recipientes
566 4412 688 4490 testes,
713 4425 796 4490 quos
820 4406 906 4473 idem
921 4407 959 4473 P.
982 4425 1082 4493 super
1106 4401 1304 4491 spoliatione
1328 4399 1481 4486 predicta

350 4513 539 4600 produxerit
564 4532 674 4581 eoram
699 4513 804 4597 vobis,
830 4532 894 4597 que
918 4512 1119 4596 inveneritis,
1144 4511 1188 4577 ad
1212 4529 1272 4578 nos
1296 4527 1370 4576 cum
1395 4507 1480 4575 actis

349 4622 469 4708 prioris
494 4618 607 4686 indicii
635 4621 696 4687 sub
727 4622 846 4707 sigillis
871 4621 988 4689 vestris
1013 4628 1046 4686 et
1070 4618 1271 4688 documentis
1302 4613 1479 4684 autenticis
