3186 5188
857 315 1009 416 2³⁶-

376 492 512 578 dignum
530 493 702 578 inveneris,
729 511 826 580 super
842 491 971 562 delectu
986 491 1156 575 natalium,
1173 487 1347 556 dummodo
1359 487 1401 555 de
1415 485 1512 552 adul·

375 600 468 686 terio,
494 601 547 668 vel
563 601 748 670 incestuoso
776 599 864 669 coitu
888 609 985 670 uatus
1009 621 1075 669 uon
1098 600 1152 687 sit,
1177 597 1369 668 auctoritate
1393 599 1512 662 nostra

379 707 574 795 dispensans
584 709 690 796 ipsum
701 710 815 776 valeas
831 709 934 776 bbere
949 707 1192 796 inEpiscopum
1202 707 1366 776 ordinare.
1382 706 1510 774 Datum

377 815 528 901 Lugduni
554 818 592 885 V.
620 817 783 886 kalendas
809 813 1019 905 Septembris.
1051 814 1264 885 Pontificatus
1288 814 1393 884 nostri
1418 831 1508 880 anno

373 923 497 1009 quinto.

705 1067 861 1136 (Turrense
874 1067 911 1122 id.
923 1083 957 1121 ro.
972 1069 995 1120 l.
1008 1069 1064 1122 tot
1078 1065 1122 1122 dd.
1131 1068 1161 1135 1.)

808 1357 1067 1370 m

902 1837 981 1907 loa.

375 2039 436 2105 IV.
453 2039 544 2106 Iucu
557 2042 651 2124 pa'pa
677 2039 895 2124 monadica,
921 2037 1001 2124 boyy
1016 2037 1136 2104 debl
1158 2039 1309 2124 palicar'oa'
1331 2039 1505 2126 kirrilparil,

479 2145 511 2210 lu'
524 2169 545 2210 a
553 2147 656 2211 rdnaaa'
668 2146 835 2232 epptozzal
849 2147 994 2233 oppeciit,
1009 2145 1109 2233 uaikdp
1117 2145 1228 2232 y'uirp‘oo
1242 2147 1278 2214 el.
1294 2143 1394 2212 1247.

479 2341 690 2412 Innocentius
715 2340 899 2430 Episcopus
924 2359 1037 2410 servus
1054 2361 1221 2410 servorum
1236 2344 1299 2411 Dei
1317 2345 1504 2412 venerabili

375 2450 469 2518 trabi
485 2503 494 2519 .
511 2500 520 2518 .
538 2499 546 2516 .
566 2448 820 2538 Arcbicpiscopo
845 2449 998 2536 Proseis,
1024 2449 1162 2519 Livouic
1181 2457 1214 2520 et
1237 2451 1393 2537 monis,
1418 2455 1505 2541 Apo-

374 2557 489 2629 stolice
504 2557 599 2626 Sedis
615 2559 740 2646 Legata
764 2559 952 2628 salutemet
981 2557 1206 2647 Apostolicam
1231 2560 1503 2630 benedictionem.

373 2667 465 2736 Sient
482 2687 605 2752 omnes,
623 2687 705 2754 quos
721 2672 815 2736 extra
838 2667 972 2735 arebam
987 2667 1112 2737 invenit
1138 2667 1306 2756 diluvium,
1322 2669 1503 2757 perierunt,

375 2775 561 2861 itaomues,
578 2775 723 2858 quisunt
749 2781 843 2843 extra
867 2774 1125 2844 communionem
1149 2775 1309 2861 Ecclesia
1333 2776 1400 2844 nisi
1426 2798 1503 2846 con-

373 2883 460 2952 versi
476 2882 519 2951 ad
537 2885 608 2970 ejus
624 2884 783 2954 unitatem
799 2883 965 2968 redierint,
992 2884 1026 2951 in
1041 2888 1154 2953 eterne
1173 2883 1415 2971 dampnationis
1427 2907 1503 2974 sup

372 2990 507 3078 plinium
535 2992 741 3080 deputantur.
767 2993 840 3060 Hac
869 2991 1031 3079 siquidem
1056 2991 1317 3062 consideratione
1348 2993 1503 3064 inductus

374 3100 562 3169 aussimm
579 3100 612 3169 in
628 3101 758 3168 Christo
774 3099 859 3168 lilius
870 3105 981 3169 noster
995 3099 1114 3168 Daniel
1130 3099 1200 3168 Rex
1215 3101 1331 3170 Russie
1346 3103 1501 3190 illustris,

371 3207 463 3293 cujus
479 3212 621 3276 meumm
636 3205 808 3292 Dominus,
834 3204 889 3290 qui
904 3226 971 3275 non
987 3206 1056 3273 vult
1071 3211 1206 3275 montom
1222 3211 1414 3296 peccatoris,
1441 3212 1503 3280 sed

370 3325 406 3387 ut
420 3322 627 3386 convertatur
642 3320 675 3382 et
690 3315 790 3398 vivat,
808 3332 871 3382 soa
886 3312 1110 3382 misericordia
1124 3312 1313 3400 illustravit,
1338 3332 1399 3403 per
1415 3317 1500 3386 litte-

371 3445 426 3493 ras
443 3425 604 3511 speciales
630 3432 662 3492 et
678 3421 821 3507 nuntios,
847 3441 928 3507 qnos
951 3429 1083 3510 propter
1104 3422 1166 3492 boc
1191 3423 1371 3493 transmisit
1396 3447 1503 3514 nuper

371 3533 415 3600 ad
430 3538 575 3600 nostram
599 3530 808 3619 presentiam,
834 3550 907 3599 cum
922 3530 1104 3600 bumilitate
1120 3551 1161 3598 ac
1176 3531 1334 3602 instantia
1357 3538 1502 3621 postula·

368 3640 417 3708 rit
432 3661 453 3708 a
468 3640 572 3725 nobis,
589 3648 624 3707 ut
639 3641 745 3727 ipsum
760 3645 793 3708 et
817 3645 919 3708 totam
945 3646 1075 3723 gentem
1102 3659 1142 3706 ac
1154 3641 1302 3727 Regnum
1325 3643 1397 3728 ejus
1422 3644 1501 3711 bac·

369 3755 464 3817 tenus
480 3769 502 3815 a
516 3747 593 3815 fidei
609 3748 728 3815 unione
752 3747 910 3835 precisus,
926 3747 971 3814 ad
989 3747 1147 3816 unitatem
1171 3749 1443 3836 ecclesiasticam,
1469 3759 1502 3818 et

368 3854 575 3924 devotionem
590 3852 737 3924 Ecclesia
752 3857 910 3940 Romane,
927 3873 990 3941 que
1005 3854 1146 3924 aliarum
1163 3857 1306 3925 omniurn
1322 3864 1424 3944 caput
1450 3867 1502 3926 cst

369 3970 402 4031 et
412 3964 582 4050 magistra,
592 3963 738 4049 recipere
753 3961 795 4030 de
804 3963 1005 4049 benignitate
1014 3963 1113 4032 solite
1123 3983 1320 4033 curaremus.
1336 3965 1500 4044 Quocirca

370 4091 547 4156 monemus,
565 4077 726 4155 qnatenus
741 4069 958 4158 personaliter
973 4069 1017 4138 ad
1035 4076 1145 4156 partes
1170 4070 1246 4140 illas
1270 4071 1443 4156 amedeus,
1472 4075 1501 4141 si

371 4181 518 4268 prelatus
533 4181 604 4248 ch
618 4177 652 4246 iu
668 4186 736 4246 tam
753 4186 866 4247 sancto
894 4179 1062 4267 proposito
1077 4197 1303 4266 perseverans,
1330 4186 1399 4250 tam
1416 4183 1500 4269 ipse,

369 4309 469 4373 quam
493 4285 750 4376 Arcbiepiscopi,
776 4293 809 4355 et
823 4285 989 4374 Episcopi,
1015 4294 1049 4355 et
1063 4287 1121 4354 alii
1135 4287 1310 4374 lla-gnatos
1324 4289 1433 4374 Regni
1448 4289 1500 4359 sui

370 4395 523 4466 scismate
540 4395 686 4480 quolibet
701 4395 830 4482 penitus
849 4396 1008 4482 abiurata,
1035 4395 1245 4483 promiserint
1260 4403 1293 4465 ct
1304 4397 1497 4486 iurauerint,

369 4523 405 4574 se
422 4504 464 4574 de
479 4512 587 4574 cetero
603 4505 638 4574 iu
653 4505 778 4574 unitate
793 4503 880 4590 fidei,
905 4524 1003 4590 qnam
1019 4504 1169 4573 llccleda
1184 4505 1333 4573 Romana
1347 4504 1498 4592 predicat

368 4621 401 4682 ct
417 4613 578 4698 observat,
594 4613 729 4699 eiusque
743 4615 890 4683 Romane
905 4613 1051 4682 Ecclesia
1066 4611 1238 4682 devotione
1253 4618 1414 4700 perpetuo
1429 4634 1497 4701 pcr-
