3210 5194
107 1033 152 1097 Aa
166 1033 353 1118 materpami
367 1030 525 1118 kdptolau
550 1053 606 1117 epp
623 1031 807 1118 Esaterpom
823 1033 977 1099 cdrosbau
1003 1035 1071 1100 laud
1094 1035 1229 1100 lutosos

185 1114 294 1204 leem
304 1136 736 1224 festinationemue
752 1139 821 1203 cue
838 1139 926 1206 cca
942 1141 1031 1227 aare.
1049 1145 1147 1207 1242.

210 1335 383 1401 Vniuersis
401 1342 569 1422 presentes
589 1335 715 1401 litteras
725 1333 920 1421 inspecturis
930 1335 998 1402 Nos
1009 1336 1231 1421 strigoniense

108 1440 294 1526 Capitulum
310 1441 452 1508 salutem
467 1443 501 1508 in
517 1443 657 1510 Domino
672 1444 751 1510 Jesu
768 1441 908 1510 Christo.
926 1445 1062 1511 Nouerit
1076 1445 1233 1512 uniuersi-

106 1555 155 1614 tas
171 1555 297 1634 uestra,
323 1549 411 1633 quod
426 1569 488 1616 nos
503 1549 684 1617 locauimus
701 1550 858 1635 Magistro
874 1550 945 1616 Ade
971 1552 1143 1637 speciano,
1167 1553 1233 1618 ciui

107 1655 336 1742 strigoniensi,
353 1677 413 1742 pro
430 1677 465 1722 se
481 1663 514 1723 et
532 1655 708 1725 heredibus
724 1658 792 1725 suis
808 1657 972 1743 legitimis,
1000 1664 1032 1724 et
1046 1679 1111 1726 non
1129 1665 1233 1726 extra·

107 1760 183 1850 neis,
202 1761 372 1846 quandam
388 1760 518 1828 domum
534 1771 678 1830 nostram
695 1762 872 1850 lapideam,
898 1762 996 1829 sitam
1010 1763 1044 1830 in
1061 1765 1133 1832 vico
1148 1767 1232 1832 Lati·

107 1889 220 1937 norum
247 1868 518 1952 Strigoniensium
529 1921 537 1954 ,
565 1871 740 1938 habentem
764 1869 929 1938 introitum
956 1877 987 1935 et
1012 1871 1134 1937 exitum
1160 1880 1234 1938 ante

106 1996 257 2043 cameras
284 1977 554 2061 mercimoniales,
582 1984 614 2044 et
639 1976 872 2046 conterminam
895 1979 976 2063 vico,
1002 1977 1116 2062 quide
1140 1977 1238 2046 dictis

107 2087 252 2152 cameris
277 2085 573 2153 mercimonialibus
600 2084 690 2151 ducit
705 2084 748 2150 ad
773 2086 947 2152 ecclesiam
973 2087 1086 2152 Sancti
1109 2085 1239 2155 Nicolai

105 2193 279 2278 Strigonii,
306 2194 348 2260 ab
365 2194 427 2258 hac
447 2192 511 2276 die,
536 2193 689 2260 videlieet
705 2193 814 2258 Sancti
840 2193 1009 2261 Michaelis
1029 2192 1240 2281 Archangeli,

106 2320 210 2385 usque
228 2301 273 2366 ad
282 2300 399 2384 viginti
415 2319 519 2368 annos
534 2301 682 2386 proxime
698 2300 834 2384 futuros,
852 2300 913 2368 hoc
929 2309 1025 2385 pacto
1043 2301 1148 2387 ethys
1165 2321 1238 2368 con·

11 2411 12 2480 ζ
107 2407 295 2476 dicionibus
321 2408 632 2493 interuenientibus,
660 2408 746 2492 quod
769 2407 855 2475 idem
882 2409 1039 2491 Magister
1055 2405 1162 2474 Adam
1187 2410 1240 2476 uel

106 2515 250 2582 heredes
267 2515 319 2582 sui
342 2516 447 2601 primo
464 2537 549 2583 anno
576 2522 725 2582 tenentur
740 2514 833 2581 nobis
859 2515 988 2584 soluere
1004 2515 1086 2582 duas
1111 2535 1239 2582 marcas

107 2624 186 2689 boni
205 2630 240 2688 et
254 2622 374 2705 legalis
390 2624 520 2708 argenti
535 2625 568 2690 in
585 2621 730 2690 terminis
746 2621 983 2708 infrascriptis,
999 2622 1141 2690 secundo
1153 2643 1238 2690 anno

107 2731 193 2798 duas
222 2752 351 2799 marcas
368 2741 400 2799 et
417 2732 605 2814 dimidiam,
631 2731 732 2798 tercio
747 2749 826 2796 uero
845 2750 929 2796 anno
946 2729 1028 2798 duas
1055 2750 1183 2798 marcas
1208 2737 1240 2797 et

97 2847 177 2912 ,tres
194 2839 360 2924 fertones,
387 2846 503 2923 quarto
520 2860 597 2907 uero
623 2859 708 2906 anno
723 2845 789 2906 tres
806 2859 944 2924 marcas,
971 2839 1065 2906 etsie
1086 2837 1240 2924 deinceps

108 2966 216 3030 usque
233 2945 278 3014 ad
293 2948 482 3015 vicesimum
508 2968 627 3015 annum
643 2947 851 3030 integraliter
877 2953 1004 3015 tenetur
1019 2949 1147 3016 soluere
1170 2968 1242 3035 pro·

107 3054 199 3120 xime
216 3053 324 3120 dietas
341 3062 406 3121 tres
432 3074 560 3120 marcas
576 3052 757 3121 annuatim.
773 3055 843 3122 Hoc
859 3054 962 3137 saluo,
984 3053 1071 3138 quod
1087 3054 1128 3120 de
1144 3053 1241 3120 dictis

108 3162 231 3228 marcis
249 3161 387 3245 singulis
413 3162 508 3227 anuis
523 3161 618 3229 uobis
643 3161 869 3247 persoluendis
892 3161 1032 3227 retinere
1056 3159 1175 3227 debent
1198 3160 1242 3226 di-

108 3267 250 3335 midiam
266 3275 461 3355 partempro
478 3267 688 3336 edificacione
698 3274 838 3353 quatuor
853 3267 1013 3352 parietum
1029 3265 1242 3353 lapideorum,

108 3377 143 3442 in
171 3373 349 3442 altitudine
374 3374 520 3442 stacione
545 3377 641 3440 unius
658 3374 698 3440 de
723 3374 807 3441 bono
833 3378 865 3439 et
891 3373 994 3458 legali
1017 3393 1125 3459 opere,
1153 3373 1244 3440 adie

108 3485 261 3571 predicte
277 3483 454 3551 locucionis
465 3503 569 3566 nsque
585 3482 628 3548 ad
643 3484 741 3549 finem
759 3481 863 3566 quinti
880 3484 958 3548 anni
968 3482 1114 3568 proxime
1125 3481 1241 3567 iuturj;
1289 3483 1290 3487 ’

110 3591 217 3660 eham
233 3612 311 3660 uero
337 3592 506 3658 dimidiam
524 3597 652 3678 partem
668 3592 788 3659 debent
810 3592 996 3677 persoluere
1012 3593 1044 3657 in
1060 3591 1123 3676 hys
1138 3591 1244 3658 tribus

109 3701 283 3785 terminis3
310 3701 416 3787 primo
432 3699 584 3767 uidelicet
609 3699 643 3765 in
660 3699 911 3768 Circumcisione
928 3699 1069 3784 Domini,
1098 3698 1241 3767 seeundo

108 3809 143 3873 in
170 3807 258 3874 festo
278 3806 509 3893 Apostolorum
534 3806 679 3892 Philippi
705 3815 737 3874 et
762 3808 888 3894 Jacobi,
916 3815 948 3874 et
973 3791 1072 3874 tercio
1099 3811 1133 3873 iu
1158 3807 1243 3872 festo

109 3915 228 3982 Sancti
245 3914 366 4000 Egidij,
392 3917 446 3992 uel
461 3913 699 3999 quintodecimo
726 3915 779 3981 die
794 3923 870 4001 post
885 3914 1062 3998 quemhbet
1085 3911 1244 3999 predicto-

109 4045 185 4090 rum
199 4022 422 4089 terminorum.
439 4024 477 4089 In
488 4025 551 4089 fine
567 4039 645 4089 uero
659 4022 763 4108 quinti
779 4023 856 4089 anni
877 4023 975 4088 dehet
990 4021 1058 4087 fieri
1068 4041 1127 4106 per
1142 4020 1244 4087 bonos

110 4132 207 4198 uiros
223 4129 393 4198 estimacio
410 4129 516 4217 operis
532 4127 690 4215 iamdicti,
711 4136 745 4196 et
760 4128 863 4196 donec
878 4129 985 4214 ipsam
1002 4127 1244 4197 estimucionem

112 4239 245 4324 integre
262 4239 479 4325 perceperint,
506 4245 540 4304 ut
557 4235 793 4323 supradictum
810 4242 868 4322 est,
887 4235 994 4304 debite
1010 4236 1103 4303 nobis
1118 4234 1245 4322 pensio·

110 4346 164 4413 nis
182 4343 355 4412 dimidiam
372 4351 500 4431 purtem
515 4343 709 4411 retinebuut.
727 4343 799 4422 Qua
815 4349 979 4428 precepta,
1004 4347 1121 4409 extunc
1137 4343 1245 4429 singu·

111 4457 154 4522 lis
171 4451 292 4521 intruis
318 4451 413 4519 annis
431 4472 534 4536 usque
549 4451 593 4519 ad
607 4452 797 4543 vicesimum
821 4449 976 4518 iamdicta
996 4450 1172 4519 locacionis
1188 4470 1244 4516 an-

111 4584 191 4630 num
201 4565 331 4648 integre
342 4559 462 4629 dehent
472 4561 599 4631 soluere
610 4561 810 4648 sepedictam
819 4560 916 4628 trium
924 4579 1107 4629 marcarum
1117 4558 1246 4645 argenti
