3226 5194
862 333 1007 436 -s—o-o-

376 533 581 616 presenoiom
597 531 746 600 volumus
765 533 948 620 peruenire,
974 531 1062 617 quod
1077 551 1150 598 enm
1166 551 1311 617 eausam,
1336 549 1405 615 que
1431 531 1531 598 inter

374 633 537 706 Abbatem
562 645 596 706 et
611 638 812 708 eonsensum
830 640 872 706 de
887 639 966 707 Beel
982 659 1024 706 ex
1038 661 1104 706 vna
1120 646 1224 727 parte,
1242 646 1276 706 et
1296 639 1446 726 populos
1463 659 1526 705 eo·

374 744 509 812 rundem
525 745 567 812 de
582 745 661 812 villa
671 745 758 814 Okol
769 748 956 815 vertebatur
971 767 1012 813 ex
1025 747 1140 829 altera,
1158 745 1286 813 dilectis
1302 753 1335 814 et
1352 745 1525 812 fidelibus

375 854 507 940 nostris,
523 855 705 922 venerabili
721 857 808 941 patri
825 855 923 924 Gallo
941 855 1105 941 Episcopo
1129 853 1361 936 Transiluano,
1391 861 1429 920 et
1451 855 1527 920 lla-

377 959 480 1046 gistro
492 962 579 1028 Aeas
594 961 764 1050 Prepesito
775 961 920 1030 Budensi
932 961 1137 1030 Caneellario
1152 959 1329 1027 karissime
1346 961 1525 1028 eonsortis

377 1074 486 1136 nostre
505 1068 706 1154 judicialiter
728 1068 989 1155 eognoseendam
1005 1076 1038 1137 et
1052 1070 1117 1137 fine
1132 1068 1242 1136 debito
1266 1068 1524 1134 terminandam

379 1176 665 1264 commisissemus,
688 1179 821 1247 taudem
844 1177 945 1265 ijdem
960 1177 1073 1266 populi
1099 1177 1142 1246 ad
1157 1183 1300 1246 nostram
1320 1175 1524 1244 aoeedendo

377 1287 581 1373 presenciam
604 1287 789 1356 obtulerunt
810 1287 937 1354 litteras
961 1285 1136 1355 eorundem
1157 1284 1304 1354 fidelium
1320 1289 1520 1352 nostrorum

378 1395 413 1460 in
429 1393 489 1461 hee
504 1395 627 1462 verba:

487 1502 557 1570 Nos
573 1502 690 1572 Gallus
713 1503 838 1573 Diuina
862 1504 1075 1574 miseracione
1099 1503 1283 1590 episeopus
1298 1501 1518 1568 lranssilua-

379 1629 440 1677 nus
455 1611 518 1679 stb.
543 1609 755 1700 (kevetkeailr
780 1632 819 1680 az
838 1611 972 1680 1254-ii
988 1614 1142 1698 olrmtuy,
1168 1611 1249 1679 mint
1267 1610 1404 1678 ientebb
1434 1609 1517 1675 261.

378 1739 423 1788 sn.
441 1719 549 1808 alatt.)

487 1827 556 1896 Nos
573 1829 739 1914 igiturest,
755 1848 820 1914 que
829 1848 888 1916 per
902 1827 970 1897 iam
986 1825 1091 1897 diotos
1107 1827 1221 1895 fideles
1231 1831 1361 1894 nostros
1376 1845 1420 1892 ex
1437 1843 1516 1889 eon·

379 1935 527 2006 cessione
550 1937 584 2003 in
601 1937 664 2004 hae
688 1943 783 2023 parte
807 1935 897 2005 laeta
922 1941 1007 2022 sunt,
1035 1943 1108 2004 rata
1133 1936 1300 2019 habentes,
1327 1933 1515 2004 seeundum

380 2045 617 2113 eontineneiam
633 2045 812 2112 litterarum
828 2045 1004 2114 eorundem
1020 2043 1163 2112 fidelium
1177 2053 1373 2128 nostrorum,
1389 2041 1514 2108 eadem

378 2153 585 2240 presentibus
599 2153 723 2220 inserta
737 2153 931 2220 auctoritate
956 2153 1159 2239 presencium
1178 2158 1334 2238 perpetuo
1355 2148 1513 2218 duximus

380 2261 611 2330 confirmanda.
636 2261 757 2328 Datum
773 2280 831 2347 per
846 2280 962 2328 manns
986 2259 1098 2328 dileoti
1114 2267 1147 2328 et
1162 2259 1268 2328 fidelis
1284 2258 1389 2328 nostri
1404 2257 1513 2342 Magi·

381 2370 441 2438 stri
455 2370 552 2437 Pauli
575 2369 738 2455 Prepesiti
753 2369 964 2437 Posouiensis
987 2368 1062 2435 aule
1084 2373 1195 2437 nostre
1211 2365 1511 2450 Viae-(laneellsrij

381 2497 466 2544 anno
481 2477 615 2543 Domini
629 2473 801 2544 ll⁰GO⁰¹L⁰
816 2495 914 2562 nono,
939 2475 1051 2562 quinto
1076 2473 1202 2543 deoimo
1227 2471 1391 2543 kalendas
1416 2472 1510 2557 tulii,

381 2584 487 2674 Regni
503 2589 612 2653 autem
627 2583 730 2653 nostri
746 2604 832 2652 anno
848 2582 1003 2653 vieesimo
1019 2589 1146 2669 quarto.

569 2778 710 2848 (Eredetie
723 2797 740 2834 a
751 2781 946 2852 pannonhelmi
955 2780 1100 2854 stapitsig
1112 2780 1318 2848 levtlttrtbsni

818 3067 1079 3085 Ἠ

910 3539 988 3608 356.

383 3702 443 3773 lv.
458 3701 543 3772 Belo
556 3703 660 3790 ls'rdly
676 3703 859 3790 adomooya
875 3702 991 3770 Meros
1005 3705 1219 3792 Eymereltfia
1235 3711 1394 3774 ramora.
1409 3705 1500 3773 1259.

490 3881 572 3949 Bela
587 3879 650 3948 Dei
675 3881 789 3966 grauia
814 3880 993 3967 Hangarie,
1013 3883 1195 3969 neruosis,
1221 3883 1366 3971 (irensis,
1392 3887 1498 3970 Reme,

382 3991 505 4075 Seruio,
533 3988 684 4075 Gallieie,
710 3990 913 4075 Lodomerie,
940 3990 1160 4079 (inmaniaque
1176 3995 1245 4060 Rex
1261 3995 1410 4062 omnibus
1434 4015 1497 4082 pre·

382 4105 490 4168 sentes
504 4099 631 4168 litteras
647 4099 844 4185 inspeeturis
859 4098 996 4166 salutem
1012 4100 1046 4166 in
1063 4119 1141 4168 uero
1158 4100 1306 4168 salutari.
1326 4102 1369 4168 Vt
1383 4105 1497 4186 Regum

382 4207 580 4278 donaeiones
605 4215 765 4294 perpetua
789 4206 954 4276 soliditate
979 4207 1163 4294 firmentur,
1196 4209 1377 4278 litterarum
1402 4209 1498 4276 solent

381 4315 566 4384 testimonio
581 4316 748 4401 roborari3
775 4317 1003 4385 inconcussam
1019 4320 1141 4404 quippe
1157 4323 1328 4406 permanet
1342 4325 1440 4402 atque
1451 4320 1496 4386 fir-

381 4445 478 4506 mum,
496 4425 584 4509 quod
599 4427 702 4510 Regio
717 4424 815 4494 luerit
829 4426 1011 4513 patrooinio
1037 4428 1277 4495 commonitum.
1306 4425 1445 4494 Proinde
1458 4425 1495 4492 ad

384 4531 608 4601 uniuersorum
632 4534 787 4601 notieiam
803 4538 915 4601 tenore
931 4532 1135 4620 presencium
1160 4535 1308 4603 uolumus
1324 4534 1495 4621 peruenire,

383 4638 471 4726 qnod
485 4641 689 4712 attendentes
704 4641 846 4712 seruioia
864 4641 1003 4731 Nioolay
1019 4641 1078 4730 filij
1094 4642 1267 4730 llymerelr‚
1285 4663 1347 4729 que
1362 4645 1453 4710 uobis
1465 4643 1492 4711 iu
