3168 5186
625 957 702 1026 325.

82 1158 156 1223 IV.
185 1161 269 1227 Be'la
285 1159 390 1245 lircily
410 1183 431 1224 a
454 1155 585 1244 Gyiirpp
598 1158 813 1246 foldbirtolos
829 1165 861 1228 c's
876 1188 896 1228 a
912 1168 1062 1252 csopcoayi
1077 1163 1228 1252 canatque

321 1269 326 1280 '
350 1265 430 1332 ltzti
451 1265 645 1332 circuloso-tt
667 1269 850 1353 maperlisz'tt'.
873 1273 970 1337 1257.

205 1461 288 1529 Bela
312 1461 374 1528 Dei
396 1461 507 1546 gracie
532 1461 709 1548 Hungarie,
735 1463 914 1554 Dalmacie,
942 1466 1086 1554 Groacie,
1113 1471 1221 1555 Rama

80 1573 217 1655 Seruis,
244 1569 395 1657 Gallicis,
419 1569 619 1653 Lodomerie,
652 1572 870 1658 Cumanieqne
885 1577 953 1643 Rex
978 1577 1125 1645 omnibus
1155 1597 1221 1664 pro

79 1690 203 1748 sentes
220 1681 346 1747 litteras
362 1677 557 1766 inspecturis
581 1713 1221 1734 -----------
1244 1746 1249 1769 Ι

80 1827 133 1840 --
150 1825 197 1839 -
214 1825 258 1838 -
273 1826 317 1838 -
334 1787 377 1857 tis
393 1787 515 1855 suis-
531 1823 575 1836 ·-
591 1824 635 1837 -
651 1824 694 1838 -
710 1789 817 1876 ndem,
834 1798 870 1858 vl
884 1800 916 1860 et
931 1792 1009 1862 illas
1024 1793 1058 1861 in
1076 1813 1220 1862 concam-

81 1899 146 1966 bio
180 1897 332 1965 consulat
362 1897 553 1984 competenti
580 1933 1220 1951 ------------

84 2245 191 2310 quam
209 2244 268 2309 pro
278 2223 426 2310 semicijs
442 2221 682 2292 ctfidcliatibns
697 2225 791 2292 nobis
807 2226 962 2310 impensis
973 2225 1113 2313 Georgio
1124 2263 1221 2276 -—

87 2369 135 2380 -
157 2367 550 2381 ———————
565 2332 815 2418 contuleramus,
827 2370 870 2382 -
880 2370 924 2383 -
935 2336 1043 2420 pnmd
1058 2371 1102 2384 -
1117 2371 1160 2384 -
1177 2373 1220 2384 -

86 2479 135 2490 —
152 2475 199 2490 —-
214 2476 258 2489 -
275 2448 309 2507 ta
325 2439 507 2526 hospitibus
524 2439 564 2505 de
579 2438 745 2524 Chepcrcg
761 2477 1220 2493 --------

86 2551 200 2634 ipsam
217 2556 336 2616 terram
361 2549 481 2616 nostris
499 2548 681 2633 hospitibus
698 2548 794 2617 dictis
813 2547 854 2616 dc
870 2551 1036 2637 Ghepcreg
1051 2553 1220 2638 assignan-

87 2666 102 2724 t
113 2691 633 2707 ---------
643 2657 758 2743 lentcs,
770 2666 890 2725 terram
900 2661 1071 2728 Emnsdin
1083 2661 1221 2728 confinio

88 2766 283 2834 existentem
310 2763 522 2832 sufficientem
537 2800 581 2814 —
602 2803 634 2811 -
656 2801 700 2816 -
725 2765 835 2832 decern
860 2773 1041 2834 aratrorum
1061 2803 1102 2816 -
1120 2805 1157 2814 -
1176 2806 1220 2817 -

91 2912 137 2924 —-
154 2909 187 2921 -
211 2873 351 2960 Georgio
368 2880 523 2960 perpetuo
541 2871 691 2941 duximus
707 2873 918 2940 statuendam
943 2875 976 2940 in
1001 2874 1105 2958 ipsius
1122 2881 1153 2940 et
1169 2875 1222 2942 he·

89 2987 209 3056 redum
236 3006 368 3055 snorum
386 3020 845 3034 --------
862 3006 926 3053 am.
968 2987 1066 3054 Cuius
1091 2986 1219 3072 quidem

90 3103 188 3180 mete,
206 3101 302 3182 prout
316 3095 350 3160 in
368 3093 486 3161 litteris
502 3092 644 3180 Nicolay
661 3091 797 3161 Comitis
814 3094 921 3162 Castri
937 3095 1045 3162 Ferrei
1062 3094 1173 3162 dilecti
1189 3101 1221 3160 et

90 3205 201 3272 fidelis
218 3203 321 3272 nostri
332 3201 488 3272 contineri
500 3199 649 3290 uidimus,
665 3202 726 3269 hoc
742 3201 854 3269 ordine
863 3201 1097 3288 distinguntur:
1111 3201 1222 3268 Prima

89 3321 182 3380 meta
198 3311 315 3399 incipit
331 3313 425 3380 iuxta
445 3310 602 3396 Lopouch
618 3328 715 3400 super
733 3310 816 3380 duas
832 3311 974 3398 arbores,
994 3310 1146 3380 uidelicet
1161 3335 1222 3399 opr

93 3429 127 3487 et
144 3418 267 3488 silicem
280 3443 287 3504 ;
303 3425 335 3485 ct
344 3417 464 3487 abhinc
475 3416 639 3503 egreditur
654 3418 697 3484 ad
711 3423 821 3503 partas
833 3418 1015 3506 orientales,
1030 3427 1062 3485 et
1075 3417 1225 3506 peruenit

91 3528 137 3594 ad
158 3527 292 3595 fluuium
309 3527 489 3612 Eztcrmcg‚
514 3525 608 3592 iuxta
633 3545 727 3611 quem
743 3532 820 3594 sunt
844 3525 906 3593 due
930 3535 1013 3594 mete
1028 3546 1125 3615 super
1140 3525 1222 3595 duas

91 3635 227 3724 silicos;
250 3634 325 3703 inde
341 3635 506 3703 transiens
522 3633 630 3720 ipsum
654 3635 788 3703 fluuium
804 3637 893 3704 vonit
915 3637 950 3703 in
965 3636 1052 3705 valle
1067 3636 1110 3704 ad
1126 3656 1222 3723 quen·
1347 3699 1349 3710 ,

97 3745 175 3811 clam
193 3763 333 3829 pomum,
364 3742 418 3810 ubi
435 3750 509 3810 sunt
525 3742 587 3810 due
606 3751 710 3829 mcte;
742 3743 863 3812 abhinc
887 3742 1065 3813 ascendens
1080 3750 1220 3811 montem

92 3852 188 3919 uadit
203 3849 247 3917 ad
263 3851 388 3918 silicem
404 3871 512 3938 unam,
528 3856 560 3917 et
577 3850 620 3919 ad
636 3851 783 3918 fruticem
799 3853 949 3939 rokcrtpa,
963 3850 1018 3918 ubi
1031 3847 1133 3917 eciam
1147 3856 1222 3918 sunt

91 3960 159 4026 duc
175 3967 279 4044 mete;
296 3958 416 4025 deinde
431 3958 569 4025 tendens
585 3958 629 4026 ad
644 3965 756 4047 partes
770 3957 1000 4026 meridionales
1015 3957 1163 4044 peruenit
1177 3957 1221 4024 ad

92 4069 178 4136 duas
195 4067 314 4152 silices,
342 4067 397 4136 ubi
411 4075 488 4135 sunt
513 4066 577 4134 due
592 4072 699 4155 mete3
729 4064 847 4135 deinde
862 4064 963 4133 tendit
977 4062 1020 4130 ad
1036 4083 1132 4132 uuam
1152 4085 1219 4133 ma-

93 4198 192 4264 gnam
209 4175 334 4243 silicem
351 4194 451 4261 super
467 4194 563 4243 unam
578 4181 717 4263 metam3
747 4173 866 4243 abhinc
889 4174 1003 4240 iterum
1019 4171 1110 4240 vadit
1124 4191 1221 4258 super

94 4287 177 4354 duas
194 4303 334 4369 magnas
351 4283 474 4368 silices,
497 4281 553 4351 ubi
569 4291 645 4353 sunt
659 4291 760 4371 metm
787 4281 906 4349 abhinc
925 4279 1027 4349 eciam
1047 4280 1220 4350 reflectitur

94 4394 137 4464 ad
157 4399 268 4480 partes
284 4391 512 4478 occidentales,
537 4399 569 4460 et
587 4390 676 4458 uenit
691 4390 735 4458 ad
752 4389 911 4475 quendam
927 4387 1058 4472 iontem,
1077 4387 1133 4455 nbi
1145 4393 1220 4456 sunt

93 4513 176 4572 mete
192 4508 254 4574 sub
269 4504 386 4573 arbore
400 4497 534 4577 lauram
557 4499 675 4569 deinde
690 4499 817 4568 rediens
834 4497 877 4565 ad
891 4493 1070 4585 predictum
1085 4493 1218 4563 fluuium

93 4615 273 4699 Entermcg,
299 4611 354 4682 ubi
373 4617 449 4682 sunt
464 4610 527 4678 duc
550 4618 637 4678 mete
651 4607 711 4677 sub
735 4605 862 4677 duabus
881 4603 1050 4674 arboribus
1075 4627 1151 4693 aptet·
1164 4624 1218 4671 vo·

94 4723 194 4811 catis3
218 4721 274 4792 rbi
298 4721 402 4791 eciam
427 4718 589 4790 hansiens
613 4717 718 4805 ipsum
738 4715 871 4786 fluuium
886 4712 1059 4788 reuertitur
1077 4711 1122 4782 ad
1135 4711 1219 4782 duas
