3226 5194
392 1108 523 1194 Εραῐαίο
541 1113 634 1173 cdrou
648 1107 771 1194 lrc‘zcc'pc
786 1129 843 1194 cyp
858 1109 965 1173 cdrosc‘
978 1107 1107 1172 mulctet
1122 1109 1167 1172 ud
1178 1109 1392 1176 haecubam.
1422 1109 1525 1174 1258.

498 1307 538 1372 In
553 1303 682 1374 nominc
698 1302 799 1370 eterni
817 1309 850 1370 ct
865 1303 982 1371 summi
998 1303 1061 1370 Dei
1077 1307 1192 1372 Amen.
1209 1305 1304 1374 Anno
1320 1307 1524 1376 incarnatio

391 1413 444 1479 nis
468 1410 613 1478 eiusdem
638 1410 811 1477 millesimo
838 1409 1061 1478 ducentesimo
1092 1411 1363 1498 quinquagesimo
1390 1423 1523 1499 octauo,

392 1521 569 1588 indictione
594 1519 747 1600 secunda,
780 1517 879 1586 tertia
904 1517 1032 1585 decima
1056 1518 1110 1586 die
1135 1521 1283 1588 exeuntis
1312 1523 1524 1590 Novembris.

390 1628 607 1717 Temporibus
639 1625 761 1695 domini
788 1626 919 1712 Rogerij
945 1625 1144 1695 venerabilis
1174 1627 1383 1715 Spalatcnsis
1409 1631 1524 1698 Archi-

392 1737 557 1826 episcopi,
584 1736 705 1804 nobilis
731 1733 792 1800 viri
818 1733 978 1801 cuidonis
1004 1734 1139 1801 comitis
1164 1736 1280 1820 Veglie
1308 1737 1468 1805 blodrnse
1493 1748 1525 1806 et

391 1845 545 1916 Vinodoli
562 1843 745 1927 Potestatis,
768 1844 864 1909 Srcze
881 1842 1008 1926 (lucete,
1026 1843 1176 1929 Gregorii
1192 1843 1305 1931 Grubi,
1326 1847 1440 1914 Debre
1459 1849 1524 1914 Dn-

391 1955 649 2039 saueJudicurn5
670 1951 865 2019 Laurentius
874 1948 996 2018 domini
1007 1951 1183 2019 Potestatis
1202 1952 1364 2041 vicarius,
1384 1955 1524 2024 Jndices

392 2073 426 2133 et
440 2063 636 2150 consiliarii,
654 2081 713 2147 pro
729 2058 869 2127 utilitate
885 2065 918 2126 et
932 2061 1129 2130 necessitate
1149 2063 1247 2130 totius
1267 2063 1524 2132 communitatis

392 2172 608 2241 vendiderunt
617 2168 719 2238 Subbi
727 2167 871 2236 Truume
881 2168 1051 2236 introbitus
1061 2170 1319 2238 molendinorum
1330 2172 1407 2238 bine
1418 2194 1522 2261 usquc

392 2281 436 2349 cd
452 2279 607 2347 tredecim
624 2297 751 2345 menses
768 2275 916 2362 proximo
942 2284 1093 2345 uenturos
1109 2278 1199 2347 linito
1217 2279 1321 2366 pretio
1338 2288 1371 2347 el
1388 2285 1520 2369 precisa

394 2390 581 2456 uenditionc
597 2396 823 2454 sexcentarum
840 2387 997 2454 librarum
1013 2389 1220 2458 denariorum
1232 2411 1419 2477 parcorum,
1439 2411 1520 2476 quas

393 2498 495 2564 libras
520 2497 593 2582 ipse
617 2495 745 2563 soluere
771 2495 869 2560 debet
889 2495 1119 2563 communitati
1144 2497 1231 2564 iufra
1249 2497 1314 2564 biis
1340 2499 1518 2585 mensibus,

393 2604 518 2671 scilicet
542 2603 576 2668 in
601 2603 747 2686 quolibet
777 2621 887 2668 mense
913 2601 1150 2687 quinquaginta
1175 2604 1277 2671 libras
1308 2604 1519 2674 denariorum

392 2732 567 2799 parcorum
584 2729 687 2792 usque
703 2709 747 2774 ud
763 2709 892 2794 plenam
906 2711 1101 2777 solutionem
1118 2708 1337 2797 predictarum
1348 2712 1521 2798 librarum,

392 2841 464 2887 cum
480 2821 637 2888 bonorurn
663 2837 792 2884 snorum
817 2817 1019 2902 obligatione
1035 2825 1067 2885 et
1082 2819 1143 2886 sub
1159 2839 1246 2906 pena
1270 2817 1372 2906 dupli.
1393 2823 1519 2890 Molen-

392 2929 471 2995 dina
481 2949 558 2995 vero
574 2931 649 2992 sunt
664 2925 696 2991 in
706 2925 841 3007 Salona,
857 2925 891 2990 in
909 2926 1028 3009 quibus
1038 2927 1243 2994 moluntocto
1260 2927 1354 3010 mole,
1371 2935 1405 2995 et
1421 2926 1521 2995 debet

391 3037 561 3128 percipere
577 3032 683 3100 dietus
693 3033 804 3100 Sabbe
820 3053 841 3098 a
858 3035 1097 3102 macinantibns
1112 3036 1144 3101 in
1157 3036 1205 3102 eis
1221 3033 1393 3103 duodecim
1410 3043 1443 3102 ct
1453 3057 1519 3104 non

391 3147 477 3235 plus.
495 3146 667 3230 Expensus
693 3147 850 3206 autumet
874 3141 941 3209 alia
956 3144 1155 3226 necessaria,
1181 3163 1244 3225 que
1264 3144 1353 3208 circa
1368 3143 1518 3229 predicta

391 3254 578 3322 molendina
592 3249 773 3336 oportuerit
790 3247 906 3334 iacere,
924 3249 965 3316 de
982 3269 1040 3316 suo
1057 3249 1190 3337 proprio
1207 3250 1316 3316 fucere
1342 3251 1519 3335 tenebitur,

391 3371 424 3430 ct
439 3363 512 3448 ipsa
529 3357 716 3426 molendina
732 3356 767 3420 in
793 3359 903 3441 capite
928 3358 1008 3422 anni
1032 3358 1156 3424 reversi
1173 3377 1245 3423 cum
1266 3357 1417 3425 omnibns
1444 3359 1519 3424 arti-

390 3471 467 3539 dtiis
484 3476 516 3536 et
532 3464 727 3534 necessariis
753 3485 837 3530 sana
862 3465 949 3531 dicte
965 3465 1195 3531 communitati
1221 3465 1313 3532 dabit
1338 3473 1371 3532 et
1391 3465 1516 3551 reddet,

391 3583 527 3663 excepto
552 3575 684 3642 simula
709 3573 920 3659 frangeretur,
949 3593 1047 3656 quam
1063 3595 1128 3640 non
1154 3581 1289 3656 mutare,
1317 3573 1375 3640 sed
1401 3582 1518 3659 aptare

390 3687 444 3755 vel
461 3703 616 3770 reparare
641 3682 811 3749 tenebitur.
836 3681 871 3748 Si
887 3681 1008 3748 icrrnm
1025 3700 1101 3748 uero
1127 3680 1339 3766 frangeretur,
1367 3681 1515 3749 commu·

390 3795 478 3862 nitas
503 3793 533 3858 ei
550 3811 590 3858 ex
616 3791 724 3876 gratia
740 3789 841 3855 aliurn
868 3787 1082 3856 accomodare
1106 3789 1261 3875 promisit.
1288 3791 1331 3855 Et
1344 3788 1372 3855 si
1398 3808 1516 3872 guerra

390 3901 496 3970 medio
512 3909 658 3988 tempore
672 3897 913 3986 supervenisset
928 3897 1168 3982 communitati,
1186 3917 1284 3982 quum
1305 3897 1456 3966 homines
1473 3895 1515 3962 ud

390 4009 609 4078 molendinum
625 4009 752 4076 irenen
769 4011 921 4094 possent,
939 4013 1093 4091 quantum
1111 4005 1241 4074 durabit
1255 4006 1431 4092 illatimor,
1448 4012 1515 4072 tan·

387 4125 456 4185 tum
482 4118 630 4204 predicta
653 4115 876 4184 communitas
901 4121 1047 4200 tempore
1072 4115 1164 4201 pacis
1190 4113 1354 4182 tenebitur
1377 4113 1514 4182 redinte-

388 4246 484 4311 grare
509 4231 541 4291 et
557 4229 740 4290 restaurare
755 4222 900 4308 predicto
924 4220 1035 4288 Sabbi.
1061 4224 1104 4289 Et
1119 4223 1146 4289 si
1173 4223 1317 4290 latrones
1334 4223 1389 4290 vel
1413 4221 1513 4304 aliqui

387 4333 466 4400 mali
482 4331 629 4399 homines
646 4331 833 4398 molendina
851 4330 901 4396 uel
919 4328 1024 4397 molas
1041 4329 1239 4416 frangerent,
1260 4329 1413 4398 similiter
1427 4330 1514 4396 conr-

388 4439 526 4507 munitas
543 4439 705 4506 tenebitur
722 4436 764 4504 dc
781 4457 839 4504 suo
864 4435 994 4522 proprio
1020 4453 1188 4522 reparare.
1212 4437 1329 4502 Actum
1346 4437 1379 4503 in
1397 4435 1513 4522 ospib'o

386 4546 509 4615 domini
533 4545 711 4613 Potestatis
737 4546 771 4612 in
801 4544 973 4631 presencia
998 4543 1095 4611 curie
1121 4551 1155 4612 et
1178 4543 1340 4612 Jobannis
1367 4542 1511 4631 cigaidc,

386 4653 498 4719 Dnimi
514 4652 669 4737 cassarij,
685 4653 791 4719 blicbe
808 4651 909 4719 bladii
927 4659 959 4718 et
974 4651 1116 4737 plurium
1132 4652 1279 4720 aliorum.
