3210 5194
596 373 756 478 Δί...

120 571 215 659 nandi,
239 589 300 638 nec
316 571 382 640 alic
398 573 497 643 modo
522 574 557 641 in
572 575 717 659 aliquam
744 593 921 660 personam
940 575 1160 646 transferendi
1175 598 1241 646 non

120 680 228 748 babeat
253 677 465 769 facultatem
497 681 641 751 senatum
666 682 771 750 eciam
796 684 1008 770 septuaginta
1031 685 1182 770 iugerum
1207 684 1242 751 in

120 790 222 858 eadem
232 796 331 877 terra,
349 798 383 860 et
398 791 560 879 piscinam
576 813 648 861 cum
660 793 732 861 loco
748 795 926 880 piscature,
940 794 1027 878 quod
1042 795 1129 880 wigo
1143 805 1239 882 topua

121 898 234 984 dicitur,
250 905 285 966 et
303 900 446 968 insulam
462 921 664 970 communem
689 922 762 969 cum
778 901 854 987 alijs
870 903 992 988 mnltis‚
1018 904 1074 970 ubi
1091 911 1165 970 sunt
1180 904 1242 971 nir·

120 1005 199 1089 gullo
210 1012 241 1072 et
254 1007 376 1092 viginti
400 1016 525 1095 septam
541 1011 677 1077 arbores
692 1009 757 1096 piri
773 1010 944 1095 siluestris,
967 1011 1010 1076 ab
1026 1011 1094 1077 illis
1120 1012 1238 1078 castris

121 1120 276 1201 exemptus
304 1113 411 1182 eidem
435 1115 582 1184 Ecclesie
606 1116 821 1200 contulimus,
852 1117 922 1184 iure
947 1124 1106 1206 perpetuo
1136 1119 1238 1205 possi·

120 1220 240 1289 dendas.
265 1222 414 1290 Nomina
437 1243 514 1291 uero
530 1223 792 1310 supradictorum
817 1226 1034 1292 castrensium
1050 1232 1126 1293 sunt
1156 1225 1236 1292 hac:

120 1328 223 1416 Raiba,
239 1329 312 1417 Cel,
329 1333 469 1417 Tywan,
486 1333 638 1418 Pincusd‚
650 1333 773 1418 Bugar,
789 1331 915 1417 Boxud‚
928 1333 1011 1400 flete
1027 1333 1238 1401 etNicolaus.

120 1437 156 1504 Vt
168 1435 261 1522 igitur
275 1441 375 1509 huius
400 1447 510 1509 nostre
528 1441 748 1509 concessionis
764 1440 865 1508 series
885 1441 979 1509 salua
996 1446 1029 1508 et
1043 1441 1240 1510 inconcussa

120 1553 320 1635 permaneat5
348 1555 532 1634 presentem
556 1549 712 1636 paginam
728 1547 869 1634 duplicis
895 1547 997 1634 sigilli
1012 1551 1118 1617 nostri
1140 1549 1242 1615 muni·

119 1652 195 1719 mine
217 1653 377 1724 duximus
391 1653 621 1723 roborandam.
647 1657 769 1723 Datum
784 1654 876 1721 Bude
901 1674 988 1724 anno
1004 1657 1177 1724 Dominioe
1196 1658 1243 1722 ln-

120 1763 314 1830 oamacicnis
331 1764 378 1829 lt⁰
389 1762 575 1829 00⁰XXX⁰
591 1784 686 1851 nono,
704 1761 848 1830 secundo
864 1782 968 1830 nouas
984 1762 1110 1849 Maroij‚
1135 1764 1242 1849 Regni

120 1877 217 1936 autern
230 1872 338 1941 nostri
356 1892 444 1940 anuo
468 1877 595 1958 quarto.

327 2069 436 2136 (Knaun
448 2067 567 2134 stodor,
580 2071 696 2138 Magysr
710 2070 778 2123 Sion
789 2069 826 2122 11.
838 2069 897 2121 ket.
910 2069 972 2122 ter.
989 2069 1019 2136 1.)

652 2875 709 2944 46.

122 3075 174 3141 IV.
188 3075 271 3143 Belo
287 3073 396 3162 kirety
406 3071 526 3142 Caertiit
541 3078 573 3140 aa
587 3073 734 3139 rckoacit
750 3096 771 3138 a
786 3073 967 3159 aeepszctrda'
975 3075 1111 3160 cpdtsdp
1126 3073 1245 3139 aznbud

402 3182 578 3270 jobbctpyni
592 3181 686 3247 ledaei
698 3202 834 3246 cornera.
854 3181 952 3244 1239.

232 3380 320 3446 Bela
343 3379 406 3446 Dei
431 3379 546 3463 gracia
570 3378 726 3462 Vngerie,
753 3375 933 3459 Dalmacie,
959 3373 1105 3460 croceio,
1130 3375 1243 3462 Reme,

123 3486 238 3574 Samia,
255 3485 395 3574 (delicie,
412 3485 616 3570 Lodomerie,
634 3484 854 3570 Cumanieque
869 3487 939 3550 Rex
958 3482 1107 3550 omnibus
1124 3480 1245 3550 christi

122 3592 271 3662 fidelibus
293 3611 429 3680 presens
453 3593 608 3679 seriptum
624 3591 819 3677 inspecturis
843 3591 982 3658 salutem
999 3587 1032 3655 in
1049 3609 1098 3676 eo,
1124 3591 1180 3674 qui
1196 3597 1247 3657 est

123 3702 207 3772 salus
223 3702 370 3770 omnium
394 3701 428 3766 in
444 3720 480 3768 se
496 3699 712 3769 credencium.
737 3698 807 3766 Etsi
825 3701 926 3766 uinus
946 3697 1091 3782 quelibet
1107 3717 1166 3766 suo
1182 3718 1246 3766 non

124 3812 236 3880 debeat
251 3810 380 3898 premio
405 3807 614 3894 defrandari3
641 3808 782 3874 fidelitas
797 3812 907 3873 tamnu
932 3825 971 3873 eo
997 3804 1247 3871 habundancius

123 3927 168 3986 est
190 3917 376 3988 attollenda
398 3918 599 4004 premiisqua
624 3915 857 4002 temporalibus
877 3914 1073 4001 propensius
1099 3931 1247 3997 compen·

123 4029 233 4114 sanda,
251 4033 377 4110 quanto
401 4025 476 4113 ipsa
491 4032 617 4093 ceteras
627 4024 770 4091 uirtutes
795 4021 948 4109 politicas
971 4015 1145 4104 antecedit,
1172 4018 1249 4085 licet

123 4157 248 4204 omnem
272 4134 486 4221 temporalem
519 4132 725 4200 affluenciam
755 4150 819 4198 non
845 4127 997 4195 inmerito
1028 4123 1246 4191 transcendet.

124 4243 203 4312 Hinc
218 4251 281 4330 est,
298 4244 386 4329 qnod
401 4243 445 4309 ad
460 4244 684 4309 uniuersorum
699 4237 854 4305 noticiam
867 4233 1070 4322 presencium
1089 4251 1128 4299 ao
1144 4238 1249 4316 poste·

123 4375 230 4423 rorum
245 4355 365 4422 barum
384 4359 497 4419 tenore
515 4350 665 4416 uolumus
680 4344 862 4434 peruenire,
879 4343 966 4426 quod
985 4359 1058 4408 cum
1073 4336 1178 4406 fidelis
1194 4358 1249 4404 no-

123 4469 187 4532 ster
201 4462 327 4530 (thern
342 4480 364 4527 a
378 4458 534 4547 primeuis
550 4455 694 4544 puericie
710 4459 821 4521 nostre
839 4456 872 4517 et
882 4468 939 4517 sue
956 4443 1156 4534 temporibus
1177 4465 1250 4513 con·

124 4577 247 4639 smnter
273 4570 370 4637 nobis
396 4567 557 4635 adherens
581 4564 801 4632 indesinenter
825 4563 859 4626 et
884 4554 1048 4626 indefesse
1072 4552 1195 4620 utiliter
1211 4573 1249 4620 ac

124 4681 274 4766 fideliter,
301 4681 334 4746 in
352 4681 464 4762 Regno
490 4685 522 4743 et
548 4681 642 4742 extra
656 4677 816 4760 Regnum,
842 4667 983 4736 maxime
1008 4686 1080 4731 cum
1104 4668 1250 4748 tempore

1048 4781 1066 4836 5
1074 4783 1087 4816 ’t
