3186 5188
854 369 1009 472 Q

368 580 504 648 clericus
519 598 578 666 pro
594 554 691 647 Sedis
708 580 900 667 Apostolice
925 579 1064 666 negotiis
1081 580 1229 668 fideliter,
1249 591 1284 652 ut
1299 584 1504 669 accepimus,

367 686 537 772 laborarit,
551 686 703 773 precibus
719 686 876 772 inclinati,
902 707 942 755 ac
957 689 1038 774 ejus,
1053 707 1126 755 cum
1142 708 1267 777 pauper
1283 690 1336 776 sit,
1353 690 1500 759 volendo

366 813 502 879 parcere
517 792 683 863 laboribus
700 803 732 864 et
747 795 911 885 expensis,
927 796 1130 883 mandamus,
1147 796 1310 887 quatinus,
1326 798 1355 866 si
1371 805 1422 867 est
1435 799 1504 883 ita,

368 902 574 970 revocatione
594 902 788 990 hujusmodi,
811 905 865 972 rel
890 903 1036 989 qualibet
1059 905 1247 993 Apostolice
1270 905 1365 974 Sedis
1392 905 1506 972 indul-

369 1009 482 1095 gentia
497 1029 563 1078 uon
580 1009 742 1098 obstante,
757 1017 823 1077 tarn
840 1012 1019 1098 aDecauo‚
1037 1019 1070 1080 et
1086 1009 1247 1099 Capitale,
1263 1032 1360 1097 quam
1375 1011 1418 1080 ab
1434 1014 1503 1080 Ab·

369 1118 496 1188 butissa
519 1125 552 1186 et
566 1119 735 1188 Gouveutu
750 1118 906 1205 predictis
926 1119 1023 1206 juxta
1038 1119 1157 1206 prelati
1173 1120 1343 1189 Scolastici
1358 1119 1501 1186 directa·

368 1247 439 1296 rum
462 1225 507 1294 ad
522 1227 613 1315 ipses
627 1226 861 1296 continentiam
885 1228 1066 1298 litterarum
1082 1227 1276 1297 auctoritate
1292 1226 1396 1296 facias
1410 1228 1501 1314 Apo·

369 1335 487 1404 stolica
500 1333 683 1422 providere.
708 1331 972 1404 contradictores
990 1343 1050 1406 etc.
1075 1338 1198 1403 Datum
1213 1335 1364 1422 Lugduni
1388 1335 1500 1404 idibus

371 1441 582 1531 Septembris,
597 1441 810 1510 Pontificatus
827 1442 931 1511 nostri
947 1462 1032 1512 auno
1048 1442 1172 1530 quinto.

700 1621 857 1691 (Turgeuev
869 1623 905 1676 id.
918 1641 953 1678 uu.
965 1627 989 1678 1.
1003 1626 1058 1677 ket.
1071 1621 1115 1679 66.
1128 1624 1159 1692 1.)

891 2340 967 2410 1st.

365 2509 389 2574 l
392 2508 425 2575 V.
441 2509 530 2575 Iacca
548 2510 639 2596 pcipe
663 2507 816 2575 Wcsat'lkc
832 2507 1023 2574 [auduom-io
1046 2507 1232 2593 kirdlpclaok
1254 2508 1433 2592 Mzaesdpa
1460 2519 1501 2572 te-

668 2614 1006 2699 lc'rttetdbcasclmcrttdat
1020 2613 1076 2683 dd.
1094 2609 1193 2682 1247.

472 2792 680 2862 Innocentius
706 2791 887 2881 Episcopus
903 2809 1017 2861 seruus
1032 2809 1217 2860 acervorum
1242 2789 1305 2858 Dei
1321 2791 1498 2861 carissimo

364 2903 399 2968 in
424 2901 552 2970 Christo
576 2899 642 2970 lilio
667 2898 851 2968 Waliliconi
867 2897 953 2988 (tgy)
974 2898 1168 2968 Lodomerie
1191 2897 1274 2983 Regi
1299 2898 1441 2968 salutem
1465 2907 1501 2966 et

366 3007 591 3096 Apostolicsm
607 3004 876 3076 benedictionem.
901 3006 971 3074 Etsi
995 3005 1177 3092 conjunctio
1201 3005 1319 3094 copule
1343 3005 1500 3094 conjuga-

366 3115 408 3186 lis
428 3116 462 3186 in
489 3116 586 3184 tertia
610 3121 643 3184 et
666 3121 786 3201 quarta
810 3114 1104 3200 consanguinitatis
1128 3115 1181 3183 vel
1206 3113 1378 3184 affinitatis
1406 3115 1498 3184 linea

367 3225 471 3294 sacris
496 3225 541 3293 sit
562 3224 742 3293 canonibus
757 3223 940 3312 interdicta,
965 3222 1100 3310 provide
1116 3230 1225 3291 minen
1251 3241 1349 3311 snper
1368 3221 1433 3292 biis
1448 3221 1496 3290 in·

365 3331 493 3401 tardum
508 3334 659 3401 Romarm
674 3332 845 3419 dispensat
859 3329 1018 3416 Ecclesia,
1035 3330 1178 3400 maxime
1193 3350 1267 3399 cum
1276 3335 1370 3414 urget
1386 3349 1500 3398 ueces-

367 3441 461 3527 sitas,
476 3440 531 3508 rel
546 3438 680 3508 evidens
696 3438 822 3508 utilitas
837 3437 872 3505 id
888 3438 1045 3526 exposcit.
1062 3439 1143 3507 Onna
1158 3437 1258 3523 igitur
1276 3436 1447 3508 carissime
1463 3437 1497 3504 iu

365 3547 493 3616 Christo
509 3545 575 3614 filie
591 3544 765 3616 Dubrauce
780 3546 916 3632 Regino,
932 3545 1054 3614 illustri
1071 3545 1165 3614 uxori
1188 3551 1253 3630 tue,
1271 3545 1323 3613 cui
1338 3544 1372 3611 in
1397 3542 1496 3612 tertio

365 3653 659 3740 consanguinitatis
669 3654 774 3740 gradu
787 3654 916 3740 attines,
933 3652 1215 3722 matrimonialiter
1229 3652 1276 3720 sis
1290 3655 1497 3738 conjunctus,

366 3785 425 3832 uos
442 3761 646 3831 attendentes
661 3761 877 3847 devotionem,
892 3780 990 3847 quam
1005 3761 1109 3828 habes
1125 3760 1168 3828 ad
1187 3761 1367 3828 Romanam
1383 3759 1497 3826 Eccle·

363 3870 459 3957 siam,
476 3869 628 3955 quodque
652 3869 687 3935 in
702 3887 743 3937 ea
759 3887 889 3936 manere
908 3867 1088 3954 desideras,
1114 3874 1148 3936 et
1162 3866 1316 3936 inducere
1341 3865 1427 3935 alios
1452 3867 1498 3934 ad

368 3975 617 4064 candensis
642 3975 829 4045 huiusmodi
853 3975 1067 4064 matrimonio,
1093 3996 1157 4044 uon
1182 3975 1332 4044 obstante
1356 3977 1496 4065 impedi·

364 4096 473 4156 mento
489 4084 646 4175 predicto,
663 4103 832 4152 remanere
847 4083 948 4153 libere
963 4084 1087 4170 valeas,
1102 4091 1209 4151 tecum
1219 4083 1414 4154 auctoritate
1426 4105 1498 4170 pre·

365 4194 454 4264 dicta
461 4195 701 4280 dispensamus.
712 4192 801 4260 Nulli
812 4213 890 4280 ergo
900 4200 961 4261 etc.
972 4199 1081 4260 nostre
1090 4192 1347 4281 dispensationis
1358 4199 1421 4264 etc.
1432 4195 1496 4259 Da-

364 4308 433 4370 tum
449 4301 601 4389 Lugduni
621 4300 717 4370 nouis
733 4301 923 4371 Decembris
939 4301 1149 4371 Pontificatus
1166 4301 1255 4370 nosri
1271 4322 1358 4368 anno
1369 4301 1495 4386 quinte.

471 4410 510 4478 In
524 4409 661 4478 eundem
678 4407 808 4477 modum
823 4410 978 4496 scriptum
992 4410 1055 4478 tuit
1070 4410 1245 4477 Dubrauce
1253 4409 1389 4495 Regina,
1408 4409 1494 4494 ejus-

364 4519 437 4585 dem
453 4518 656 4586 Weliticouis
673 4518 777 4586 uxori.

700 4683 856 4748 (Turgenev
869 4682 904 4732 id.
921 4698 956 4733 nr.
970 4683 992 4735 l.
1004 4681 1060 4733 ket.
1075 4683 1117 4734 ot.
1132 4679 1162 4746 l.)
