3162 5188
811 305 960 405 „cro

325 502 375 570 sui
401 501 538 588 predicti
564 508 597 568 ct
621 519 714 568 suam
730 499 891 586 sepefatis
916 498 993 585 filijs
1021 499 1179 568 lwachini
1205 502 1238 568 iu
1264 507 1480 590 perpetuum

328 609 478 678 donando
506 607 704 678 restituisset
730 609 825 695 pleno
838 609 924 693 jure.
955 609 1091 694 Insuper
1108 607 1322 678 donacionem
1347 610 1481 676 inclite

328 717 568 787 recordacionis
602 719 706 804 patris
734 718 786 784 sui
811 716 951 802 predicti
979 734 1036 802 pcr
1067 735 1159 784 snam
1185 717 1407 786 collacionem
1438 724 1479 784 et

327 825 569 896 restitucioncm
594 825 680 892 idem
707 825 857 894 dominus
892 825 972 892 Bela
996 826 1065 892 Rex
1086 825 1209 892 eisdem
1235 825 1369 893 domino
1389 826 1475 893 Plri-

327 935 396 1021 lipo
412 935 575 1020 Episcopo
601 941 634 1000 et
650 933 774 1001 Thome
792 932 909 1001 Comiti
925 931 1103 1000 earundem
1121 932 1301 1000 litterarum
1327 952 1475 1000 suarum

327 1043 509 1132 patrocinio
535 1043 786 1129 inperpetuum
813 1042 987 1110 valituram
1018 1041 1206 1110 innouaudc
1238 1043 1477 1110 confirmasset
1533 1112 1535 1120 Α

329 1152 391 1220 sib.
409 1152 470 1219 stb.

436 1259 558 1329 Datum
568 1257 660 1326 Bnde
677 1258 885 1342 sexagesima
902 1277 988 1326 nona
1005 1257 1058 1324 dic
1080 1263 1269 1325 octonarum
1280 1258 1356 1324 sesti
1366 1257 1474 1324 Boati

329 1365 499 1434 Michaelis
516 1367 715 1452 Archangeli
740 1386 825 1436 anno
845 1363 977 1434 Domini
1004 1364 1178 1432 millesimo
1205 1364 1469 1450 quadringente-

330 1473 411 1542 simo
428 1476 625 1559 octogesimo
652 1480 752 1543 sexto.

822 1584 922 1650 Lecta
940 1592 972 1650 et
987 1587 1175 1668 presentata
1190 1599 1250 1667 per
1264 1578 1470 1665 Magistrum

998 1691 1049 1759 Jc.
1066 1689 1107 1756 de
1123 1689 1287 1756 Thwrccu

467 1889 613 1980 illaudatie
626 1886 789 1957 bdrlrirtyin
803 1906 819 1941 a
835 1891 918 1943 bndai
931 1891 982 1944 kir.
994 1892 1116 1944 kamarai
1130 1883 1319 1954 lcvtlclrban.)

765 2175 1025 2190 ψ

863 2677 936 2749 217.

342 2863 481 2932 Vocatus·
505 2862 613 2930 Irtodo
636 2863 817 2947 “aterpamr'
841 2861 923 2927 cinola
938 2861 1083 2948 biconyoc
1097 2859 1317 2946 sodomama,
1348 2859 1462 2946 malpel:

336 2967 466 3058 Gpdrpp
480 2968 710 3056 cappszomdott'
726 2967 810 3032 talos
825 2971 902 3034 uulda
918 2965 986 3031 nolui
995 2965 1212 3050 odoito'ttettelc,
1228 2989 1266 3030 oz
1281 2969 1463 3054 eaztcrpomi

608 3073 820 3160 kdptolonnok
835 3075 1076 3161 adomcupozzo.
1091 3071 1187 3139 1250.

442 3272 625 3360 Stephanus
641 3271 703 3338 Dci
718 3270 832 3358 gracia
847 3271 1078 3357 strigoniensis
1093 3272 1373 3360 archiepiscopus
1396 3289 1458 3336 om·
1516 3325 1518 3328 .

336 3381 431 3448 uibus
456 3385 625 3466 prcsentcs
650 3377 776 3446 litteras
792 3379 984 3465 inspecturis
1017 3379 1157 3449 salutem
1173 3379 1206 3446 in
1232 3379 1349 3448 salutis
1367 3379 1458 3464 largi·

336 3496 414 3556 tore.
440 3487 492 3553 Ad
515 3486 740 3555 uniuersorum
768 3487 922 3555 noticiam
948 3493 1060 3556 tcncrc
1085 3487 1289 3574 presencium
1314 3488 1458 3555 nolumus

336 3596 517 3684 peruenire,
544 3595 632 3680 quod
659 3616 731 3662 cum
759 3593 919 3682 Georgius
945 3597 986 3663 dc
1013 3597 1126 3682 Tynna
1152 3598 1185 3664 in
1212 3596 1333 3664 iudicio
1358 3595 1456 3662 villici

338 3712 581 3790 ceterorumque
604 3704 751 3790 judicum
775 3703 816 3771 de
842 3703 957 3773 eadem
973 3705 1083 3790 Tynna
1109 3705 1202 3774 nobis
1228 3706 1260 3772 in
1278 3702 1411 3788 triginta
1425 3709 1456 3767 et

338 3833 397 3882 sex
421 3811 542 3880 marcis
558 3812 685 3896 argenti
712 3810 837 3877 debitor
853 3812 1074 3896 remansisset,
1103 3818 1134 3878 ct
1151 3812 1296 3898 pluribus
1321 3809 1384 3877 sibi
1399 3817 1454 3877 ter-

338 3920 432 3989 minis
459 3918 502 3986 ad
528 3918 727 3987 solucionem
754 3918 944 4003 assignatis,
976 3939 1039 3987 ncn
1065 3919 1219 4003 haberet,
1244 3916 1331 3988 unde
1355 3917 1452 4004 ipsam

338 4047 497 4099 summam
524 4025 660 4112 pecunie
676 4027 887 4112 persoluerct‚
915 4033 947 4093 et
962 4025 1039 4094 dicti
1056 4026 1185 4094 villicus
1211 4033 1243 4094 et
1254 4025 1383 4112 jndices
1406 4045 1452 4091 cu-

337 4137 432 4222 riam,
449 4135 573 4220 domos,
590 4155 690 4221 agros
701 4143 734 4204 et
751 4135 835 4203 alias
851 4134 1085 4221 possessiones,
1103 4155 1184 4220 quas
1202 4136 1288 4203 idem
1300 4135 1450 4222 Georgius

337 4246 452 4318 habuit
467 4243 500 4310 in
511 4245 634 4329 Tynna,
653 4263 712 4330 pro
729 4242 894 4312 antedicto
912 4241 1021 4311 debito
1037 4243 1132 4312 nobis
1149 4244 1381 4330 instituissent;
1398 4262 1449 4310 cos

339 4353 472 4426 easdem
484 4352 616 4434 curiam,
635 4351 757 4435 domos,
771 4369 869 4436 agros
886 4348 1248 4437 ctaliaspossessioncs
1269 4351 1366 4438 pleno
1381 4351 1448 4436 iuro,

339 4464 422 4532 sicut
438 4459 533 4531 nobis
559 4460 687 4529 lucrant
703 4459 861 4543 institute,
878 4458 997 4527 Dicinc
1013 4459 1129 4527 intuitu
1146 4459 1288 4546 pietatis,
1309 4467 1341 4527 ct
1357 4459 1395 4528 ob
1411 4468 1455 4526 rc‘

337 4571 478 4640 modium
504 4569 612 4635 anime
638 4565 841 4653 podismal,
871 4565 986 4650 quiin
1012 4567 1151 4634 ecclesio
1175 4566 1269 4635 Beati
1289 4563 1457 4664 Adulborti
