3226 5194
630 355 781 453 ἱ5-0ιῇ

245 551 289 616 Et
305 570 367 635 ego
383 553 489 617 Lucas
506 549 709 638 spalatensis
730 549 914 618 Oenenieus
932 549 1068 617 iuratus
1084 547 1266 616 Communi-

135 658 215 722 tstis
234 657 297 724 biis
314 657 444 724 interfui
461 666 496 726 et
511 657 553 725 de
564 659 732 727 uoluntate
747 659 915 745 utriusque
929 657 1032 745 partis
1052 664 1186 743 rogatus
1205 658 1267 724 boe

135 765 236 832 breue
256 764 381 852 scripsi.
413 815 415 818 -

344 929 462 993 (Hltelea
476 926 592 983 misolst
603 945 621 981 a
633 928 707 982 beesi
720 945 757 981 es.
771 931 854 982 titkos
866 923 1058 998 leveltarben.)

568 1211 832 1230 *και-..-

658 1679 735 1747 354.

130 1863 193 1928 IV.
211 1863 292 1927 Be'la
307 1863 473 1948 leircilynak
488 1887 508 1926 a
526 1863 618 1928 Pilio·
631 1863 752 1927 vernule
775 1861 1011 1947 enycde'lyeae'ae't
1025 1882 1056 1925 ee
1071 1861 1264 1946 ademdnydt

215 1973 370 2056 tcirqyczri
380 1971 606 2056 pricileqinmo
622 1971 732 2034 Μάιία
748 1969 893 2056 kircilync'
904 1973 1061 2034 szomora.
1081 1964 1178 2032 1259.

239 2168 278 2233 In
293 2167 424 2235 nomine
440 2164 560 2232 Sancte
572 2165 746 2233 Trinitatis
763 2171 795 2233 et
805 2165 1132 2235 ludividuellnitatis
1147 2165 1261 2234 Arnen.

131 2275 215 2341 Bela
231 2275 294 2342 Dei
309 2275 423 2359 gracie
438 2272 616 2359 Hungarie,
642 2275 822 2361 Dalmaeie,
839 2273 983 2360 (ireneie,
1008 2278 1119 2364 Reme,
1136 2277 1260 2360 Servie,

131 2382 284 2471 Gallieie,
312 2382 515 2469 Lodomerie,
537 2383 758 2487 Oumanieque
780 2387 850 2451 Rex
865 2385 900 2451 in
923 2391 1124 2473 perpetuum.
1151 2387 1261 2452 Dona·

133 2494 257 2578 eiones,
284 2513 347 2577 que
372 2513 412 2560 ex
427 2494 531 2580 Regio
555 2493 769 2580 benignitatis
795 2494 1019 2564 munificencia
1045 2497 1080 2562 in
1105 2513 1263 2582 personas

131 2601 299 2685 quaslibet
315 2601 533 2688 conferuntur,
551 2623 590 2671 ee
605 2603 739 2672 firmiori
755 2603 876 2671 debent
891 2603 1007 2672 robore
1022 2602 1173 2690 stabiliri,
1197 2624 1262 2689 quo

131 2708 332 2778 tennioribus
356 2709 459 2777 claret
483 2709 625 2797 indiciis,
651 2731 785 2797 pereas
809 2711 915 2797 Regni
938 2710 1133 2778 utilitatibus
1156 2711 1261 2798 prori-

130 2816 214 2884 deri.
240 2819 282 2884 Et
302 2819 332 2884 si
347 2817 381 2884 id
397 2817 441 2886 sit
455 2818 652 2904 generaliter
678 2819 713 2884 in
728 2817 965 2887 donacionibus
990 2817 1189 2902 quibuslibet
1205 2820 1261 2886 ob-

131 2927 341 3013 servandum,
367 2928 555 3014 specialiter
579 2935 689 2996 tamen
705 2927 803 2996 debet
818 2929 852 2995 in
873 2927 1107 2994 munificenciis
1132 2935 1166 2994 et
1181 2928 1260 2996 libe-

129 3035 331 3122 ralitatibus,
348 3055 412 3122 que
423 3037 532 3105 invite
544 3036 801 3125 inseparabilem
810 3037 1056 3123 proficiscuntur
1067 3041 1260 3121 censentem,

133 3142 242 3212 modis
259 3145 410 3212 omnibus
420 3146 611 3232 observari3
629 3143 798 3232 presertim
807 3164 880 3210 eum
895 3163 956 3211 nec
964 3143 1152 3212 donatorem
1163 3164 1262 3232 appa·

129 3259 203 3321 reat
219 3274 260 3321 ex
276 3274 311 3322 re
327 3254 451 3348 leuata
476 3255 638 3324 sustinere
653 3253 901 3341 incommedum,
925 3259 958 3321 et
973 3253 1180 3324 donantium
1194 3274 1260 3324 non

130 3370 201 3431 tam
218 3381 323 3449 suam,
342 3383 441 3448 quam
457 3366 562 3449 Regni
588 3363 760 3432 utilitatem
777 3362 932 3447 consequi
951 3369 983 3431 et
998 3367 1152 3430 tutamen.
1177 3363 1261 3430 Hine

130 3476 184 3538 eet
198 3471 311 3557 igitur,
328 3472 414 3556 quod
431 3482 589 3560 cumpost
604 3475 775 3559 lesionem,
791 3492 890 3559 quem
899 3473 1012 3557 Regno
1028 3477 1139 3540 nostro
1151 3471 1262 3540 intulit

130 3577 311 3645 crudelitas
327 3580 547 3665 Tartarornm,
565 3603 624 3650 nos
640 3581 683 3649 de
698 3583 803 3668 ipsius
818 3581 924 3666 Regni
940 3579 1155 3665 reputacione
1170 3580 1257 3648 solli·

131 3684 188 3752 citi
213 3692 246 3752 et
272 3687 397 3772 attenti,
421 3689 456 3755 in
483 3688 565 3756 loeis
591 3688 775 3770 defensioni
800 3690 965 3756 hominnm
994 3689 1261 3757 conuenientibus

131 3800 243 3862 castra
267 3797 411 3864 construi
436 3797 628 3882 laceremus,
645 3798 818 3864 carissima
843 3816 977 3864 consors
993 3805 1104 3865 nostra
1126 3796 1261 3863 domina

131 3904 240 3970 Maria
255 3904 383 3986 Regina
397 3905 567 3988 Hungarie
593 3905 756 3990 quendem
772 3902 935 3972 desertum
962 3910 1103 3972 montem
1124 3905 1157 3970 in
1174 3903 1260 3969 eilvn

130 4012 229 4097 Pelys
256 4013 469 4098 existentem,
501 4036 560 4100 pro
589 4023 695 4082 eastre
723 4012 940 4081 construendo
965 4008 1008 4078 ad
1036 4009 1259 4076 defensionem

128 4119 301 4187 viduarum
330 4127 362 4186 et
377 4122 606 4208 orphanorum,
633 4123 768 4189 anobis
795 4123 955 4188 instanter
979 4117 1074 4205 petiit
1098 4115 1163 4182 sibi
1188 4112 1260 4182 dari

131 4235 246 4296 contra
271 4231 487 4298 hostilitatem
504 4233 720 4316 Tartarieam,
746 4251 810 4314 que
824 4227 947 4296 cotidie
962 4224 1178 4296 formidabilis
1203 4223 1259 4290 im·

130 4336 297 4404 minebat:
313 4357 372 4405 nes
390 4347 511 4421 autem,
535 4340 590 4425 qui
607 4341 710 4405 eciam
728 4339 802 4405 loca
817 4334 1003 4404 huiusmodi
1019 4330 1210 4415 Beronibus,
1228 4337 1261 4396 et

129 4443 208 4510 aliis
225 4445 332 4530 Regni
358 4449 461 4514 nostri
478 4447 629 4513 fidelibus
654 4443 877 4527 largiebamur
893 4462 952 4528 pro
978 4438 1138 4506 faciendis
1157 4437 1259 4503 muni·

130 4553 291 4638 cionibus,
317 4556 383 4641 ipsi
400 4559 542 4624 consorti
570 4561 679 4622 nostre
696 4553 825 4620 demine
841 4551 966 4636 Regiae
991 4553 1134 4616 mentem
1158 4547 1259 4614 dona·

129 4661 247 4746 vimus,
268 4682 363 4745 quem
380 4664 523 4753 petebat.
540 4665 652 4752 Inque
669 4663 743 4755 ipse
759 4660 892 4730 domina
902 4660 1028 4748 Regina
1044 4656 1085 4724 de
1101 4675 1181 4724 anre
1198 4673 1257 4724 sno
