3226 5194
893 912 975 991 338.

374 1093 432 1160 IV.
449 1095 529 1159 Ba'la
552 1094 719 1181 lrirdlpnnlc
734 1093 832 1182 Glop,
849 1119 887 1160 aa
905 1095 1013 1181 Abavj
1034 1096 1149 1162 odrlroa
1174 1101 1291 1162 lurtozd
1302 1093 1413 1180 folda
1436 1099 1508 1161 trir-

372 1207 472 1288 9poro'
496 1202 674 1289 odomdoya
699 1203 913 1285 Andronilrus,
939 1204 1068 1291 Mutyda
1092 1207 1208 1292 saepess'
1227 1209 1355 1291 prepete
1378 1211 1507 1269 estsere

801 1311 1067 1380 sadmdra1258.
1322 1335 1326 1348 ·

481 1507 591 1596 (Blelu
604 1510 667 1576 Dei
683 1511 797 1596 grania
812 1509 989 1597 Hungarie,
1002 1511 1183 1598 Dalmaoie,
1194 1510 1369 1598 Orowueie,
1386 1513 1502 1598 Rpme,

372 1616 493 1702 Seruio,
504 1615 653 1706 Gallioie,
668 1618 872 1703 Lodomerie,
888 1619 1106 1707 (lumenieqne
1122 1621 1193 1688 Rex
1203 1620 1353 1689 omnibns
1366 1641 1501 1708 presen-

372 1731 422 1790 tes
437 1725 565 1794 litteras
588 1727 783 1816 inspecturis
798 1729 937 1796 salutem
951 1727 986 1795 in
1000 1748 1078 1798 uero
1093 1729 1247 1798 salutari,
1264 1731 1370 1799 luetis
1385 1737 1499 1818 poten-

373 1833 457 1900 eium
473 1836 624 1921 precibus
640 1835 786 1905 fauorem
796 1836 955 1925 impertiri
965 1837 1161 1926 beniuolum,
1177 1839 1272 1925 uigor
1290 1840 1448 1926 equitatis
1465 1848 1501 1906 et

372 1941 452 2010 ordo
468 1943 573 2027 exigit
587 1943 750 2030 raoionie3
776 1945 950 2013 dnmmodo
966 1945 1010 2031 id,
1027 1944 1114 2031 quod
1128 1947 1251 2033 petitur
1265 1947 1328 2014 iuri
1344 1967 1408 2014 non
1424 1967 1497 2034 pre·

372 2050 493 2118 indioet
509 2051 628 2121 alieno.
653 2051 794 2120 Proinde
806 2053 850 2120 ad
874 2054 1098 2124 uniuersorum
1113 2056 1275 2124 nolioiam'
1294 2063 1408 2125 tenore
1421 2075 1495 2144 pre·

372 2161 517 2229 senoinm
532 2161 682 2230 uolumus
696 2162 887 2250 peruenire:
903 2164 991 2250 quod
1001 2164 1204 2234 Andronicus
1219 2165 1322 2234 frater
1335 2165 1448 2234 dileeti
1463 2171 1497 2234 et

371 2265 477 2335 fidelia
502 2269 604 2344 nostri
618 2271 770 2356 Magistri
785 2271 919 2358 Mathye
933 2272 1096 2360 Prepesiti
1122 2273 1163 2340 de
1178 2275 1304 2362 Seypus
1330 2272 1427 2340 nobis
1449 2274 1495 2340 in·

371 2377 572 2447 etantissima
586 2378 773 2467 suplioaoit,
789 2379 876 2468 qnod
889 2387 1009 2450 terram
1019 2380 1129 2450 Casiri
1137 2382 1240 2451 nostri
1253 2381 1295 2449 de
1304 2381 1494 2470 Abauywar

372 2485 457 2575 Glup
474 2495 634 2576 uoeatem,
651 2509 789 2558 umnam
805 2496 838 2558 et
853 2491 1089 2561 habitatoribus
1115 2491 1315 2577 destitutam,
1340 2492 1406 2560 sibi
1421 2511 1493 2560 eon-

372 2596 456 2665 ierre
480 2599 660 2667 liberaliter
683 2599 901 2690 dignoremur.
927 2599 1008 2670 (lum
1032 2603 1133 2686 igitur
1155 2602 1252 2670 iustis
1275 2601 1494 2690 peticionibus

371 2705 571 2776 subditorum
586 2708 750 2797 Principis
765 2709 894 2777 animus
909 2711 953 2778 sit
968 2709 1421 2799 fauorabibterinolinandus,
1437 2728 1493 2798 pe·

370 2815 521 2885 tioiouem
537 2817 615 2885 dieti
630 2819 809 2887 Andronici
826 2818 947 2889 iusum
964 2817 1179 2907 attendentes,
1195 2820 1357 2907 prefatam
1371 2826 1492 2888 terram

372 2923 456 3015 (llup
474 2927 579 2996 eidem
595 2933 628 2996 et
642 2927 710 2996 suis
735 2927 908 2996 heredibus
933 2929 1126 2998 contulimus
1141 2936 1299 3017 perpetuo
1323 2928 1492 3017 possiden·

371 3033 457 3121 dam,
475 3035 545 3103 aine
559 3035 639 3104 iuris
654 3035 835 3122 preludieio
850 3036 968 3121 alieni,
992 3045 1025 3106 et
1041 3037 1074 3104 in
1089 3025 1329 3125 possessionem
1344 3035 1492 3104 eiusdem

369 3151 454 3212 terre
468 3145 638 3233 puoilieam
663 3165 722 3232 per
737 3145 930 3214 lliohaelem
946 3143 1105 3215 Comitem
1120 3147 1161 3216 de
1176 3147 1270 3215 Zaua
1292 3145 1424 3214 fidelem
1437 3165 1494 3213 no

370 3262 472 3322 atrum
488 3255 596 3341 ipsum
610 3255 746 3324 lenimus
763 3254 943 3341 introduoi;
965 3256 1014 3324 ito
1028 3261 1148 3342 tumen,
1164 3255 1251 3341 qnod
1265 3255 1354 3323 idem
1368 3253 1492 3322 Andro·

370 3365 473 3448 nieus,
499 3364 554 3429 uel
567 3363 704 3432 heredes
728 3367 788 3451 sni,
815 3362 870 3451 qui
885 3363 1047 3452 prefatam
1071 3373 1192 3432 terram
1217 3363 1433 3452 possederint,
1458 3363 1493 3430 in

370 3479 481 3540 nostro
498 3473 642 3542 exercitu
657 3492 729 3540 oum
755 3472 881 3542 duabus
896 3472 990 3541 nobis
1015 3478 1188 3542 teneantur
1203 3473 1367 3560 paueerijs
1384 3471 1494 3540 deser-

371 3580 452 3648 uire.
477 3582 563 3649 Mete
579 3589 687 3650 autem
703 3582 849 3650 eiusdem
864 3586 961 3668 terre,
983 3583 1067 3650 siout
1081 3583 1116 3650 in
1131 3582 1252 3671 prelati
1266 3581 1415 3648 llieaelis
1431 3577 1493 3648 (lo-

371 3689 459 3756 mitis
475 3689 618 3759 uidimus
633 3690 752 3759 litteris
769 3690 937 3776 eontineri,
954 3689 1046 3758 ouius
1062 3689 1269 3778 inquisioioni
1289 3688 1492 3777 qualitatem,

371 3809 404 3865 et
421 3797 644 3884 quantitatem,
662 3805 694 3866 et
710 3806 814 3866 metas
831 3797 976 3868 eiusdem
985 3808 1070 3866 terre
1085 3799 1362 3882 commiseramus,
1376 3797 1489 3864 taliter

370 3905 609 3993 distinguntur:
632 3906 743 3976 Prima
758 3913 845 3975 meta
858 3906 973 3994 ineipit
989 3913 1118 3994 aparte
1143 3906 1293 3975 orientali
1311 3925 1410 3992 super
1425 3905 1492 3991 rip-

369 4039 447 4105 pam
461 4019 629 4103 Zeremoh,
645 4017 702 4084 abi
717 4023 792 4084 eunt
809 4016 872 4085 due
896 4020 980 4084 mete
994 4022 1118 4102 terroe,
1144 4023 1176 4083 et
1199 4013 1378 4101 procedens
1399 4011 1493 4080 uadit

370 4151 429 4217 per
444 4130 669 4198 arundinetum
694 4145 792 4214 super
807 4125 940 4194 arbores
955 4125 1140 4194 fructiferas
1164 4124 1326 4194 fruetuum
1347 4123 1492 4191 diuerso·

369 4260 451 4327 rum,
477 4247 508 4306 et
523 4237 571 4304 ibi
588 4242 662 4306 sunt
677 4235 741 4304 due
757 4243 840 4303 mete
856 4239 970 4319 terroe,
989 4233 1154 4320 inquibus
1177 4238 1252 4301 sunt
1267 4232 1332 4301 due
1355 4231 1491 4299 arbores

371 4347 490 4414 morosi
505 4352 537 4414 et
549 4349 753 4436 pomulolram
778 4363 837 4431 per
851 4342 993 4411 medinm
1010 4363 1145 4428 quarum
1161 4342 1324 4411 transiens
1338 4340 1433 4408 uadit
1448 4339 1492 4406 ad

369 4461 489 4524 metam
514 4457 682 4541 antiquam
705 4473 808 4542 prope
831 4453 920 4520 uiam
945 4453 1104 4539 positam
1133 4461 1166 4520 et
1189 4449 1312 4520 oadens
1338 4447 1375 4516 iu
1399 4449 1489 4515 niam

370 4577 505 4646 uertitur
521 4567 565 4633 ad
588 4565 792 4652 aquilonem,
817 4560 859 4627 de
875 4581 941 4647 qua
954 4560 1067 4629 exiens
1082 4581 1147 4630 non
1173 4561 1271 4645 longe
1295 4557 1432 4626 uertitur
1447 4555 1489 4622 sd

370 4687 579 4773 occidentem,
596 4683 628 4744 et
639 4675 759 4744 uadens
773 4676 807 4741 in
821 4671 909 4740 uiam
926 4669 1086 4756 erboeam,
1103 4669 1195 4736 iuxta
1205 4687 1302 4754 quam
1318 4671 1394 4734 sunt
1404 4667 1489 4732 mete
