3162 5188
673 214 739 282 343

109 415 336 494 nostrorum,
354 409 409 493 qui
425 409 521 478 uobis
535 410 569 476 iu
585 412 725 478 seruicia
741 409 934 477 exercituali
950 415 1109 494 tenentur,
1130 409 1269 476 sociare-

108 533 209 584 mus
238 517 380 586 eosdem.
408 517 502 586 Vnde
521 519 599 603 quia
624 519 658 585 in
684 517 770 586 dicto
796 519 940 585 exercitu
966 538 1003 584 se
1026 519 1121 585 nobis
1147 518 1270 585 utiliter

110 627 362 712 ostenderunt,
386 629 470 695 sicut
486 627 606 696 dilecto
623 634 655 694 et
671 627 759 695 fideli
773 633 884 695 nostro
900 627 1058 714 Magistro
1074 626 1138 694 Job
1155 627 1269 696 Electa

113 739 158 799 et
183 735 382 804 confirmato
398 735 432 802 in
447 735 647 824 Episcopum
663 733 1044 820 Quinqueecclesiensem
1068 734 1143 802 aule
1158 739 1270 801 nostre

113 841 447 912 Uice-Cancellario
472 843 632 911 referente
657 845 882 928 cognouimus,
908 850 941 910 et
956 843 1174 928 promiserunt
1189 862 1268 908 sem·

111 968 194 1034 per
214 951 257 1018 de
273 957 383 1018 cetero
398 951 446 1018 sic
461 954 605 1038 seruira;
630 953 741 1020 taliter
757 958 879 1020 statum
900 953 1061 1020 libertatis
1080 971 1190 1019 eorum
1210 951 1266 1018 du-

108 1058 245 1126 ximus
272 1059 549 1146 promouendum,
577 1065 612 1124 ut
637 1058 677 1126 de
703 1067 813 1127 cetero
839 1062 882 1127 ab
906 1060 1013 1129 officio
1039 1061 1266 1130 bachariorum

111 1169 291 1255 exempti,
316 1165 473 1252 quamdiu
499 1169 534 1235 in
549 1167 819 1253 expeditionibus
844 1169 963 1236 nostris
990 1187 1145 1254 expresso
1169 1169 1265 1238 modo

111 1275 235 1344 nobis
245 1275 415 1358 seruirent,
433 1282 500 1343 tam
515 1277 581 1362 ipsi
592 1296 690 1363 quam
708 1276 809 1344 abeis
825 1276 1059 1345 descendentes
1076 1277 1159 1344 iuter
1174 1295 1267 1342 exor-

113 1380 275 1448 citnales
292 1381 414 1466 Regios
439 1383 617 1468 computati
633 1383 822 1451 habeantur.
848 1385 886 1450 ln
902 1385 994 1450 onius
1009 1385 1056 1450 rei
1076 1387 1264 1453 memoriam

111 1495 159 1556 et
179 1491 285 1558 robur
312 1496 481 1576 presentes
506 1491 632 1558 litteras
648 1490 811 1579 dupplicis
838 1490 941 1576 sigilli
963 1492 1064 1559 nostri
1089 1494 1264 1562 munimine

114 1599 309 1667 roboratas
335 1597 418 1685 ipsis
442 1599 529 1666 tradi
545 1598 705 1684 iussimus,
732 1597 872 1666 durante
897 1597 1087 1667 condicione
1106 1621 1147 1668 ex
1170 1608 1264 1688 parte

114 1709 282 1794 ipsorum
299 1706 365 1774 sibi
380 1725 440 1793 per
454 1711 635 1791 temporum
651 1707 813 1774 enrricula
830 1707 1001 1774 ualituros.
1024 1708 1146 1774 Datum
1163 1709 1197 1775 in
1212 1728 1262 1775 ca·

118 1817 214 1884 stris
239 1816 331 1883 iuxta
346 1815 509 1882 Viennam
530 1815 770 1883 castrametatis
796 1822 910 1883 contra
934 1817 1058 1884 Ducem
1081 1816 1263 1903 predictum

115 1945 219 1992 anno
231 1923 656 1992 Dominicolncarnacionis
672 1924 846 1992 millesimo
865 1922 1086 1993 ducentesimo
1106 1927 1263 2010 quinqua·

116 2031 259 2118 gesimo
285 2033 428 2102 seeundo
453 2033 558 2102 XVII.
586 2033 748 2101 kalendas
772 2033 863 2122 Julij,
895 2033 1001 2118 Regni
1027 2041 1136 2103 autam
1160 2037 1263 2102 nostri

117 2163 217 2210 anno
233 2142 367 2208 XVHP.

118 2339 271 2413 (Eredstie
284 2337 459 2407 bb'rbdrtydn,
473 2341 585 2407 melyrdl
598 2358 615 2392 a
627 2339 771 2406 kntlynsk
782 2343 872 2394 kettds
884 2341 1005 2408 pecsbtjs
1018 2339 1260 2408 singa-vbrbs-kdk

284 2431 512 2497 selyemssindron
525 2431 602 2498 ldgg,
617 2431 707 2482 abud.
721 2431 773 2482 kir.
783 2431 906 2482 kamarai
918 2428 1108 2498 levdltdrban.)

560 2738 820 2749 ——ffl

660 3259 738 3326 289.

125 3459 178 3522 Aa
198 3463 266 3544 cyri
280 3459 431 3544 lciptolaa
447 3457 521 3522 Pud
534 3481 630 3522 comes
649 3465 680 3522 e'a
695 3458 806 3544 qued
831 3458 1016 3544 nappolaszi
1039 3458 1124 3523 lakoa
1141 3458 1220 3538 loss,
1236 3482 1257 3520 a

123 3568 278 3655 Lompcrt
292 3570 361 3653 syri
373 3567 494 3654 piispo'lc
503 3568 582 3634 strat
597 3567 696 3632 bozon
710 3566 846 3632 c'te'letnele
861 3567 1035 3631 crtelme'bcn
1054 3567 1141 3650 ely'clr.
1157 3565 1255 3632 1252.

240 3761 397 3828 Omnibus
413 3760 535 3829 Christi
560 3761 713 3830 fidelibus
730 3781 863 3850 presens
883 3762 1038 3846 scriptum
1059 3760 1254 3847 inspecturis

126 3869 301 3955 Agriensis
327 3869 475 3936 Ecclesia
492 3869 676 3956 Capitulum
703 3871 841 3936 salutem
858 3870 892 3936 in
912 3869 1061 3936 Domino.
1087 3867 1255 3952 Significa-

127 3998 202 4044 mus
219 3997 278 4044 nos
294 3978 459 4066 recepisse
484 3980 611 4046 litteras
627 3979 826 4048 venerabilis
849 3981 952 4066 patris
968 3977 1137 4046 abdomini
1152 3975 1254 4043 nostri

125 4085 297 4170 Lamperti
313 4086 469 4173 Episcopi
485 4087 657 4170 signiensis
673 4087 733 4154 sub
750 4089 813 4155 bac
830 4087 951 4155 forma:

235 4195 356 4263 Datum
372 4217 433 4282 pro
449 4197 626 4264 memoria:
642 4197 731 4281 quod
746 4196 930 4263 constitutis
946 4194 981 4259 iu
997 4198 1110 4260 nostra
1125 4207 1254 4278 presen-

125 4304 180 4369 cia
204 4302 275 4368 Pud
291 4304 428 4390 (domito,
456 4311 488 4370 et
511 4305 630 4389 Egidio
647 4305 688 4371 de
708 4306 789 4371 villa
812 4305 978 4390 Nogoloz;
1004 4303 1091 4369 idem
1116 4300 1253 4385 Egidius

124 4412 318 4497 proposuit,
350 4409 477 4494 quoda
501 4412 621 4478 Petnrd
644 4411 710 4478 filio
739 4410 873 4498 Georgij
898 4413 1029 4478 emisset
1053 4417 1172 4477 terram
1197 4428 1251 4475 su-

123 4537 184 4605 per
208 4517 413 4586 fideiussoris
439 4519 594 4586 cautione
620 4518 763 4585 eiusdem
787 4519 859 4585 Pud
877 4519 1013 4586 Comitis
1031 4540 1091 4606 pro
1116 4523 1252 4601 utraque
