3210 5194
873 311 1024 414 „E-

393 507 554 576 extitisset
577 511 788 593 propagatus,
818 503 881 572 sibi
897 512 930 574 et
945 503 1013 572 suis
1029 501 1206 572 heredibus
1229 523 1314 572 noue
1329 502 1529 574 donaeionis

394 634 452 682 sue
467 616 571 698 tytulo
597 614 676 682 dare
702 621 735 681 et
750 613 905 698 conferre,
931 613 1102 700 ipsumque
1129 611 1339 700 priuilegium
1362 611 1442 681 dieti
1468 613 1529 680 do·

391 722 469 791 mini
485 724 565 791 Bele
578 723 680 807 Regis
696 742 754 808 pro
780 722 852 809 ipso
873 727 905 788 et
920 720 987 788 suis
1003 719 1178 788 heredibus
1205 718 1407 807 aooeptando
1423 720 1527 788 ratifi-

389 850 465 900 oare
481 836 514 898 et
529 850 587 897 sno
603 828 706 916 Regio
728 829 918 916 dignaretur
932 828 1108 915 priuilegio
1132 828 1343 916 confirmare5
1371 825 1444 914 ipse
1459 827 1526 895 ita-

388 958 452 1023 que
467 937 616 1006 dominus
631 941 742 1003 noster
758 935 939 1005 Lodovieus
955 937 1026 1004 Rex
1041 936 1075 1001 in
1092 935 1156 1002 hao
1179 941 1273 1022 parte
1289 935 1525 1005 fauorabiliter

388 1046 572 1132 inclinatus,
597 1051 776 1132 pretaotum
802 1043 1008 1131 priuilegium
1039 1042 1142 1128 ipsius
1168 1042 1290 1110 domini
1316 1044 1395 1110 Bele
1418 1041 1525 1128 Regis

387 1161 575 1240 aoceptans,
601 1153 766 1220 ratifieans
782 1159 815 1218 et
839 1171 899 1238 pro
923 1151 1037 1218 eodem
1053 1152 1193 1220 Nioolao
1216 1152 1421 1235 eontirmans,
1448 1169 1526 1237 pre·

390 1261 512 1328 dietam
525 1268 646 1327 terram
661 1260 721 1327 stb.
737 1260 856 1326 Datum
865 1255 1028 1342 Zagrabie
1044 1258 1208 1326 sedecimo
1222 1259 1278 1325 die
1295 1258 1426 1326 termini
1443 1277 1520 1342 pre

390 1367 492 1436 notati
509 1387 594 1435 anno
605 1365 735 1434 Domini
751 1364 922 1431 millesimo
937 1363 1163 1432 treoentesimo
1179 1365 1385 1450 sexagesimo
1400 1365 1517 1432 teroio.

388 1546 524 1612 OEredetia
537 1542 710 1612 bdrhdrtydn,
730 1545 841 1612 melyrttl
853 1560 871 1595 a
883 1545 1044 1612 pilspoimelr
1056 1542 1179 1612 peosdtjs
1192 1544 1419 1613 selyemasindron
1433 1546 1516 1614 idgg,

690 1634 802 1687 abudai
815 1634 868 1688 kir.
881 1635 1004 1686 kamarai
1016 1629 1204 1702 levdltdrban.)

814 1888 1081 1900 ’.ῥυ-ο...-

922 2319 978 2389 50.

382 2503 403 2566 I
407 2501 440 2567 V.
451 2499 532 2568 Belo
549 2499 721 2588 lrr'rdlyrrnk
738 2498 979 2568 retardaretur
993 2502 1124 2588 zeawpi
1138 2505 1217 2589 aptit
1232 2501 1387 2568 esBozud
1400 2511 1514 2566 mester

627 2607 697 2673 kozr
713 2607 816 2674 Zobor·
831 2607 953 2696 helysep
968 2610 1154 2698 tdrppdburr.
1173 2611 1270 2676 1239.

488 2788 569 2855 Bela
584 2787 646 2855 Dei
673 2787 786 2871 graoia
801 2786 978 2874 Hungarie,
1004 2788 1182 2872 Daimaoie,
1207 2786 1509 2873 eunomiumne,

381 2895 505 2981 Seruio,
532 2896 696 2966 Galliehie
718 2894 939 2980 cumamque
953 2898 1024 2965 Rex
1047 2896 1196 2964 omnibus
1211 2895 1332 2964 Christi
1356 2895 1512 2965 fidelious
1541 2887 1544 2892 ’

381 3012 565 3092 presentem
582 3004 738 3091 paginam
753 3003 949 3092 inspecturis
964 3005 1105 3074 salutem
1119 3005 1153 3071 in
1168 3004 1311 3075 omnium
1329 3005 1510 3074 minatore

380 3108 431 3178 Ad
449 3110 670 3182 uniuersorum
688 3117 753 3180 tam
770 3111 996 3180 modernorum
1021 3133 1119 3198 quam
1133 3121 1336 3201 posterorum
1352 3113 1511 3183 noticiam

379 3221 493 3287 harum
509 3220 593 3289 serie
603 3219 752 3287 uolumus
771 3219 953 3308 peruenire,
970 3221 1054 3302 qnod
1065 3220 1178 3289 Abbas
1188 3220 1378 3306 Monasterij
1394 3221 1511 3289 Sanoti

379 3327 524 3414 Philippi
542 3327 583 3394 de
597 3329 726 3415 Zenrug
742 3329 913 3396 Jaoinotns
928 3328 1069 3415 nomine,
1094 3330 1223 3397 fidelem
1245 3336 1391 3400 nostrum
1406 3329 1511 3415 Magi·

377 3441 478 3502 strum
494 3435 603 3503 Buzad
630 3435 772 3520 quodam
787 3427 874 3522 (igy)
891 3434 992 3503 filium
1007 3436 1119 3503 Bnnad
1134 3437 1218 3504 Bani
1233 3436 1277 3503 ad
1301 3442 1446 3506 nostram
1466 3437 1510 3503 oi-

379 3543 465 3610 tauit
479 3545 692 3630 presenciam,
716 3542 884 3628 requirens
908 3545 951 3614 ab
967 3565 1006 3613 eo
1022 3543 1188 3631 quoddam
1212 3544 1362 3632 predium
1377 3544 1511 3613 nomine

378 3651 495 3736 Zobor,
522 3650 610 3734 quod
626 3651 669 3718 ad
684 3651 919 3720 Monasterium
935 3651 978 3720 de
992 3654 1122 3737 Zenrng
1140 3653 1302 3739 pertinere
1317 3653 1459 3738 dioebat,
1477 3659 1512 3721 et

376 3758 420 3824 ab
436 3756 550 3826 eodem
567 3757 727 3842 Magistro
743 3757 853 3825 Buuad
872 3759 1031 3828 uiolenter
1045 3769 1078 3829 et
1094 3767 1208 3829 eontra
1222 3760 1387 3829 iustiniam
1403 3759 1510 3828 inisse

377 3875 578 3952 oooupatum.
605 3865 758 3934 Partibus
775 3865 875 3951 igitur
891 3867 1028 3936 termino
1054 3868 1225 3953 assignato
1244 3869 1277 3935 in
1294 3866 1416 3936 iudieio
1432 3888 1509 3936 eon-

378 3972 509 4058 orituris,
528 3993 569 4040 ex
585 3979 698 4042 nostra
722 3974 892 4041 uoluntate
907 3981 940 4041 et
955 3975 1170 4063 permissione
1194 3976 1294 4044 talem
1310 3975 1395 4044 inter
1410 3993 1448 4042 se
1463 3976 1510 4044 ie:

371 4077 487 4150 'rerunt
503 4079 775 4167 oomposioionem
793 4104 802 4146 :
826 4083 871 4150 Ut
885 4081 1032 4168 prefatus
1046 4083 1205 4170 Magister
1223 4082 1336 4151 Bnaad
1360 4103 1420 4169 pro
1435 4103 1508 4169 pre·

378 4188 516 4272 dioillo,
542 4208 678 4275 proquo
703 4189 873 4256 eontenoio
890 4196 979 4259 mota
993 4189 1110 4275 iuerat,
1129 4191 1251 4258 Abbati
1276 4199 1310 4259 et
1325 4189 1508 4258 Conuentui

376 4296 419 4363 de
435 4295 564 4381 Zenrug
579 4315 687 4362 eoram
703 4296 855 4382 capitulo
872 4295 1087 4364 Chenadiensi
1104 4297 1247 4367 solueret
1272 4304 1403 4366 eentum
1419 4318 1505 4364 mar·

377 4421 444 4486 eas,
468 4402 585 4484 quibus
601 4401 716 4470 solutis
740 4402 847 4490 ipsum
863 4401 1011 4489 predium
1026 4404 1134 4474 Zobor
1156 4403 1191 4471 in
1207 4403 1258 4471 ius
1274 4410 1307 4471 et
1326 4403 1509 4472 dominium

380 4508 510 4576 eederet
521 4509 669 4598 Magistri
679 4511 790 4578 Bunad
799 4511 936 4597 paoiriee
950 4518 1105 4598 perpetuo
1116 4511 1359 4599 possidendum,
1374 4531 1508 4582 omnem

380 4615 673 4684 eontradieeionem
688 4625 720 4685 et
735 4615 990 4702 contenderem,
1009 4637 1072 4700 quo
1088 4616 1172 4686 inter
1187 4617 1278 4703 ipsas
1288 4623 1401 4705 partes
1417 4623 1509 4686 mota
