3210 5194
702 351 765 420 147

659 441 726 452 ..ι-ο
737 441 814 450 ...ο-ι

163 543 308 611 tiliorum
336 553 505 612 eteorum
532 545 671 614 heredes
694 548 768 632 jure
795 557 954 636 perpetuo
981 562 1014 616 et
1041 553 1300 628 irrenooahiliter

165 651 303 740 psoifiee
328 652 575 741 possidendam,
601 657 775 723 tenendam
801 657 925 746 pariter
951 666 982 726 et
1007 660 1211 744 habendam
1237 662 1296 728 tali

160 759 358 828 oondioione
383 761 569 846 mediante,
601 765 688 846 quod
716 765 923 850 supradictus
949 765 1052 833 Jasoh
1078 767 1120 833 ab
1148 768 1297 834 omnibus

162 865 440 952 impetitionibus,
467 878 499 936 et
515 871 658 938 maxime
674 892 695 937 a
710 871 865 940 iratribus
892 879 924 940 et
950 873 1108 959 proximis
1135 875 1203 942 suis
1230 876 1296 941 vni-

161 975 279 1058 aersis‚
297 975 430 1042 racione
445 975 530 1043 dioto
541 978 695 1046 sculteoie
712 981 819 1065 ipsum
832 980 1006 1048 Goblinnm
1026 990 1058 1048 et
1073 1002 1149 1049 snos
1170 1001 1294 1050 sucees-

159 1102 252 1149 sores
269 1084 415 1171 proprijs
430 1085 598 1153 laboribus
615 1097 647 1154 et
664 1089 816 1174 expensis
837 1095 984 1156 teneatur
1003 1089 1178 1158 defendere
1195 1099 1227 1158 et
1242 1111 1295 1158 ex-

160 1188 293 1275 pedire;
321 1201 354 1260 et
379 1192 611 1260 nichilominus
637 1195 765 1264 litteras
790 1205 920 1264 nostras
946 1197 1170 1282 priuilegiales
1196 1215 1295 1282 super

158 1299 276 1365 eadem
294 1301 455 1368 soniteoia
468 1301 545 1368 olim
556 1303 729 1384 confectas,
748 1305 866 1370 virtute
882 1323 1018 1387 quarum
1029 1303 1167 1371 eandem
1179 1304 1291 1370 hahuit

160 1413 192 1473 et
206 1407 368 1492 possedit,
385 1407 522 1475 tradidit
538 1410 571 1475 in
588 1430 704 1476 manus
721 1409 854 1477 Gablini
871 1421 934 1477 iarn
956 1410 1036 1476 dieti
1047 1410 1148 1477 Jesoh
1164 1410 1291 1496 predio-

157 1522 220 1581 tns.
247 1511 392 1602 Insuper
407 1520 524 1585 Petrus
549 1517 652 1584 irater
677 1515 824 1584 eiusdem
841 1516 982 1599 Gohlini,
1010 1518 1137 1584 violans
1165 1536 1291 1603 eompa-

159 1643 232 1690 rens
249 1643 364 1691 eoram
379 1623 471 1690 nobis
488 1623 714 1710 personaliter,
731 1626 868 1690 alteram
889 1623 1099 1692 medietatem
1115 1623 1292 1690 molendini

159 1731 355 1818 supradicti,
383 1737 607 1816 comparatam
630 1751 652 1797 a
674 1733 811 1798 Hannus
837 1730 924 1798 dioto
951 1730 1128 1797 Zolohener
1154 1731 1291 1796 soulteto

154 1839 198 1904 de
213 1839 440 1918 annmhaoh‚
467 1858 539 1904 oum
556 1839 704 1906 omnibus
721 1859 788 1906 suls
811 1838 1007 1904 vtilitatibus
1033 1843 1065 1902 et
1080 1837 1291 1924 pertinenoijs

156 1965 196 2012 ae
206 1947 346 2031 juribus
361 1946 509 2014 vendidit
525 1965 634 2013 noram
651 1947 744 2013 nohis
771 1945 858 2013 dioto
876 1944 1020 2012 Goblino
1038 1943 1129 2010 fratri
1155 1963 1214 2010 suo
1231 1964 1290 2029 pro

151 2052 271 2120 deoem
299 2053 421 2120 mareis
446 2071 633 2138 grossorum
657 2061 813 2138 perpetuo
826 2054 902 2136 jure
919 2059 951 2118 et
976 2048 1234 2117 irreuooabiliter
1257 2052 1290 2115 in

157 2157 241 2226 lilios
267 2160 411 2227 filioram
437 2162 480 2226 ab
507 2158 622 2228 eodem
647 2162 744 2246 plene
774 2159 895 2226 habitis
921 2165 953 2224 et
979 2156 1139 2242 eomplete
1169 2157 1290 2222 mareis

157 2268 371 2352 supradietis,
397 2267 478 2334 nihil
488 2267 576 2352 juris
591 2267 736 2349 nihilque
753 2264 889 2348 dominij
906 2263 968 2331 sibi
989 2264 1021 2329 in
1039 2260 1155 2331 eodem
1171 2263 1291 2329 molen-

149 2375 231 2443 dino
249 2393 437 2461 reserum,
462 2375 495 2441 in
514 2395 610 2442 enum
625 2393 754 2460 semper
770 2377 802 2438 et
817 2372 850 2437 in
867 2371 1072 2446 eternitatem
1087 2373 1289 2455 perpetuam.

155 2482 206 2548 Ad
222 2483 426 2570 peticionem
441 2485 588 2570 paroinm
613 2479 876 2569 supradictarum
901 2495 1036 2564 presens
1054 2483 1199 2543 nostrum
1218 2495 1289 2544 oon-

148 2589 316 2657 ·oessimus
333 2589 546 2676 priuilegium
569 2590 743 2677 pendentis
760 2587 861 2670 sigilli
886 2583 989 2653 nostri
1006 2581 1183 2648 munimine
1199 2583 1291 2648 robo-

155 2703 273 2763 ratum.
302 2697 425 2764 Datum
441 2696 572 2764 infesto
589 2699 711 2764 Senote
726 2693 896 2762 Elisabeth
912 2691 1036 2776 Regino
1058 2709 1143 2756 anno
1160 2690 1291 2756 Domini

150 2805 332 2873 millesimo
350 2804 574 2873 ducentesimo
595 2802 847 2888 quadragesimo
862 2801 973 2868 tercio.

153 3019 215 3089 (ΙΙΙ.
229 3019 321 3073 Jtnos
333 3021 442 3088 lengyel
460 3019 550 3088 kirtly
562 3019 629 3074 tltal
642 3017 829 3086 megerd'sitve,
844 3035 856 3069 s
870 3033 901 3068 az
916 3015 941 3068 ri.
955 3033 981 3066 n.
1003 3013 1103 3081 „Liber
1116 3013 1289 3064 Relationem
1416 3045 1421 3054 ,

150 3119 179 3162 ot
192 3113 358 3164 oblatarum
369 3111 552 3163 Castrensium
564 3112 801 3164 (lrsaoovionsium‘⁴
815 3105 901 3158 orimit
915 3100 1057 3170 nyr'lvhnos
1069 3103 1197 3164 kdnyvbe
1211 3101 1287 3150 1092.

281 3199 457 3266 bojegyezvo,
480 3200 609 3252 skrahdi
623 3196 749 3266 orszdgos
763 3193 943 3260 tdrvdnyszdk
956 3186 1162 3252 levtlttrtbsn.)
