3252 5198
603 329 763 428 -rs-

115 523 219 610 gister
233 523 276 591 ab
292 523 413 592 eodem
426 522 684 611 Archicpiscopo
701 522 958 591 confirmationis
973 523 1115 609 gratiam
1130 525 1252 592 obtine·

117 639 184 717 ret;
200 631 436 718 propterquod
448 629 716 698 iidemGanonici
727 629 771 696 ad
786 637 933 698 nostram
943 628 1105 700 duxerunt
1120 632 1253 700 audieu-

115 741 197 806 tiam
208 740 463 826 appellandum
479 759 616 824 quorum
626 737 850 827 appellatione
862 745 1057 825 contempta,
1068 741 1146 824 quia
1156 740 1253 808 intru-

116 847 399 934 scipsinolebant
408 843 590 932 intendere,
601 844 687 913 sicut
696 846 796 912 etiam
806 866 867 914 nec
877 845 1253 934 debebantiuernntbo·

117 958 169 1024 uis
185 955 336 1024 omnibus
346 953 500 1042 spoliati;
512 954 598 1021 uude
614 953 747 1022 dilectis
761 955 838 1022 filiis
922 955 1045 1024 Abbati
1055 956 1168 1024 Sancti
1178 953 1254 1022 Get

117 1062 216 1132 bardi
232 1070 266 1130 et
281 1061 509 1131 coniudicibus
533 1059 603 1129 sciis
622 1063 789 1146 negotium
808 1061 916 1150 ipsum
936 1063 1066 1131 anobis
1082 1063 1253 1132 obtinuere

120 1171 288 1241 committi.
299 1170 450 1250 Quicum
463 1169 507 1237 ad
518 1171 797 1240 confirmationem
812 1170 980 1240 electionis
991 1172 1096 1257 ipsius
1108 1172 1254 1241 intende·

120 1281 200 1366 r'ent,
211 1287 308 1369 prout
318 1287 515 1367 acceperant
525 1279 559 1344 in
569 1278 743 1364 mandatis,
753 1279 789 1346 iu
799 1279 985 1365 omnesqui
995 1299 1031 1346 se
1041 1287 1253 1367 opponerent,

120 1387 466 1457 excommunicationis
481 1387 687 1470 sententiam,
705 1387 789 1454 sicut
805 1385 932 1472 dicitur,
950 1387 1200 1473 promulgando,
1211 1407 1252 1454 ex

120 1504 213 1584 parte
225 1496 330 1583 ipsius
340 1495 377 1559 B.
388 1495 433 1561 ad
441 1501 587 1562 noctram
601 1493 663 1561 iuit
673 1493 874 1562 audientiam
884 1493 1098 1580 appellatum.
1112 1495 1255 1562 Predicti

120 1625 196 1672 vero
211 1602 339 1670 iudices
365 1601 436 1668 eius
451 1601 705 1688 appellationem
720 1608 908 1689 reputantes
923 1601 1094 1686 frivolam,
1122 1608 1155 1669 et
1169 1602 1256 1686 quie·

123 1711 199 1798 quid
214 1710 341 1796 deipso
356 1709 479 1778 iactum
488 1710 604 1790 inerat,
621 1706 797 1794 irritantes,
809 1709 1002 1776 electionem
1012 1709 1054 1776 dc
1063 1707 1255 1795 supradicto

123 1819 283 1904 llagistro
309 1817 433 1884 iactam
454 1815 692 1884 sententialiter
715 1817 955 1884 confirmarunt
982 1817 1255 1885 Procuratoribus

125 1928 222 2012 igitur
237 1926 387 1995 ciusdem
401 1925 439 1992 B.
456 1924 546 2012 apud
564 1923 684 1992 Sedem
699 1923 923 2010 apostolicam
940 1924 1134 2009 constitutis,
1152 1931 1184 1991 et
1199 1944 1255 2011 ap-

125 2034 348 2124 pellationem,
370 2041 406 2100 ut
422 2033 583 2116 dicebant,
600 2031 871 2119 prosequentibus
889 2031 1104 2117 interiectam,
1121 2030 1256 2101 iamdic-

126 2150 175 2211 tus
202 2140 434 2210 Subdiaconus
449 2161 558 2208 coram
574 2140 694 2208 dilecto
710 2141 777 2209 fibo
793 2145 902 2210 nostro
912 2141 950 2208 u.
967 2143 1088 2210 Sancte
1103 2141 1206 2209 llaric
1220 2139 1254 2206 in

126 2247 302 2318 cosmedin
317 2247 465 2315 Diacono
482 2246 663 2334 Cardinali,
688 2268 786 2332 quern
800 2247 864 2316 sibi
881 2255 914 2316 et
929 2249 1052 2316 eisdem
1069 2254 1256 2336 procurato·

124 2357 213 2423 ribus
229 2355 416 2422 auditorem
429 2355 658 2441 concessimus,
671 2355 865 2442 excipiendo
881 2357 1060 2444 proposuit,
1071 2357 1160 2439 quod
1168 2355 1207 2422 B.
1224 2360 1258 2424 et

125 2469 354 2551 procuratores
370 2461 518 2529 iamdicti
533 2468 601 2530 tam
611 2461 654 2529 ab
669 2461 794 2530 eisdem
809 2461 972 2531 iudicibus
987 2471 1021 2530 et
1031 2462 1257 2548 subdelegatis

125 2573 282 2659 ipsorum,
300 2586 398 2654 quam
415 2589 475 2655 pro
492 2590 542 2652 eo,
568 2568 657 2655 quod
678 2571 932 2638 verberaverunt
956 2576 989 2636 et
1004 2572 1259 2638 vulneraverunt

125 2701 163 2748 ac
177 2681 463 2746 incarceraverunt
477 2679 637 2763 quosdam
653 2679 799 2762 clericos,
815 2681 946 2748 vinculo
966 2688 1060 2748 crant
1075 2698 1258 2748 excommu-

124 2785 301 2856 nicationis
317 2786 453 2869 astricti,
471 2805 621 2855 asserens
637 2786 867 2857 nichilominus
883 2809 920 2856 se
932 2809 992 2875 per
1006 2788 1147 2856 eundern
1164 2787 1201 2852 B.
1219 2806 1258 2854 ac

128 2895 308 2982 complices
318 2915 395 2964 suos
410 2896 621 2981 possessione
631 2895 851 2984 Episcopatus
861 2895 1098 2980 waradiensis,
1113 2897 1259 2980 inquam

129 3002 329 3072 aiudicibus
344 3001 428 3090 ipsis
453 3001 516 3089 per'
528 3010 754 3090 procuratores
780 3024 856 3071 suos
871 3004 1023 3071 inductus
1044 3002 1161 3088 fuerat,
1186 3021 1259 3087 spo·

128 3111 255 3178 lictum.
279 3110 412 3178 Adiecit
436 3111 580 3198 insuper,
607 3112 785 3196 quodcum
805 3111 882 3179 dicti
906 3118 1132 3198 procuratores
1156 3129 1262 3195 nuper

129 3218 219 3306 apud
233 3218 406 3288 Anconam
430 3220 529 3288 tracti
544 3222 589 3288 ad
604 3220 762 3288 iudicium
787 3239 898 3289 coram
915 3267 963 3292 ...
979 3219 1111 3287 Vicario
1127 3238 1260 3286 venera·

128 3326 205 3394 bilia
221 3325 335 3395 fratris
359 3325 462 3395 nostri
543 3327 742 3395 Anconitani
757 3326 914 3414 Episcopi
929 3347 1029 3414 super
1044 3345 1094 3413 eo,
1119 3324 1208 3411 quod
1223 3343 1261 3392 se

130 3431 262 3502 dicebat
276 3433 475 3518 quibusdam
491 3435 588 3503 rebus
605 3436 783 3523 spoliatum
798 3436 842 3502 ab
857 3435 951 3521 ipsis.
976 3455 1013 3503 se
1028 3433 1262 3504 contumaciter

129 3541 370 3628 absentassent,
394 3539 482 3610 idern
498 3543 646 3610 Vicarius
666 3541 741 3610 tulit
766 3542 1110 3612 excommunicationis
1136 3549 1262 3610 senten·

129 3647 211 3715 tiam
226 3648 262 3714 in
278 3649 422 3717 eosdem.
449 3648 595 3736 Cumque
620 3649 758 3736 receptis
774 3671 873 3737 super
897 3651 1083 3718 huiusmodi
1098 3649 1261 3736 exceptio-

130 3755 226 3822 nibus
242 3755 439 3840 quibusdam
454 3756 602 3842 testibus,
622 3758 885 3826 attestationibus
906 3758 1082 3844 publicatis
1099 3765 1132 3823 et
1146 3757 1262 3822 instru-

131 3865 253 3932 mentis
270 3863 434 3948 exhibitis,
460 3872 536 3950 post
551 3864 826 3932 concertationem
850 3866 1011 3933 diutinam
1025 3885 1105 3952 pars
1122 3864 1263 3932 adversa

131 3990 168 4037 se
190 3970 312 4038 obtulit
335 3971 557 4056 probaturam,
584 3969 672 4055 quod
686 3970 786 4038 iidem
805 3978 906 4038 testes
931 3977 1023 4038 erant
1046 3969 1196 4052 infames,
1222 3988 1263 4035 ac

130 4097 191 4166 per
214 4077 280 4145 hoc
305 4074 426 4144 debeat
442 4095 555 4143 eorum
577 4077 798 4145 testimonium
821 4098 886 4144 non
900 4079 1021 4162 valere,
1048 4079 1263 4145 instrumenta

133 4191 248 4251 eontra
264 4202 302 4251 se
317 4183 480 4270 producta
489 4183 709 4271 multipliciter
718 4185 962 4270 impugnando:
980 4205 1022 4252 ne
1036 4203 1095 4270 per
1110 4181 1265 4249 circuitus

132 4292 243 4361 varios
259 4298 294 4359 et
308 4291 476 4358 anfractus
500 4291 685 4379 principale
710 4293 876 4377 negotium
897 4293 930 4358 in
947 4311 1080 4376 gravem
1106 4291 1265 4358 lesionem

132 4397 282 4468 eiusdem
297 4398 448 4467 Ecclesia
465 4398 667 4485 contingeret
683 4399 856 4484 retardari,
873 4400 955 4467 illud
970 4397 1151 4466 venerabili
1172 4397 1266 4463 fratri

131 4516 243 4577 nostro
262 4559 270 4576 .
286 4555 315 4573 ..
332 4507 500 4593 Episcopo
509 4506 712 4595 Penestrino,
732 4514 809 4575 tunc
817 4507 1008 4595 Apostolice
1023 4506 1119 4574 Sedis
1129 4506 1264 4590 Legato,

132 4617 192 4684 sub
207 4615 272 4684 hac
287 4615 397 4683 torma
413 4615 565 4682 duximus
575 4616 849 4704 committendum,
871 4623 907 4682 ut
917 4623 1095 4686 memorato
1106 4615 1266 4700 Magistro
