3226 5194
596 331 745 434 ea..

107 526 162 592 eia
178 527 355 614 gratulari,
373 533 406 593 vt
423 549 461 594 eo
479 528 618 614 amplius
634 529 777 618 ipsoram
793 530 942 617 exemplo
961 531 1060 598 ceteri
1077 530 1121 597 ed
1136 529 1237 597 tideli-

105 633 187 702 tatis
205 655 307 722 opera
322 635 549 705 vehemenoius
574 637 763 705 innitentur.
788 636 928 705 Proinde
952 637 996 705 ad
1013 639 1236 706 rninersoram

106 749 177 809 tam
193 743 399 830 presencium
410 765 507 831 quam
518 744 693 814 futurorum
704 746 857 813 noticiam
867 745 982 814 harum
994 746 1078 816 serie
1089 745 1237 815 volamus

106 852 302 937 peruenire:
320 853 407 939 quod
423 854 639 922 consideratis
650 855 865 942 fidelitatibus
875 861 907 921 et
916 854 1125 923 seruicioram
1146 854 1238 921 meri·

104 959 152 1026 tis
169 959 306 1028 Comitis
324 960 470 1028 Perchini
485 961 579 1030 nobis
596 969 627 1029 ot
642 964 746 1048 Regni
763 963 867 1031 nostri
892 963 1110 1048 gubernaculo
1130 982 1238 1030 succe·

106 1064 264 1134 dentibus
284 1070 453 1136 cumomni
467 1068 593 1137 feruore
611 1071 787 1157 fidelitatis,
809 1091 881 1137 oum
891 1071 925 1137 in
943 1069 1127 1160 deferendis
1140 1070 1236 1136 rebus

105 1195 170 1243 sen
186 1176 347 1243 mercibus
372 1176 532 1264 preciosis
549 1178 590 1245 de
607 1179 768 1265 Veoeoijs,
793 1200 857 1248 non
874 1179 1038 1265 parcendo
1064 1178 1162 1245 rebus
1178 1195 1238 1244 neo

105 1303 262 1371 persone,
276 1285 416 1352 fideliter
430 1286 579 1372 inpendit
594 1294 627 1353 et
642 1286 769 1370 deuota,
796 1305 835 1352 ao
856 1307 915 1372 pro
932 1287 1030 1353 rebus
1051 1285 1196 1355 eiusdem
1212 1283 1237 1350 (i

106 1400 145 1460 et
159 1393 225 1458 XX
243 1392 372 1477 marcis,
398 1395 516 1477 quibus
531 1415 589 1462 nos
616 1393 722 1460 eidem
738 1394 897 1462 Perohino
913 1395 1115 1483 terrebamur,
1139 1412 1239 1478 quan·

107 1499 190 1566 dam
207 1507 325 1567 terram
338 1521 396 1568 sen
406 1503 646 1587 possessionem
658 1501 842 1569 Glaunieha
856 1507 1015 1585 vocatam,
1033 1519 1238 1587 superquam

77 1671 78 1676 ,
107 1605 299 1678 Welezlaus
315 1619 346 1677 et
362 1612 461 1680 ceteri
477 1612 607 1698 cognati
624 1611 673 1678 sui
689 1611 888 1694 residebant,
906 1631 967 1695 qne
983 1615 1072 1676 terra
1082 1607 1125 1676 ad
1140 1608 1239 1678 homi·

107 1720 282 1788 neocastri
299 1719 339 1786 de
349 1721 503 1788 Morocha
512 1720 696 1808 pertinebat
708 1720 741 1785 in
752 1718 916 1787 Comitatu
927 1719 1072 1786 eiusdem
1084 1718 1238 1803 existens,

108 1827 154 1894 de
165 1826 388 1894 munificencia
398 1829 503 1914 Regia
519 1835 551 1894 et
561 1848 718 1896 consensu
733 1828 874 1895 omnium
885 1829 1047 1896 Baranam
1058 1833 1239 1896 nostrorum

108 1935 282 2002 nobiscnm
298 1936 536 2020 assedenoium,
552 1936 815 2023 Archiepiscopis
832 1943 863 2002 et
873 1935 1046 2022 Episcopis
1062 1934 1166 2020 Regni
1182 1957 1236 2002 no·

109 2043 182 2128 stri,
200 2064 369 2128 consensu,
394 2043 501 2112 eidem
518 2044 633 2112 domiti
652 2044 820 2125 Perchino
848 2051 879 2110 et
895 2063 954 2128 per
970 2063 1043 2110 eum
1063 2042 1132 2110 suis
1148 2042 1238 2109 here-

111 2151 221 2234 dibus,
248 2150 467 2235 heredumque
484 2172 614 2220 suorum
631 2151 872 2220 suecessoribus
884 2151 959 2235 jure
975 2155 1130 2236 perpetuo
1150 2148 1239 2216 dedi·

110 2279 195 2344 mus,
220 2259 414 2327 contulimus
432 2267 463 2326 et
480 2261 672 2330 donaoimus
700 2260 931 2347 possidendam
948 2263 980 2326 et
1003 2256 1190 2326 habendam
1205 2257 1240 2324 in

111 2366 200 2436 filios
212 2369 348 2434 filiorum
359 2387 498 2454 suorum,
510 2370 599 2437 nullo
610 2370 848 2436 contradictore
858 2368 1035 2452 existente,
1054 2364 1238 2433 cumomni-

112 2475 175 2543 bns
192 2475 387 2542 vtilitatibns
412 2477 489 2560 sais,
519 2478 625 2560 metis,
643 2477 757 2562 vincis,
784 2477 912 2560 senode,
937 2476 1041 2559 siluis,
1067 2474 1240 2560 montibus,

114 2582 222 2666 aquis,
238 2582 330 2668 locys
345 2583 603 2652 molendinorum
620 2583 727 2652 eidem
744 2582 947 2666 tradidimus,
973 2589 1005 2650 et
1021 2590 1192 2668 exceptam
1207 2580 1241 2648 in

113 2689 264 2777 seruicijs
274 2692 363 2778 ipsos
375 2690 572 2776 jobagiones
589 2693 735 2759 acastre
752 2689 793 2757 de
804 2690 970 2776 Moroeha,
988 2690 1107 2774 etalijs
1124 2689 1241 2756 castris

113 2801 247 2868 omnino
274 2803 460 2868 extractam.
484 2801 522 2867 ln
537 2800 628 2868 ouius
644 2801 693 2868 rei
717 2799 937 2868 testimonium
962 2798 1087 2865 litteras
1111 2803 1240 2866 nostras

113 2907 339 2994 priuilegialos
364 2907 594 2992 concessimus,
622 2913 656 2972 vt
673 2907 768 2974 robur
793 2912 948 2993 perpetue
973 2905 1135 2973 firmitatis
1160 2903 1241 2972 obti-

101 3022 201 3106 neat.
218 3017 340 3083 Datum
356 3037 415 3102 per
431 3036 545 3083 manus
561 3015 710 3102 Magistri
726 3015 899 3102 Smaragdi
914 3013 1076 3101 Propositi
1090 3012 1241 3079 Albensis

115 3127 193 3194 aule
208 3132 318 3193 nostre
333 3125 634 3211 Viae-Cancellarij,
659 3147 745 3193 anno
761 3125 891 3192 Domini
906 3125 951 3190 Μο
961 3123 1117 3207 CG⁰LX⁰,
1138 3120 1241 3205 Regni

114 3242 225 3303 antem
240 3234 344 3302 nostri
359 3254 445 3302 anno
461 3234 620 3321 vigesimo
636 3239 762 3303 octono.

1 3465 2 3478 r
115 3435 150 3496 ad
166 3430 395 3487 szdkesiehdrvdri
408 3432 598 3503 kdptalannak
612 3436 689 3486 1329.
705 3435 733 3483 in
745 3434 849 3485 octauie
859 3433 1031 3501 Epiphaniae
1044 3429 1150 3484 heradii
1159 3425 1241 3482 dtira·

115 3523 200 3589 rabel,
216 3524 377 3591 ,Magisttor
390 3525 513 3577 Andreas
535 3525 606 3576 filius
621 3524 734 3577 Comitis
747 3524 894 3576 Merklini“
909 3521 1042 3588 derisere,
1066 3521 1178 3578 abudai
1189 3522 1241 3574 kir.

516 3616 638 3668 kamarai
656 3613 847 3682 iovdltdrban.)
