3252 5198
831 275 985 375 *so-

342 477 521 560 constituti,
537 476 698 542 uniuersis
722 491 857 560 presens
874 469 1031 555 scriptum
1056 467 1253 552 inspecturis
1279 467 1419 533 salntem
1437 465 1473 530 in

341 587 480 653 Domino
496 584 599 650 Jhesu
610 581 751 650 Christo.
768 579 820 645 Ad
830 579 1054 645 uniuersorum
1070 574 1225 641 noticiam
1236 575 1385 642 volumus
1399 591 1473 660 per-

342 693 462 778 uenire,
495 690 582 776 quod
608 710 680 756 eum
707 686 893 775 Capitulum
919 683 1068 752 Ecclesia
1094 682 1207 750 Sancti
1232 681 1403 750 Michaelis
1430 678 1474 746 de

342 803 461 868 Ferreo
477 800 592 866 Castro
603 803 792 864 causaretur
811 794 904 861 nobis
917 813 1035 879 coram,
1051 812 1108 878 pro
1125 791 1349 858 destruccione
1365 788 1474 875 predij

344 907 539 995 Megyehyd,
565 912 597 973 et
620 905 765 973 violenta
792 904 881 969 illius
906 901 1135 988 occupacione,
1164 907 1197 966 ct
1222 921 1281 985 pro
1298 897 1475 981 sexaginta

344 1016 510 1102 iugeribus
538 1022 634 1097 terro,
661 1033 725 1096 que
741 1012 781 1077 de
803 1010 915 1098 predio
932 1010 1040 1094 Kyniz
1066 1027 1179 1076 versus
1204 1009 1342 1075 alteram
1359 1005 1475 1072 villam

345 1124 451 1208 Kyniz
466 1120 634 1188 rduomici
650 1119 794 1206 predicte
807 1117 953 1186 Ecclesie
966 1116 1157 1185 subtrahere
1172 1114 1401 1198 moliebantur,
1419 1132 1475 1176 no·

346 1233 432 1300 mine
448 1229 665 1318 possessionis
685 1228 853 1295 cuiusdam
869 1228 931 1295 riri
946 1225 1192 1310 nomineRaim,
1214 1222 1362 1310 predicto
1379 1219 1477 1306 Capi·

346 1342 423 1426 tulo,
441 1344 476 1404 nt
485 1338 572 1405 idem
582 1336 740 1424 predium,
758 1336 949 1422 etpredicta
963 1335 1139 1419 sexaginta
1151 1333 1370 1418 iugeraterre,
1388 1331 1476 1395 iuste

347 1467 474 1534 semper
489 1454 521 1512 ct
546 1444 681 1531 pacifice
705 1442 898 1530 possederit,
924 1442 1154 1528 probacionem
1169 1440 1362 1524 indixerim,
1388 1457 1476 1502 cum-

347 1575 410 1641 que
435 1553 557 1620 dictum
573 1552 758 1638 Capitulum
782 1550 932 1638 predium
955 1549 1136 1636 predictum
1162 1556 1194 1615 et
1209 1546 1358 1635 predicta
1382 1563 1473 1612 sexa·

349 1663 441 1748 ginta
465 1660 580 1744 iugera
603 1665 688 1725 terre
713 1659 796 1725 iuste
821 1665 854 1725 et
869 1657 1006 1745 pacifice
1031 1655 1264 1741 atemporibus
1281 1655 1359 1720 Bele
1375 1652 1478 1737 Regis

349 1768 461 1854 Magni
486 1787 523 1834 se
541 1765 726 1853 possedisse
745 1765 930 1834 testimonio
947 1765 1122 1832 sufficienti
1139 1763 1394 1850 comprobasset,
1415 1779 1478 1827 nos

351 1878 493 1944 dictante
519 1875 650 1941 iusticia
675 1871 877 1959 sepedictum
903 1871 1052 1958 predium
1067 1869 1253 1956 Megyehyd
1278 1868 1418 1952 nomine,
1445 1877 1479 1934 et

351 1984 525 2067 sexaginta
535 1983 649 2065 iugera
663 1988 748 2048 terre
758 1981 792 2046 in
808 1980 887 2046 uilla
897 1981 1013 2066 Kyniz,
1030 1979 1176 2046 Ecclesie
1195 1980 1289 2046 Beati
1305 1977 1477 2044 Michaelis

352 2090 656 2174 adiudicauerimus,
682 2089 793 2175 libere,
813 2093 845 2154 et
861 2088 997 2174 pacifice
1014 2109 1086 2155 oum
1102 2087 1297 2172 molendino,
1323 2086 1410 2170 quod
1426 2093 1479 2152 est

351 2203 384 2267 in
400 2197 514 2286 predio
530 2193 725 2282 Megyehyd,
752 2195 863 2280 inquo
880 2195 944 2260 due
969 2203 1037 2262 rote
1058 2198 1241 2280 uoluuntur,
1267 2192 1479 2281 possidenda,

353 2307 436 2373 sicut
460 2307 566 2392 ipsum
592 2301 777 2390 Capitulum
805 2303 899 2369 nobis
927 2304 1070 2371 constitit
1101 2303 1249 2390 primitus
1280 2299 1479 2387 possedisse.

354 2413 528 2482 Vduornici
544 2415 647 2481 eciam
663 2416 902 2500 prememorati,
929 2434 969 2479 ne
985 2413 1162 2497 aliqnando
1186 2413 1269 2478 inter
1290 2410 1480 2496 Capitulum

356 2531 388 2591 et
403 2523 502 2609 ipsos,
522 2541 620 2608 super
636 2520 803 2608 sepedicto
820 2522 944 2608 predio,
960 2527 993 2589 et
1010 2522 1181 2606 sexaginta
1197 2520 1365 2604 iugeribus
1381 2524 1481 2600 terre,

354 2630 576 2700 controuersia
586 2634 697 2715 posset
707 2629 836 2712 exoriri,
853 2629 1030 2716 assumptis
1040 2628 1211 2715 pristaldis
1222 2627 1352 2710 nostris,
1367 2627 1484 2710 Tynca

355 2737 481 2806 scilicet
496 2737 536 2804 de
552 2735 715 2820 Hermau,
742 2743 774 2802 et
789 2737 951 2820 Emerico,
977 2738 1108 2824 ipsimet
1124 2744 1247 2823 euntes,
1268 2754 1372 2802 nouas
1388 2734 1485 2800 iuxta

357 2851 459 2913 metas
484 2844 637 2927 antiquas
663 2842 697 2908 in
714 2843 826 2929 predio
842 2844 1037 2931 Megyebyd,
1064 2847 1104 2910 ob
1122 2845 1345 2912 testimonium
1368 2840 1484 2910 iustili-

356 2953 499 3022 cacionis
515 2951 663 3019 Ecclesie
690 2958 870 3035 erexerunt,
895 2954 1055 3035 quesiout
1070 2973 1129 3039 per
1150 2950 1328 3039 pristaldos
1352 2960 1484 3018 nostros

356 3061 517 3147 predictos
533 3068 684 3146 presente
699 3065 836 3145 utraque
852 3069 956 3146 parte,
974 3082 1038 3129 non
1055 3060 1306 3142 contradicente,
1334 3058 1393 3126 sed
1408 3077 1484 3124 con-

356 3168 522 3236 senciente
547 3167 813 3254 intellexerimus,
841 3167 900 3233 tali
925 3175 1000 3235 sunt
1025 3167 1138 3234 ordine
1165 3168 1291 3234 collate.
1318 3165 1371 3232 Ad
1396 3166 1486 3232 latus

356 3276 514 3344 orientale
538 3275 695 3361 incipiunt
710 3275 752 3339 ab
771 3293 858 3356 aqua
874 3276 1019 3362 Guugus,
1047 3283 1079 3342 et
1094 3275 1263 3342 tendentes
1279 3293 1394 3340 versus
1410 3293 1485 3360 sep-

360 3384 563 3451 temtrionem
579 3382 702 3449 intrant
725 3383 813 3449 uiam
829 3404 992 3467 magnam,
1017 3383 1233 3451 coutinentem
1256 3381 1339 3448 duas
1358 3388 1486 3465 metas;

359 3495 391 3555 et
406 3487 526 3554 abhinc
542 3489 653 3555 acerui
678 3496 837 3556 metarum
853 3491 1063 3558 interiacente
1085 3492 1199 3558 cadem
1216 3493 1271 3558 via
1287 3489 1487 3576 protendun-

358 3608 409 3662 tur
424 3594 466 3661 ad
482 3594 648 3681 spinosam
662 3594 916 3679 distiuccionem,
934 3619 997 3684 que
1007 3601 1084 3685 vlgo
1094 3598 1212 3666 dicitnr
1228 3619 1321 3684 mege
1338 3598 1487 3685 dupplici

358 3711 457 3770 metan
470 3703 712 3788 consignatam,
739 3712 772 3770 et
796 3703 829 3770 in
855 3705 968 3772 eudem
995 3705 1209 3772 distiuccione
1234 3704 1487 3793 progredientes

358 3810 491 3879 veniunt
501 3809 546 3876 ad
555 3811 694 3877 lutosum
705 3811 810 3877 riuum
820 3811 911 3878 cuius
924 3812 1042 3880 deiude
1053 3815 1158 3882 cursui
1169 3815 1339 3882 obuiantes
1351 3815 1488 3881 veniunt

359 3920 402 3987 ad
417 3920 530 3986 villam
546 3917 666 4004 Femie,
693 3918 803 4004 ibique
828 3919 887 3986 sub
904 3920 974 4005 piro
1001 3922 1190 4006 contingunt
1209 3922 1295 3988 viam
1320 3922 1487 4006 quandam

359 4027 454 4094 metis
469 4027 609 4114 publicis
628 4028 897 4112 cognoscendam,
914 4031 947 4093 iu
964 4049 1029 4112 qua
1045 4049 1156 4096 rursus
1175 4030 1230 4096 via
1244 4026 1426 4114 procedunt
1441 4027 1487 4094 ad

358 4136 454 4203 trium
478 4136 603 4202 riarum
634 4135 916 4221 coniunctionem,
944 4135 1139 4203 habencium
1169 4158 1266 4203 unam
1298 4143 1417 4202 metam
1442 4134 1485 4202 de

359 4245 452 4330 Wep,
465 4244 602 4310 alterurn
618 4240 659 4308 de
669 4242 791 4329 Femie,
809 4243 943 4310 terciam
953 4244 1100 4311 Ecclesie
1116 4244 1349 4332 pertinentem,
1367 4243 1487 4310 deinde

359 4357 581 4436 retorquentes
597 4350 640 4418 ad
657 4351 841 4438 meridiem,
858 4360 891 4419 et
906 4352 998 4419 iuxta
1012 4354 1168 4420 terminos
1187 4353 1397 4441 Vepiensium
1416 4372 1487 4438 pro·

361 4459 480 4526 cedunt
495 4447 604 4543 usque*
625 4457 668 4526 ad
691 4479 810 4543 aquam
835 4457 988 4546 Gungus,
1016 4481 1114 4544 quam
1139 4466 1356 4545 transeuntes,
1379 4461 1487 4545 girum

361 4565 485 4634 iaciunt
499 4566 532 4631 in
550 4567 635 4632 aluei
650 4569 806 4652 margine,
835 4569 946 4650 inquo
963 4568 1053 4652 prius
1071 4589 1157 4653 aqua
1174 4569 1310 4653 Gungus
1336 4565 1487 4635 decurre·
