3226 5194
642 329 802 435 Ei.

156 519 438 604 nimode'deberet
448 527 631 616 possidere.
650 527 691 592 nt
702 525 749 592 sie
766 526 799 592 in
815 528 1099 614 nostripreseneia
1115 547 1187 597 oum
1199 529 1285 630 bona

158 633 251 717 pacis
278 633 512 718 tranquillitate
529 633 572 700 ab
599 635 736 700 inuicem
754 641 828 701 suunt
854 636 1009 722 separati.
1037 635 1103 700 Nos
1127 633 1226 720 igitur
1241 637 1284 703 ad

157 739 253 806 buius
278 740 497 809 testimonium
525 743 651 810 litteras
667 749 798 810 nostras
824 744 1042 811 concessimus
1064 739 1165 828 sigilli
1182 743 1283 811 nostri

157 846 335 915 munimine
366 852 548 917 roboratas.
584 851 706 916 Datum
732 850 765 916 in
791 849 871 916 uilla
897 850 1011 918 Buuad
1038 870 1124 918 anno
1152 851 1283 920 Domini

156 957 202 1021 ll⁰
215 953 280 1021 00⁰
292 955 372 1023 LX⁰.

158 1151 298 1208 (Eradetie
311 1152 488 1222 bdrhdrtydm
508 1171 525 1206 a
538 1153 765 1226 hdrtyazsinegen
783 1158 892 1224 suggere
910 1155 1002 1224 paesdt
1015 1157 1154 1216 alvesaett,
1173 1171 1190 1206 a
1202 1155 1283 1209 budai

526 1247 577 1300 hir.
592 1248 716 1298 kamarai
728 1243 917 1312 lavslttrban.)

593 1530 739 1542 -ι---...
754 1535 807 1542 -ω-
816 1533 854 1542 -ι-

152 2161 288 2225 Ldriuea
298 2159 413 2244 jddroa'
429 2158 569 2224 a'raekuol·
584 2182 623 2222 aa.
634 2157 752 2222 Millo's
761 2157 879 2240 judi-ai
895 2157 1110 2242 opdoaozdr'da
1120 2157 1279 2244 aaobdlyo·

446 2269 533 2331 zdsdt
548 2266 702 2351 tdrqyozo'
717 2264 873 2329 roudelete.
894 2267 912 2327 Ι
916 2265 990 2330 260.

263 2460 348 2540 Quia
361 2461 453 2527 iuxta
463 2479 623 2526 eanonum
638 2459 824 2526 sanctiones
835 2459 919 2527 bone
936 2457 985 2526 rei
995 2458 1075 2527 dare
1085 2461 1279 2548 oonsnltnnr,

153 2568 270 2638 etrite
286 2566 448 2655 presentis
465 2551 602 2633 habetur
618 2564 809 2652 subsidium,
834 2572 866 2632 et
887 2572 998 2634 eterne
1014 2569 1280 2637 remunerationis

154 2683 332 2763 expectare
349 2676 489 2742 cernitur
503 2675 682 2762 preminm3
700 2673 820 2742 ideireo
836 2695 895 2743 nos
912 2676 1106 2745 Laurentius
1128 2677 1189 2745 Dei
1206 2699 1279 2762 gra·

154 2789 204 2852 tia
229 2783 402 2852 Jadrensis
418 2783 693 2872 Arehiepiseopus
713 2803 783 2850 oum
804 2789 914 2852 nostro
937 2783 1092 2871 Oapitnlo
1116 2785 1278 2871 uniuerso,

157 2892 394 2960 deliberatione
420 2891 475 2957 diu
491 2891 576 2958 inter
592 2912 652 2960 nos
667 2889 793 2978 habita,
820 2898 853 2959 et
869 2893 1105 2961 communicato
1122 2913 1194 2961 oum
1211 2897 1279 2981 pln-

155 3005 245 3070 ribus
262 2998 466 3087 sapientibus
492 3007 524 3065 et
539 2999 702 3084 religiosis
718 2999 797 3066 viris
814 3001 959 3086 consilio,
987 2997 1161 3086 diligenter
1177 3001 1278 3070 eonsi-

156 3111 320 3196 derantes,
332 3116 364 3177 et
374 3107 495 3176 utiliter
505 3105 722 3194 attendentes,
734 3107 820 3194 quod
830 3129 890 3196 per
900 3107 1108 3178 donationem
1119 3129 1177 3178 seu
1187 3111 1278 3180 obla·

154 3221 276 3287 tionem
289 3216 479 3302 Monasterij
489 3217 600 3284 Saneti
610 3217 741 3285 Nioolai
751 3217 792 3284 de
801 3215 904 3285 Jadra
914 3217 1045 3286 Ordinis
1054 3219 1166 3286 Sancti
1176 3205 1278 3288 Bene·

155 3328 243 3410 dicti,
261 3327 348 3412 quod
364 3325 542 3394 Abbatissa
558 3333 657 3410 earet,
668 3344 739 3392 eum
756 3325 905 3393 omnibns
915 3326 1010 3393 rebus
1026 3328 1095 3396 suis
1104 3327 1279 3396 mobilibus

154 3445 188 3505 et
202 3434 433 3519 immobilibus,
460 3454 557 3519 quam
578 3434 729 3501 uniuerse
749 3434 906 3501 moniales
926 3433 1073 3520 ejusdem
1088 3436 1277 3522 Monasterij

153 3564 238 3632 pura
253 3548 287 3610 et
297 3543 354 3628 pia
369 3539 548 3607 intentione
558 3539 599 3608 de
616 3561 774 3633 consensu
787 3549 997 3628 patronorum
1014 3541 1116 3627 ipsius
1134 3540 1279 3612 ieoerunt
1401 3569 1405 3576 ·

153 3649 333 3718 liberaliter
350 3655 383 3716 et
399 3649 515 3717 devote
532 3649 601 3715 Deo
619 3655 652 3715 et
668 3649 782 3716 Ordini
802 3650 914 3716 Sancti
930 3648 1082 3716 Damiani
1098 3669 1277 3738 pauperum

154 3758 369 3842 dominarum,
396 3776 457 3824 sua
473 3756 570 3822 simul
586 3757 689 3826 eidem
707 3755 820 3824 Ordini
842 3776 978 3842 eorpora
994 3755 1185 3842 offerentem
1213 3778 1276 3825 non

153 3865 258 3933 solum
276 3865 309 3929 in
325 3863 480 3931 Jadrensi
496 3863 675 3950 provinoia,
697 3861 756 3930 sed
772 3863 804 3929 in
821 3869 889 3930 tota
905 3862 1073 3930 Dalmatia
1087 3869 1277 3950 procuratur

153 3979 187 4041 et
212 3969 390 4056 aequiritur
415 3977 482 4037 tam
506 3970 597 4037 salus
622 3991 802 4058 corporum,
829 3990 925 4056 qoam
951 3969 1049 4036 etiarn
1074 3970 1275 4055 animarum

152 4076 333 4167 predictam
359 4078 582 4164 donacionem,
609 4099 667 4146 seu
695 4079 891 4149 oblationem
915 4079 992 4146 totis
1018 4073 1125 4144 eordis
1146 4078 1275 4145 visceri·

134 4251 136 4254 .
153 4187 224 4272 bus,
241 4191 345 4253 ratam
362 4191 394 4252 et
418 4192 547 4270 gratam
563 4185 729 4270 habentes,
747 4183 929 4272 predictum
945 4185 1177 4252 llonasterium
1203 4204 1275 4252 eum

152 4292 303 4360 omnibus
326 4292 455 4378 juribus
471 4291 548 4374 suis,
576 4297 608 4356 et
624 4291 782 4358 moniales
808 4310 929 4376 omnes,
956 4311 1018 4376 que
1034 4310 1119 4358 nuno
1143 4296 1226 4378 sunt,
1244 4298 1276 4360 et

152 4419 216 4485 qne
231 4399 273 4468 de
290 4407 397 4467 cetero
413 4420 471 4486 per
487 4405 633 4483 tempora
649 4399 777 4484 luerint,
802 4399 845 4464 ab
865 4400 951 4468 omni
965 4397 1200 4485 jurisdietione,
1217 4419 1275 4466 seu

151 4505 356 4590 subjectione
366 4503 517 4571 duximus
533 4513 692 4592 perpetuo
710 4505 912 4587 eximendos,
932 4504 1032 4571 niehil
1048 4503 1177 4572 omnino
1190 4504 1274 4591 juris

152 4613 246 4681 nobis
263 4612 296 4678 iu
323 4609 435 4678 eodem
451 4612 649 4680 llonasterio
669 4618 884 4681 reservantes.
909 4613 948 4680 ln
963 4613 1055 4698 erujus
1080 4609 1273 4698 donationis,
