3210 5194
854 289 1014 398 mn..

366 495 657 568 uestriindefend
672 529 1014 544 ------
1029 497 1173 560 snostre
1197 487 1504 560 circaeonliniadi-

370 607 526 674 micantes
542 602 731 674 'theotonici
758 599 954 688 occiderunt,
980 606 1012 667 et
1028 599 1102 668 aliis
1119 599 1160 667 de
1177 619 1298 684 genere
1318 599 1430 685 Chem,
1460 597 1505 664 ad

367 713 620 784 construendum
636 712 670 778 in
689 732 728 781 eo
744 716 897 796 castrum,
922 729 980 796 per
995 706 1082 794 qnod
1098 705 1180 775 illud
1197 707 1369 777 confinium
1384 705 1504 773 melius

368 831 402 891 et
417 821 586 910 potencins
610 824 757 890 teneatur
772 852 1055 868 —————
1069 815 1195 885 nsionis
1211 815 1277 883 loci
1302 835 1338 882 se
1357 815 1501 900 quinque

366 930 573 1018 recolligant,
601 927 744 1015 quinque
769 946 848 994 uero
873 924 1080 1013 prosilientes
1105 923 1275 1010 exagitent
1300 931 1335 990 ct
1358 929 1505 990 terreant

367 1037 595 1125 aduersantes,
621 1056 694 1103 cnm
719 1041 808 1103 terra
831 1033 964 1103 nomine
980 1033 1110 1120 Orwar,
1135 1053 1199 1119 que
1222 1039 1274 1102 cst
1298 1033 1359 1100 sub
1385 1028 1503 1101 eodem

367 1151 487 1234 castro,
514 1153 601 1214 terra
617 1143 771 1212 uidelicet
792 1142 887 1210 vuius
903 1141 982 1212 ville
996 1143 1031 1208 in
1047 1140 1098 1210 dis
1100 1176 1505 1191 -------

366 1290 654 1304 -----
670 1258 827 1342 perpetuo
851 1249 1062 1340 possidenda.
1087 1253 1126 1320 In
1140 1251 1232 1320 cuins
1248 1247 1350 1319 castri
1365 1257 1400 1320 ct
1415 1257 1503 1320 terre

367 1363 612 1452 possessionem
637 1380 697 1450 per
710 1357 867 1429 dilectum
891 1367 925 1429 ct
940 1359 1067 1428 fidelem
1091 1366 1237 1429 nostrum
1252 1357 1425 1444 Herricum
1439 1356 1500 1425 co-

368 1471 480 1541 mitem
491 1471 600 1540 Castri
614 1469 726 1538 Ferrei
742 1468 833 1556 ipsos
848 1467 982 1536 lecimus
1002 1465 1174 1538 introduci.
1191 1466 1290 1536 Ouios
1301 1473 1387 1536 terre
1403 1473 1502 1552 mete,

367 1587 465 1668 prout
490 1579 605 1649 eodem
629 1579 670 1646 H.
687 1575 820 1644 comico
828 1611 1351 1625 ---------
1370 1575 1503 1660 guimus

368 1690 431 1757 hoc
442 1686 557 1755 ordine
573 1685 813 1772 distinguntur:
830 1684 973 1754 Primam
989 1689 1110 1752 metam
1120 1689 1208 1752 tanet
1223 1680 1503 1752 cnmuillaOlrcm

367 1796 401 1862 in
418 1797 500 1882 loco,
517 1796 573 1882 qui
590 1795 707 1863 dicitur
723 1795 864 1881 SartivV,
880 1793 936 1862 ubi
952 1798 1028 1862 sunt
1043 1793 1107 1861 duc
1123 1799 1226 1879 mste;
1244 1791 1322 1860 inde
1337 1791 1381 1858 ad
1398 1792 1503 1860 orien-

368 1910 433 1971 tem
449 1905 543 1971 iuxta
569 1903 687 1971 siluam
703 1902 804 1970 chem
820 1909 895 1971 sont
919 1901 982 1970 due
1004 1908 1108 1989 mctc5
1134 1906 1168 1969 ct
1181 1901 1229 1968 ibi
1251 1900 1365 1989 incipit
1388 1908 1504 1968 tenere

368 2033 444 2078 oum
459 2010 541 2079 nilla
556 2009 679 2077 Chatar
695 2011 738 2078 ad
764 2017 906 2079 montcm
921 2008 1046 2096 Toboy,
1064 2009 1120 2077 ubi
1140 2013 1217 2077 sunt
1237 2008 1300 2077 doc
1316 2014 1422 2093 mete,
1450 2009 1506 2075 de-

366 2117 445 2185 inde
471 2117 515 2184 ad
530 2116 699 2184 meridiem
723 2118 840 2185 transit
865 2139 985 2204 aquam
1005 2116 1141 2204 Pincua,
1166 2122 1200 2182 et
1223 2117 1316 2184 iuxta
1342 2136 1503 2201 magnum

367 2225 513 2311 lapidem
537 2222 630 2292 uadit
645 2224 689 2292 ad
704 2224 821 2311 locum,
850 2226 905 2310 qui
922 2223 1039 2292 dicitur
1054 2225 1251 2310 Toboywar,
1272 2225 1328 2292 ubi
1343 2231 1419 2292 sunt
1435 2224 1502 2292 due

368 2338 472 2418 mete,
500 2331 617 2400 deinde
641 2333 732 2400 uadit
759 2333 801 2400 ad
818 2333 931 2400 uillam
947 2333 1095 2420 Clreyka,
1122 2340 1155 2400 et
1171 2340 1221 2401 cst
1245 2332 1317 2400 lons
1342 2333 1376 2398 in
1402 2332 1503 2416 silua,

369 2440 426 2508 ubi
436 2447 513 2506 sunt
526 2438 589 2507 dne
604 2447 705 2527 mete3
723 2437 800 2508 inde
816 2439 908 2508 vadit
923 2441 966 2508 ad
977 2440 1102 2529 Seston,
1120 2446 1153 2509 et
1167 2441 1214 2509 ibi
1226 2447 1302 2509 sunt
1317 2440 1381 2508 due
1392 2445 1503 2526 mcte;

368 2546 445 2613 indc
461 2544 504 2613 ad
520 2545 749 2634 Nigcnszorn5
767 2554 800 2614 et
816 2547 863 2615 ibi
878 2549 997 2615 transit
1013 2569 1131 2633 aquam
1149 2547 1281 2633 Pincus,
1298 2554 1331 2614 et
1346 2547 1393 2614 ibi
1408 2553 1504 2614 tenet

370 2663 490 2722 metam
507 2673 580 2720 cum
605 2654 685 2722 uilla
700 2655 869 2744 Poschcn3
895 2657 972 2724 indc
988 2655 1031 2723 ad
1047 2656 1162 2723 uillam
1178 2654 1320 2741 Coraldi,
1344 2661 1377 2721 et
1392 2654 1439 2722 ibi
1456 2655 1505 2720 in-

368 2764 451 2851 cipit
466 2768 578 2830 tanere
594 2770 715 2831 metam
740 2785 814 2832 cunr
829 2766 912 2832 uilla
928 2764 1167 2850 cruciferorum,
1193 2769 1227 2830 et
1241 2763 1287 2830 ibi
1303 2768 1354 2831 est
1377 2782 1505 2848 magna

367 2873 432 2961 uia,
451 2891 512 2960 per
537 2893 636 2958 quam
661 2874 727 2940 itur
741 2873 785 2940 ad
810 2880 953 2942 castrum
970 2873 1088 2958 Ouar,
1105 2880 1138 2940 et
1162 2871 1209 2938 ibi
1234 2871 1351 2939 transit
1376 2891 1503 2954 aquarn

367 2979 503 3068 Tchon,
529 2987 561 3047 et
587 2979 631 3046 ibi
655 2988 745 3048 tenet
769 2987 888 3049 metam
912 3002 986 3050 cum
1010 2981 1114 3050 seruis
1141 2978 1285 3068 Regino,
1317 2987 1350 3046 ct
1376 2979 1423 3046 ibi
1450 2988 1505 3046 est

367 3089 423 3157 uia
448 3090 593 3178 antiqua,
620 3110 681 3178 per
698 3110 797 3176 quam
813 3091 878 3158 itur
903 3090 948 3159 ad
962 3089 1094 3178 Inchcd,
1122 3089 1178 3156 ubi
1194 3096 1246 3157 est
1270 3089 1371 3175 pirus,
1397 3094 1430 3155 et
1454 3089 1503 3154 ibi

367 3203 443 3266 sunt
468 3196 644 3284 docmate,
671 3205 703 3265 et
717 3199 835 3288 incipit
858 3204 970 3267 tencre
986 3205 1090 3267 metas
1106 3218 1179 3266 cum
1203 3197 1280 3282 filijs
1297 3196 1440 3281 Condra,
1468 3205 1503 3264 et

367 3305 415 3371 ita
439 3303 562 3370 reditur
587 3303 631 3370 ad
654 3304 794 3391 primam
819 3313 939 3373 metam
963 3305 1141 3374 Sartiw.U
1158 3341 1503 3354 ------

367 3411 407 3476 H.
418 3429 551 3478 suornm
568 3411 777 3479 seruiciorum
793 3419 827 3479 et
843 3413 1036 3481 effusionum
1051 3414 1221 3500 sanguinis
1236 3414 1359 3482 meritis
1374 3414 1502 3502 predic-

368 3519 411 3588 tis
427 3518 579 3588 fidclibus
603 3521 725 3589 nostris
751 3521 849 3609 digne
872 3523 960 3592 lacta
984 3524 1131 3611 collacio,
1158 3523 1206 3592 cis
1226 3531 1258 3591 et
1273 3546 1332 3612 per
1356 3545 1413 3591 cos
1429 3525 1502 3594 suis

366 3625 543 3695 heredibus
560 3628 778 3714 heredumque
794 3631 1041 3701 successoribus
1067 3640 1226 3721 perpetuo
1241 3632 1501 3721 perseueranda,

367 3753 428 3801 nec
444 3755 465 3800 a
481 3736 597 3820 quouis
613 3741 794 3826 temporum
809 3739 969 3808 curriculo
986 3759 1085 3828 super
1103 3740 1168 3827 lrijs
1184 3739 1295 3807 ualeat
1310 3739 1501 3827 inquietari,
1596 3785 1599 3798 ·

368 3843 423 3910 ucl
437 3844 646 3931 aliquatenus
663 3847 823 3934 infestari,
848 3858 1018 3938 presentes
1034 3849 1158 3917 eisdem
1173 3850 1393 3920 concessimus
1415 3850 1504 3917 litte·

366 3973 421 4020 ras
438 3954 601 4042 dupplicis
625 3956 726 4040 sigilli
741 3957 843 4024 nostri
868 3958 1046 4026 monimine
1062 3960 1245 4027 roboratas.
1269 3959 1389 4026 Datum
1406 3957 1500 4044 apud

334 4129 338 4140 Α
365 4061 479 4128 villam
494 4061 625 4149 Nomoy
640 4063 673 4129 in
689 4064 835 4150 partibus
848 4065 985 4152 cheric
1001 4085 1086 4133 anuo
1102 4065 1274 4135 Dominics
1294 4065 1502 4134 incarnacio-

366 4167 418 4234 nis
434 4169 607 4237 millesimo
624 4167 844 4238 ducentesimo
864 4172 1115 4259 quadragesimo
1138 4181 1265 4261 quarto,
1288 4179 1403 4260 quarto
1419 4171 1501 4241 Idus

366 4275 549 4362 Februarij,
567 4277 671 4364 Regni
688 4285 796 4346 antem
813 4281 916 4348 nostri
933 4300 1018 4348 anno
1034 4280 1171 4350 decimo.

364 4431 504 4506 (Eredctis
519 4439 694 4508 bdrhtrtydn,
713 4443 823 4511 melytdl
836 4460 853 4495 a
865 4441 957 4510 kirtly
969 4445 1060 4498 kettlts
1079 4442 1199 4512 pscsdtp'e
1218 4440 1394 4510 vcrosotrga
1409 4447 1502 4496 asino-

520 4547 567 4582 ron
581 4532 659 4598 ittgg,
672 4548 690 4582 a
702 4533 801 4585 sumsit.
816 4534 862 4599 hg.
875 4533 1023 4600 Batthydni
1036 4533 1129 4588 ooaltd
1141 4532 1348 4602 levdltrlrdban.)

800 4656 1063 4670 κιαι-Ἣ
