3252 5198
686 393 728 459 13

130 587 320 657 excessibus
336 589 409 655 suis
426 587 622 656 excederent
637 591 820 675 universos,
842 610 942 657 unum
958 589 1000 656 de
1010 589 1204 678 hospitibus,
1222 593 1266 659 ad

130 717 210 782 quos
225 715 309 763 casu
325 695 565 780 declinaverat,
589 704 623 764 et
637 717 737 764 unum
753 698 795 765 de
809 697 1028 766 servientibus
1042 699 1124 784 suis,
1140 701 1266 768 nitenti-

129 807 190 873 bus
206 825 281 872 eum
298 803 490 891 defendero,
514 804 615 891 impie
630 804 843 890 trucidantes,
861 803 1032 873 cuiusdam
1048 807 1199 874 monachi
1216 826 1265 874 sa-

129 912 281 998 cerdotis,
299 914 356 998 qui
372 931 409 980 se
426 911 470 979 ad
486 911 709 981 defensionem
724 913 838 1000 ipsius,
854 919 890 981 ut
906 919 1044 1000 poterat,
1066 917 1265 1002 opponebat,

128 1021 245 1088 deutra
260 1039 379 1088 manus
396 1019 517 1105 digitos
531 1027 751 1106 amputarunt,
770 1021 936 1089 nonnullis
961 1021 1009 1089 ibi
1023 1024 1146 1091 relictis
1161 1025 1266 1091 letali-

127 1139 180 1196 ter
194 1127 397 1210 vulneratis;
415 1132 448 1193 et
463 1127 510 1192 sic
525 1127 733 1194 innocentum
748 1127 909 1212 sanguine
926 1130 1096 1214 cruentati,
1114 1131 1264 1199 receden-

129 1245 182 1304 tes
198 1257 220 1302 a
236 1235 328 1322 cede,
354 1235 400 1302 ad
415 1234 553 1301 cundem
568 1235 768 1322 Episcopum
787 1235 1004 1322 aufugerunt3
1030 1241 1126 1324 prout
1152 1257 1265 1308 corun·

130 1343 208 1412 dem
217 1345 387 1411 Abbatnm
403 1342 549 1410 exhibite
563 1342 659 1411 nobis
678 1343 786 1410 littere
801 1343 1022 1412 continebant.
1042 1343 1149 1423 Quum
1163 1345 1265 1432 igitur

130 1471 198 1518 vox
213 1449 311 1518 effusi
323 1449 496 1534 sanguinis
506 1449 629 1517 clamat
644 1450 689 1516 ad
704 1470 764 1519 uos
780 1451 822 1517 de
831 1458 928 1536 terra,
949 1453 1264 1521 nosnolentestante

128 1557 326 1626 temeritatis
352 1575 524 1625 excessum
540 1559 600 1625 sub
616 1557 876 1626 dissimulatione
898 1560 1048 1644 transire,
1064 1561 1142 1644 quin
1157 1559 1265 1647 ipsum

129 1666 243 1754 potius
259 1665 410 1734 volentes
436 1665 611 1734 severitate
627 1665 740 1732 debita
756 1665 933 1750 castigari3
959 1667 1162 1751 mandamus,
1188 1687 1264 1753 qua·

131 1784 228 1844 tenus
243 1772 412 1861 predictos
437 1773 629 1856 sacrilegos,
656 1782 689 1840 et
705 1793 830 1861 omnes,
849 1793 985 1859 quorum
1010 1795 1072 1861 ope
1091 1775 1199 1842 scelus
1216 1783 1265 1842 est

131 1880 320 1950 huiusmodi
344 1885 577 1967 perpetratum,
605 1887 637 1947 et
653 1880 709 1964 qui
725 1881 758 1947 in
772 1880 836 1949 hoc
859 1881 1069 1968 prestiterunt
1094 1881 1263 1965 auxilium,

133 1988 371 2056 consiliumvel
386 1987 544 2071 favorem,
563 1987 695 2054 faciatis
711 2007 770 2073 per
779 1987 1037 2074 Strigoniensem
1046 1987 1264 2073 Provinciam,

132 2103 166 2164 et
180 2094 250 2162 alia
266 2094 351 2179 loca,
378 2093 549 2178 inquibus
574 2092 730 2179 expedire
749 2093 906 2178 videritis,
930 2094 1070 2182 pulsatis
1096 2097 1264 2181 campanis

132 2212 164 2272 ct
189 2202 342 2271 candelis
368 2203 537 2286 accensis,
561 2202 701 2288 singulis
727 2203 842 2271 diebus
865 2205 1046 2274 Dominicis
1071 2211 1103 2273 et
1127 2205 1263 2288 festivis,

133 2310 434 2379 excommunicatos
458 2310 646 2378 solemniter
661 2311 830 2396 nunciati,
857 2318 889 2379 et
904 2313 1029 2380 tamdiu
1048 2315 1092 2380 ab
1116 2313 1264 2381 omnibus

14 2505 15 2514 ἵ
132 2419 257 2486 arctim
273 2417 402 2502 evitari,
428 2418 531 2486 donec
545 2418 736 2504 Apostolico
761 2438 798 2487 se
817 2420 1006 2506 conspectui
1030 2426 1264 2507 representem,

132 2529 215 2612 Deo,
233 2533 267 2593 et
281 2525 441 2610 Ecclesia,
468 2546 507 2593 ac
521 2527 586 2614 ipsi
602 2527 799 2595 Monasterio
816 2528 857 2594 de
872 2537 940 2595 tam
956 2528 1060 2596 atroci
1078 2529 1199 2596 iniuria
1215 2549 1265 2597 sa·

132 2635 356 2704 tisiactionem
379 2632 525 2702 debitam
550 2635 750 2722 impensuri;
781 2637 855 2705 loca
880 2635 992 2724 etiam,
1019 2635 1065 2702 ad
1087 2655 1150 2722 que
1174 2636 1264 2722 ipsos

132 2744 288 2813 devenire
304 2742 488 2827 contigerit,
513 2743 670 2828 quamdiu
685 2744 731 2810 ibi
747 2746 875 2830 fuerint,
903 2746 1097 2834 supponatis
1116 2745 1265 2812 ecclesia-

133 2854 215 2921 stico
231 2851 419 2919 interdicto.
445 2851 487 2917 Et
502 2851 581 2934 quia
594 2850 701 2918 dictus
718 2850 900 2936 Episcopus
926 2870 1088 2937 expensas
1112 2849 1157 2918 ad
1179 2870 1264 2918 man-

132 2959 249 3028 datum
272 2958 491 3046 predictorum
511 2958 658 3043 J'udicum
681 2979 747 3026 non
762 2957 896 3044 exolvit,
921 2966 1034 3026 ettam
1058 2959 1143 3046 ipse,
1167 2979 1266 3042 quam

131 3065 315 3150 Cornelius,
340 3073 375 3133 et
389 3065 541 3134 monachi
557 3065 748 3151 supradicti,
773 3066 808 3132 in
828 3064 955 3151 prolixo
979 3065 1043 3133 sibi
1066 3065 1205 3133 termino
1221 3067 1265 3134 ad

129 3175 254 3243 Sedem
268 3164 495 3260 Apostolicam
511 3191 577 3240 nou
593 3179 762 3254 venerunt,
786 3181 919 3259 propter
935 3172 1021 3257 quod
1037 3193 1058 3238 a
1073 3172 1171 3240 dictis
1182 3171 1265 3256 judi·

130 3283 227 3352 cibus
250 3281 382 3349 vinculo
407 3280 538 3349 luerunt
563 3281 908 3351 excommunicationis
933 3280 1079 3366 astricti,
1114 3286 1209 3367 prout
1232 3281 1265 3347 in

132 3392 245 3460 eidem
269 3390 388 3458 litteris
414 3391 606 3476 continetur,
631 3391 722 3478 ipsos
745 3392 1043 3460 excommunicatos
1067 3388 1192 3458 tamdiu
1217 3410 1266 3460 so-

131 3501 288 3568 lemniter
302 3499 459 3567 nuntietis
468 3551 477 3585 ,
502 3506 535 3567 et
549 3501 680 3568 faciatis
696 3501 739 3566 ab
756 3499 905 3570 omnibus
925 3499 1046 3568 arctius
1066 3499 1194 3584 evitari,
1212 3499 1264 3568 do·

131 3630 194 3677 nec
210 3609 432 3697 personaliter
456 3627 567 3676 coram
581 3607 676 3676 nobis
693 3616 905 3695 compareant
928 3608 1116 3677 meritorum
1132 3628 1264 3677 suorum

131 3716 304 3804 stipendia
326 3715 499 3803 recepturi.
524 3717 565 3782 Et
581 3736 623 3783 ne
638 3717 820 3802 persecutio
845 3723 914 3783 tam
929 3716 1049 3785 atrocis
1073 3715 1190 3784 iniurie
1205 3737 1265 3803 pro

134 3823 267 3893 delectu
283 3822 666 3910 expensarumimpediri
681 3824 854 3890 valeatvel
870 3824 969 3890 etiam
985 3823 1157 3906 retardari,
1172 3824 1266 3890 tratri

136 3933 234 4000 Petro
261 3932 361 3999 latori
385 3931 596 4017 presentium,
623 3938 657 3998 et
672 3931 799 4000 duobus
824 3932 876 3999 vel
900 3933 1003 4000 tribus
1020 3931 1094 3997 aliis
1120 3927 1264 3998 eiusdem

136 4038 331 4110 monasterii
355 4037 541 4122 monachis,
577 4037 763 4106 huiusmodi
788 4039 956 4123 negotium
983 4036 1265 4126 prosequentibus,

135 4149 267 4216 sociatis
283 4148 326 4215 de
342 4147 438 4214 bonis
462 4147 565 4233 ipsius
582 4147 739 4234 Episcopi
755 4167 917 4234 expensas
943 4147 988 4214 ad
1005 4148 1265 4234 prosecutionem

134 4255 261 4342 negotii
284 4254 494 4323 necessarias
510 4255 699 4341 ministrari,
725 4255 991 4338 contradictores,
1016 4255 1116 4341 siqui
1135 4255 1265 4338 fuerint,

131 4367 184 4433 vel
199 4361 358 4448 rebelles,
375 4381 436 4448 per
451 4382 622 4431 censuram
638 4363 897 4432 ecelesiasticam
914 4363 975 4430 sub
985 4363 1178 4451 Apostolica
1193 4363 1267 4431 obe-

130 4473 258 4542 dientia
283 4472 535 4556 compescendo.
567 4474 688 4540 Verum
714 4473 792 4557 quia
816 4472 850 4538 in
875 4471 1045 4560 premissis
1076 4473 1266 4540 excessibus

128 4581 281 4653 eiusdem
296 4579 458 4666 Episcopi
475 4579 593 4648 dicitur
608 4600 682 4649 esse
698 4600 824 4665 manus,
848 4581 998 4649 volumus
1015 4587 1048 4648 et
1062 4581 1265 4667 mandamus,

127 4699 257 4764 uttam
286 4687 333 4756 de
357 4687 519 4774 personis,
544 4708 608 4772 que
631 4687 818 4756 huiusmodi
841 4687 1002 4777 flagitium
1027 4689 1266 4778 commiserunt,
