3210 5194
366 1032 386 1096 l
390 1031 423 1096 V.
440 1027 519 1096 Bao
536 1031 707 1117 lcirdlyoak
740 1031 812 1118 Wya
836 1033 868 1096 a
895 1029 1017 1096 Glauke
1042 1028 1233 1116 belyadpelrat
1254 1027 1405 1114 tdrpyoad
1419 1024 1501 1089 odo·

410 1142 527 1225 metopo
542 1136 651 1204 Simon
668 1137 802 1202 Beckeri
821 1136 914 1224 adpo
929 1138 1096 1205 Jooornak
1106 1135 1157 1219 fia
1172 1137 1331 1199 camara.
1350 1133 1450 1197 1239.

475 1333 584 1421 (Blela
600 1335 662 1401 Dei
685 1335 800 1420 gracia
812 1333 991 1422 Hungarlo,
1016 1330 1198 1418 Dalmacie,
1215 1328 1363 1414 Oroaoie,
1380 1329 1500 1412 Rame,

367 1444 490 1528 Seruis,
506 1439 656 1529 Gallicis,
675 1441 864 1509 Lodomerie
888 1439 1106 1524 Gemanieque
1122 1443 1192 1508 Rex
1210 1438 1359 1506 omnibus
1375 1435 1500 1504 Christi

366 1547 517 1617 fidelibus
532 1569 669 1636 presens
685 1549 842 1634 scriptum
861 1548 1056 1634 inspecturis
1081 1548 1219 1615 salutem
1235 1547 1269 1611 in
1286 1565 1364 1612 uero
1380 1543 1500 1612 Salua·

366 1664 445 1724 tore.
472 1655 552 1723 (lum
576 1656 828 1742 obsequencium
854 1654 995 1723 fidelitas
1020 1655 1144 1742 polleat
1169 1653 1367 1736 sinceritate,
1394 1651 1500 1719 dono-

366 1786 437 1831 rum
453 1785 517 1831 non
543 1761 703 1830 immerito
720 1762 813 1829 decet
837 1762 929 1850 ipsos
945 1762 1084 1846 benigne
1110 1762 1257 1847 aspicere
1282 1778 1355 1827 cum
1370 1758 1501 1843 fauore,

366 1876 529 1939 eteorum
555 1867 693 1938 comoda
717 1889 778 1956 pro
795 1869 918 1936 viribus
944 1868 1113 1954 ampliare.
1140 1866 1282 1933 Proinde
1309 1867 1352 1934 ad
1368 1868 1500 1933 uniuer-

365 1998 473 2044 sorum
500 1978 656 2045 noticiam
681 1977 796 2044 harum
822 1977 906 2045 serie
931 1978 1080 2044 volumus
1103 1975 1295 2063 peruenire,
1321 1973 1408 2061 quod
1432 1994 1498 2042 nos

365 2085 465 2171 digne
480 2085 514 2152 in
527 2086 716 2154 memoriam
731 2085 905 2170 reuocatis,
922 2093 955 2153 et
970 2085 1080 2152 auimo
1096 2085 1240 2170 gratuitu
1256 2081 1403 2170 pensatis
1418 2081 1500 2149 fide

282 2216 291 2228 ·
365 2193 445 2260 lium
470 2193 700 2277 obsequiorum
726 2193 851 2261 meritis
879 2192 998 2260 nobilis
1022 2192 1084 2260 viri
1100 2191 1248 2277 magistri
1265 2188 1419 2276 Symouis
1435 2189 1498 2275 filij

366 2300 526 2370 Johannis
550 2300 652 2386 Belye
678 2300 718 2367 de
742 2301 867 2368 Berkez
892 2322 933 2368 ex
959 2300 1174 2386 generacione
1190 2298 1328 2365 condam
1344 2297 1500 2381 magistri

366 2407 526 2477 Johannis
550 2408 680 2475 llridrih
705 2430 824 2496 magno
855 2409 987 2476 laudem
1012 2406 1098 2497 (igy)
1124 2407 1278 2494 preconio
1309 2405 1498 2490 attolentes,

365 2516 481 2601 quibus
506 2517 578 2603 ipse
602 2517 776 2585 aduertens
800 2518 970 2586 retroactis
995 2517 1208 2604 temporibus,
1233 2514 1360 2582 trabem
1384 2521 1500 2583 nostre

367 2625 548 2694 Maiestatis
560 2625 728 2713 imitando,
739 2625 859 2693 virtute
869 2626 1033 2694 constanti
1043 2624 1132 2692 fideli
1142 2624 1268 2691 sincero
1280 2624 1360 2707 zelo,
1372 2621 1500 2689 viribus

369 2731 546 2802 laboriosis
562 2739 594 2799 et
604 2731 826 2800 sollicitudine
843 2733 1010 2801 indelessa
1030 2734 1237 2820 complacens
1254 2732 1287 2799 in
1303 2732 1427 2799 cunetis
1443 2753 1500 2799 no·

369 2841 444 2909 stris
466 2840 614 2925 negocijs
631 2838 806 2927 superinde
822 2841 886 2907 sibi
902 2841 1095 2926 commissis,
1111 2840 1206 2908 nobis
1223 2847 1291 2908 toto
1315 2861 1373 2908 sue
1396 2861 1498 2927 posse

369 2947 493 3016 studuit
517 2948 722 3037 complacere
733 2999 743 3033 ,
768 2947 910 3015 reddens
936 2968 1063 3035 semper
1088 2968 1169 3034 erga
1190 2955 1335 3016 nostrum
1359 2947 1500 3033 Regium

370 3055 504 3122 Gulmen
521 3061 650 3142 gratum
666 3062 699 3122 et
714 3062 884 3144 acceptum
903 3055 1085 3123 seruicium.
1105 3055 1249 3136 Quorum
1265 3056 1395 3124 racione
1410 3056 1500 3142 cupi-

369 3170 461 3232 eutes
477 3184 518 3231 ex
534 3163 642 3232 animo
670 3164 734 3232 sibi
758 3165 863 3251 Regia
885 3163 1094 3232 liberalitatis
1110 3163 1196 3234 douo
1212 3171 1246 3231 et
1260 3163 1499 3233 remuneracio-

371 3272 423 3339 nis
439 3271 587 3340 antidoto
604 3291 781 3357 occurrero,
807 3279 843 3340 vt
866 3273 965 3340 ceteri
991 3292 1030 3340 eo
1056 3274 1207 3360 exemplo
1223 3273 1267 3340 ad
1281 3271 1450 3340 fidelitatis
1468 3277 1501 3339 et

371 3379 526 3446 virtutum
542 3398 644 3465 opera
660 3380 843 3447 exercenda
861 3379 1043 3448 feruencius
1058 3381 1285 3466 exardescant,
1303 3377 1501 3463 discantque

374 3485 435 3553 sub
450 3485 602 3573 Principe
612 3485 757 3570 glorioso
774 3485 929 3555 deuocius
945 3486 1117 3573 famulari,
1133 3486 1299 3572 quandam
1314 3487 1427 3555 villam
1443 3508 1496 3556 no

373 3598 476 3659 stram
490 3593 573 3679 Wys
589 3600 749 3679 vocatam,
766 3593 938 3662 simulcum
953 3595 1096 3680 quadam
1108 3603 1196 3665 terra
1211 3596 1342 3665 nomine
1352 3594 1500 3682 Gbenks,

373 3701 418 3768 ab
429 3701 567 3769 aliorum
577 3702 707 3787 juribus
717 3720 775 3789 per
791 3707 894 3771 metas
905 3702 1131 3791 infrascriptae
1142 3705 1271 3773 omnino
1285 3703 1457 3772 distinctas
1468 3711 1502 3773 et

373 3813 554 3896 separatas,
571 3809 677 3877 eidem
690 3809 835 3896 Symoni,
855 3819 888 3879 et
898 3827 1037 3901 pereum
1054 3820 1230 3880 memorato
1241 3811 1383 3881 Johauui
1400 3811 1500 3898 patri,

375 3937 415 3984 ae
430 3916 495 3984 Job
510 3915 577 3983 filio
594 3915 740 3985 eiusdem
755 3918 917 4005 Symouis,
937 3920 1015 3986 item
1030 3919 1182 3988 Zwbuzlo
1198 3926 1231 3986 et
1245 3919 1342 3987 alteri
1356 3918 1500 3989 iohanni

373 4025 540 4109 fratribus,
565 4029 598 4090 et
621 4025 873 4112 consanguineis
888 4028 967 4113 suis,
984 4046 1158 4114 eorumque
1177 4027 1319 4114 posteris
1338 4026 1501 4096 uniuersis

375 4153 448 4201 cum
464 4134 613 4202 omnibus
629 4133 826 4203 utilitatibus
845 4144 879 4204 et
894 4136 1105 4224 pertinenciis
1120 4135 1330 4222 quibuslibet,
1354 4157 1395 4204 ao
1410 4136 1498 4208 vado

374 4240 408 4308 in
423 4239 524 4307 fluuio
540 4241 693 4327 Bodrogh
709 4243 833 4326 habito,
854 4245 929 4330 jure
947 4250 1106 4332 perpetuo
1122 4253 1155 4313 et
1169 4243 1430 4313 irreuoeabiliter
1444 4243 1521 4312 de.

374 4345 481 4414 dimus
498 4354 531 4414 et
545 4349 748 4419 contulimus.
765 4349 910 4430 Quarum
924 4351 1031 4440 prima
1044 4358 1130 4421 meta
1147 4353 1250 4439 primo
1266 4351 1383 4438 incipit
1398 4371 1500 4437 asep-

374 4457 534 4524 tentrione
549 4458 643 4529 iuxta
657 4457 822 4546 quandam
833 4482 960 4530 uenam
969 4463 1168 4531 Tbewrelrer
1183 4467 1345 4544 vocatam,
1363 4459 1420 4525 vbi
1429 4457 1500 4525 alia

374 4583 460 4631 vena
475 4564 621 4633 eiusdem
646 4567 733 4636 aluei
759 4569 865 4636 Dedel
888 4570 1058 4658 appellata
1074 4570 1162 4638 cadit
1176 4570 1212 4637 in
1226 4565 1365 4636 eandem
1381 4577 1501 4634 venam
