3210 5194
852 331 1013 433 *ee—

371 525 392 590 l'
408 527 490 594 altro
509 525 694 611 Commune,
718 545 852 614 epoesa
867 527 1031 614 pigliarlo‚
1048 527 1084 591 in
1100 526 1287 609 qualemque
1302 525 1388 591 delle
1410 524 1505 592 dette

371 631 575 700 communiet
590 653 669 700 sare
691 641 829 702 troueto.

481 741 537 826 15)
554 743 596 807 lit
610 741 644 808 in
661 743 884 828 queleiuoglia
898 751 1018 828 tempo,
1037 743 1097 808 che
1113 740 1133 806 l’
1143 761 1219 824 una,
1236 761 1255 808 e
1270 740 1290 806 l'
1306 741 1393 808 altra
1405 739 1501 807 Gom-

371 849 496 915 munitt
512 853 609 917 vorrt
631 855 749 917 ωηατ
763 849 818 917 del
833 850 916 918 fatto
941 851 983 917 de
998 857 1081 917 tutte
1097 851 1153 918 doi
1178 852 1209 918 le
1224 849 1439 934 communiti,
1459 849 1504 934 gl’

371 955 613 1024 Ambaeciaeori
628 956 662 1024 di
676 958 850 1042 i'raugura
864 977 1014 1042 vengano
1032 957 1095 1025 due
1110 958 1199 1025 volte
1215 963 1236 1023 i
1253 956 1400 1044 Spelato,
1421 977 1440 1023 e
1458 958 1503 1041 gl'

373 1064 613 1132 Ambaeeittori
630 1065 665 1131 di
679 1066 814 1151 spalato
830 1065 953 1133 vadino
968 1086 1034 1132 una
1050 1068 1141 1133 volta
1156 1071 1178 1132 i
1193 1068 1353 1150 Tragure.

484 1172 539 1253 16)
556 1175 594 1240 In
608 1180 690 1240 tutte
714 1183 828 1258 queste
845 1194 930 1259 cose,
956 1179 1035 1260 peri
1051 1175 1145 1241 saluo
1164 1192 1293 1260 sempre
1308 1175 1328 1240 l’
1343 1176 1467 1241 honore
1485 1193 1505 1239 e

373 1278 496 1347 fedeltt
511 1280 566 1348 del
582 1283 631 1348 Re
646 1279 676 1346 d’
695 1281 850 1368 Ongeria,
876 1282 908 1348 le
924 1282 1013 1367 quali
1029 1300 1105 1350 eose
1127 1287 1219 1364 tutte,
1246 1300 1264 1346 e
1281 1281 1506 1346 ciaeeheduna

373 1384 460 1455 delle
476 1390 672 1475 sopreeerite
698 1408 778 1457 sono
796 1396 882 1458 etate
899 1409 1069 1477 promeese
1084 1386 1127 1454 da
1152 1393 1234 1455 tutte
1250 1388 1305 1454 doi
1322 1388 1353 1455 le
1369 1389 1466 1473 parti,
1484 1409 1504 1454 e

371 1493 508 1562 fermete
524 1497 575 1562 eol
585 1497 790 1580 giuramento
806 1498 975 1583 eorporale
991 1497 1046 1563 nel
1056 1497 1190 1580 general
1206 1495 1377 1580 colloquio,
1394 1499 1504 1562 ivero

373 1603 578 1688 parlamento
604 1604 676 1671 dell'
692 1625 766 1690 une,
789 1601 899 1672 edell'
915 1606 1002 1671 altre
1025 1603 1122 1688 ciete,
1148 1603 1230 1670 delli
1245 1603 1391 1670 huomini
1415 1603 1505 1670 delle

373 1708 462 1776 dette
485 1710 701 1778 communiti.
728 1714 766 1779 In
780 1733 941 1799 presente
965 1711 1008 1778 de
1022 1713 1139 1778 Doimo
1156 1711 1198 1778 de
1217 1711 1380 1794 Pennino,
1407 1711 1506 1776 Lam·

373 1817 486 1902 predio
512 1817 554 1886 de
569 1820 756 1906 Zagarella,
782 1821 823 1887 de
840 1820 995 1886 Formino
1015 1819 1049 1887 di
1065 1819 1173 1902 Peste,
1189 1819 1300 1885 Mieha
1324 1819 1364 1884 de
1379 1816 1504 1899 Medio,

374 1924 476 1990 Stano
493 1923 527 1990 di
541 1925 628 2010 Elia,
639 1927 770 1992 Andrea
786 1926 828 1992 de
837 1927 984 2013 Micacio,
1002 1927 1172 2011 Batonem,
1184 1924 1343 2009 Gregorio
1360 1925 1507 1991 deLuea

376 2029 558 2116 spalatini;
586 2052 604 2098 e
620 2032 775 2100 saladino
793 2033 834 2100 de
849 2034 998 2116 volema,
1014 2034 1124 2100 Pietre
1140 2033 1180 2100 de
1195 2033 1322 2116 Bufalo,
1345 2030 1505 2098 anarizo

376 2131 417 2202 de
433 2136 595 2221 Kalenda,
611 2138 741 2206 Troum
763 2141 804 2206 de
820 2140 936 2225 Janee,
952 2140 1117 2208 Nieoietto
1133 2137 1174 2206 de
1189 2141 1303 2226 Tema,
1329 2139 1443 2206 Dobra
1460 2136 1506 2206 de

259 2301 263 2314 .
374 2243 490 2310 Menza
504 2244 690 2330 Tregurini,
713 2247 753 2313 ed
770 2247 846 2314 altri
860 2248 962 2313 molti.

482 2354 518 2420 Io
543 2354 652 2422 Pietro
678 2356 719 2421 de
742 2356 970 2422 Tranemundo
995 2355 1152 2423 eitteffino
1172 2355 1204 2421 d'
1220 2355 1357 2422 Aneona
1376 2355 1505 2424 Notero

373 2457 558 2545 Imperiale,
587 2471 619 2528 et
643 2461 726 2529 hora
751 2462 805 2529 del
828 2461 1006 2530 Commune
1031 2462 1064 2529 di
1081 2462 1256 2547 Spaletoe
1280 2467 1364 2529 tutte
1388 2470 1508 2545 queste

374 2583 449 2633 eoee
464 2574 612 2652 pregato,
629 2568 676 2636 fui
691 2576 852 2656 presente,
869 2571 911 2636 he
929 2570 1051 2654 scritto,
1074 2589 1092 2636 e
1109 2567 1285 2655 publicato.

375 2779 425 2844 (ΔΖ
444 2784 590 2851 eredetileg
603 2813 636 2822 -
650 2787 720 2838 mint
737 2783 837 2838 litezik
849 2813 884 2824 -
902 2787 972 2838 latin
990 2787 1105 2853 nyelven
1123 2786 1298 2838 ezerkeeztett
1317 2791 1417 2852 abveg
1436 2783 1508 2838 utin

582 2876 691 2940 Lucius,
704 2877 834 2929 Memorio
846 2876 965 2928 etoriehe
977 2877 1005 2928 di
1018 2875 1090 2928 Trai
1104 2876 1139 2927 38
1152 2891 1165 2926 e
1178 2876 1241 2928 kttv.
1253 2875 1295 2940 11.)

813 3175 1067 3186 *m

909 3676 965 3744 63.

376 3877 433 3944 IV.
449 3877 532 3941 Bata
547 3875 720 3961 kirdlynak
735 3897 755 3937 a
768 3874 1000 3962 pannonhabmi
1025 3883 1161 3965 apdtsciq
1181 3878 1328 3963 nepeinek
1348 3879 1506 3965 ezolyetla·

573 3986 632 4048 tait
646 3987 766 4070 effonan
781 3983 966 4069 ezabctlyozd
980 3985 1180 4049 intizkedeee.
1205 3987 1303 4053 1240.

490 4181 571 4247 Bela
594 4181 656 4248 Dei
682 4180 795 4264 gracia
811 4179 989 4264 Hungarie,
1013 4181 1193 4268 Dalmatio,
1214 4180 1360 4265 Oroaeie,
1387 4181 1506 4263 Reme,

375 4289 498 4374 Seruie,
516 4289 664 4373 Gellieie‚
681 4286 1105 4373 Lodomeriecumanieque
1124 4291 1204 4371 Rex,
1216 4288 1366 4354 omnibus
1384 4285 1510 4356 Christi

376 4397 526 4463 fidelibus
550 4403 736 4484 presentem
759 4397 915 4482 paginam
944 4397 1140 4482 inspecturis
1164 4396 1302 4464 salutem
1319 4396 1354 4461 in
1371 4415 1420 4479 eu,
1450 4395 1508 4482 qui

377 4513 427 4572 eet
442 4507 584 4573 omnium
601 4507 806 4591 eperaneium
822 4505 855 4570 in
872 4525 909 4572 ee
924 4507 1024 4572 salus.
1046 4504 1098 4570 Ad
1110 4507 1331 4572 vniuereorum
1347 4505 1509 4572 noticiam

375 4613 490 4678 harum
516 4613 601 4678 serie
625 4613 774 4680 uolumus
798 4614 980 4698 peruenire,
1007 4612 1094 4698 qued
1119 4633 1192 4680 cum
1218 4613 1331 4699 populi
1355 4613 1510 4680 Ecclesie
