3168 5186
856 275 1002 376 jao

379 472 520 543 Goaoois
537 474 646 541 dilecti
671 473 769 542 nostri
786 474 866 542 civis
882 473 1075 560 Antoniani,
1101 473 1231 540 nomine
1248 475 1349 562 ipsius
1365 474 1422 541 sni
1440 471 1499 538 vin'

377 583 472 670 plene
488 582 714 668 deliberantes,
734 604 796 670 qne
810 583 941 671 petebat
956 586 1022 653 eibi
1037 604 1097 671 pro
1112 582 1197 651 dicto
1214 603 1273 652 sno
1288 585 1369 668 viro,
1392 590 1429 648 et
1445 602 1501 667 per

376 711 449 758 cum
473 690 567 758 fratri
593 691 643 758 sni
668 693 727 758 riri
752 693 916 760 licentiam
941 693 1067 761 exiberi
1092 709 1151 780 per
1176 713 1236 760 nos
1261 699 1295 759 ot
1318 692 1501 759 Commune

376 799 508 866 Ancum
534 809 724 885 nocuasque
748 821 960 886 successores,
988 799 1150 890 capiendi,
1175 799 1443 888 reprehendendi
1471 803 1502 864 et

377 908 605 977 manutenendi
630 909 672 976 de
693 909 787 977 bonis
804 916 835 976 et
861 909 958 977 rebus
973 909 1138 978 hominnm
1158 910 1301 995 Ragonio
1327 927 1436 991 usqne
1461 907 1503 972 ad

376 1021 591 1102 quantitatem
615 1019 819 1106 septuaginta
845 1020 1002 1086 librarum
1019 1017 1296 1086 Anconitanarnm
1320 1037 1380 1103 pro
1399 1017 1501 1082 rebus

375 1125 495 1193 ablatio
512 1126 598 1194 dicto
615 1128 756 1195 Mattheo
771 1147 829 1195 suo
846 1129 915 1194 viro
931 1129 964 1194 in
981 1129 1130 1195 banzena
1146 1127 1215 1192 sive
1235 1145 1319 1192 nave
1332 1124 1447 1210 Sergii
1463 1125 1503 1190 de

375 1235 524 1320 Ragooia
538 1234 626 1321 apud
649 1243 774 1321 portum
791 1239 1024 1321 Inganatornm
1041 1255 1062 1300 a
1077 1234 1193 1322 piratis
1218 1235 1279 1300 snb
1295 1231 1502 1321 protectione

376 1349 409 1410 et
433 1344 639 1412 fraudelenta
664 1347 841 1430 occasione,
873 1346 949 1414 dolo
975 1352 1006 1412 ot
1032 1344 1273 1414 machinatione
1300 1343 1504 1410 adhibitae

375 1451 601 1536 prenominato
617 1452 729 1538 Sergio
744 1459 776 1519 et
791 1453 890 1520 sociis
907 1473 963 1520 seu
990 1451 1176 1520 marinariis
1192 1453 1233 1520 de
1252 1452 1402 1538 Ragusia
1420 1451 1501 1518 dicti

376 1559 531 1627 bannonis
557 1581 615 1628 scu
641 1561 742 1648 navis,
770 1569 866 1650 prout
889 1562 1057 1648 allegabat
1080 1565 1190 1630 taliter
1214 1581 1288 1629 esse
1310 1562 1502 1648 probatum.

375 1664 456 1732 Cum
471 1667 647 1734 Commune
662 1669 803 1754 Ragnsie
821 1668 920 1736 suerit
935 1674 1174 1754 sequestratum
1189 1689 1247 1756 per
1257 1669 1501 1736 Ambaxatores

375 1782 408 1840 et
434 1774 562 1842 litteras
579 1774 759 1845 Communis
775 1776 908 1847 Ancona
925 1779 986 1845 stb.
1004 1777 1066 1845 stb.
1091 1773 1127 1864 (a
1143 1777 1217 1844 kert
1241 1777 1406 1862 engedely
1423 1774 1500 1842 nebi

374 1881 591 1969 megadatik.)

602 2047 737 2114 (Eredetie
750 2067 766 2102 a
779 2047 852 2102 benai
866 2067 902 2101 cs.
917 2049 968 2100 kir.
982 2047 1065 2100 titkos
1079 2043 1267 2114 lerdltdrban.)

809 2337 1062 2348 ..m-*—

376 3039 507 3105 Ancona
525 3047 614 3107 odron
639 3005 852 3129 tinnungulus
878 3045 944 3109 roob
969 3049 1037 3109 naua
1060 3043 1173 3150 polqctr
1198 3045 1345 3110 saumana
1369 3047 1478 3110 basoni
1489 3049 1494 3064 '

790 3153 959 3238 enche'lya
979 3151 1077 3218 1254.

486 3347 610 3414 (linitas
626 3349 760 3416 Ancona
775 3349 877 3418 Paulo
894 3347 1039 3417 Fnltroni
1055 3349 1118 3416 civi
1135 3370 1194 3418 suo
1221 3347 1264 3414 ad
1279 3350 1493 3436 quantitatem

377 3461 397 3525 8
414 3455 486 3521 libr.
506 3457 547 3520 12
564 3475 590 3522 s.
608 3456 747 3523 admittit
771 3477 888 3542 capere
904 3462 936 3524 et
952 3457 1198 3546 apprehendere
1222 3458 1256 3524 in
1279 3459 1493 3545 represaliam

378 3565 419 3631 de
444 3563 540 3630 rebus
565 3565 787 3650 Ragneecrum
819 3587 879 3652 pro
904 3565 1001 3634 reboo
1026 3565 1094 3635 onis
1120 3564 1240 3634 ablatis
1265 3567 1491 3636 Bartholomeo

377 3671 533 3755 Fultroui²
559 3673 686 3757 quasis
703 3672 816 3740 abillo
842 3671 958 3741 babuit
973 3673 1007 3740 in
1032 3672 1336 3742 recommandieium
1364 3673 1399 3739 in
1419 3677 1491 3744 ban·

376 3799 457 3847 none
473 3778 579 3865 Sergii
597 3779 638 3846 de
653 3781 814 3864 Ragnseo.
831 3779 895 3848 Die
911 3783 941 3848 5.
959 3787 1098 3849 exeunte
1113 3781 1251 3868 Augusti
1271 3783 1367 3850 1254.

482 3888 608 3956 Civitas
623 3891 758 3957 Ancona
773 3889 857 3956 idem
875 3888 1019 3956 admittit
1034 3909 1075 3957 ex
1091 3890 1192 3957 simili
1206 3909 1308 3958 eausa
1329 3891 1491 3959 &ueruto

376 3997 471 4065 Pauli
497 3997 560 4064 civi
576 3995 776 4064 Anconitanc
801 3995 844 4062 ad
869 3997 1083 4081 quantitatem
1100 3999 1143 4064 33
1160 4006 1193 4065 et
1215 3996 1373 4065 dimidiae
1398 3999 1489 4066 libra·

373 4127 454 4172 rum.
474 4105 538 4173 Die
557 4101 766 4172 remeante
781 4103 979 4190 Septembris
998 4105 1093 4174 1254.

553 4305 604 4370 (Aa
617 4303 716 4357 eredeti
728 4300 880 4370 otmanyok
894 4319 911 4356 a
923 4302 995 4356 bessi
1011 4321 1047 4356 cs.
1061 4305 1111 4357 lsir.
1125 4302 1314 4372 lerbltdrban.)

796 4591 1064 4606 *u-
