3226 5194
911 351 1065 450 ΑΟ.-

428 546 514 612 Sane
541 569 560 612 a
585 547 761 614 venerabili
789 547 886 613 fratre
913 553 1021 614 nostro
1047 546 1078 610 J.
1106 547 1359 633 Arrhiepiscopo
1387 545 1549 628 quondam

424 653 591 742 Ragusino
608 655 752 724 Ecclesie
769 656 935 741 Rugusine
950 655 1056 723 libera
1071 656 1293 741 resignatione
1311 661 1458 742 recepta,
1477 675 1547 721 c-

423 763 464 829 de
479 763 581 850 ipsius
599 763 744 831 Ecclesia
769 763 975 832 ordinatione
992 769 1024 829 et
1050 764 1161 851 populi
1178 762 1338 849 Regusini
1360 761 1482 829 duritia
1497 781 1544 830 co

423 871 599 955 gitaremus
625 879 758 957 attente,
787 871 830 938 ad
854 891 1026 958 personam
1043 880 1132 938 tuam
1158 869 1203 937 ad
1228 871 1374 939 eiusdem
1400 870 1547 937 Ecclesia

421 981 566 1066 regimen
592 989 724 1069 propter
750 983 851 1048 multa
880 979 1106 1049 favorabiliter
1132 977 1363 1047 assumendam
1395 979 1543 1046 intuitum

421 1089 690 1157 considerationis
701 1096 810 1156 nostre
826 1088 1055 1173 convertimus,
1067 1093 1244 1174 sperantes,
1265 1087 1352 1173 quod
1364 1107 1423 1172 per
1435 1085 1545 1152 datan

421 1197 478 1263 tibi
503 1198 679 1265 aDomino
704 1198 942 1283 discretionem,
970 1196 1098 1266 consilii
1116 1195 1345 1279 maturitatem,
1372 1195 1442 1262 vite
1459 1215 1545 1261 mun·

418 1303 544 1390 didam,
563 1306 730 1391 religionis
747 1305 927 1373 claritatem
953 1311 985 1372 et
1000 1304 1180 1371 litterarum
1198 1305 1367 1372 seientiam
1386 1287 1477 1390 apud
1493 1325 1544 1390 pc·

419 1409 528 1499 pulum
546 1414 652 1502 ipsum
670 1415 803 1499 dignum
820 1415 974 1500 proficere
993 1413 1114 1480 debeas
1130 1412 1230 1479 verbo
1247 1413 1370 1500 pariter
1390 1419 1424 1477 et
1439 1431 1543 1480 exem-

418 1521 484 1607 plo.
511 1520 604 1588 Unde
620 1527 652 1588 te
678 1519 741 1608 ipsi
757 1521 904 1588 Ecclesia
930 1521 970 1587 de
986 1519 1122 1588 fratrum
1138 1529 1321 1590 nostrorum
1348 1519 1492 1588 consilio
1516 1525 1546 1585 ct

417 1628 589 1715 potestatis
614 1633 723 1694 nostre
754 1627 957 1713 plenitudine
982 1629 1015 1694 in
1040 1628 1327 1716 Archiepisoopum
1358 1628 1543 1714 preficimus

419 1755 458 1802 ac
474 1741 648 1823 pastorem,
664 1734 791 1801 firmam
811 1755 904 1823 spem
920 1735 1134 1823 fiduciamque
1151 1743 1307 1818 tenentes,
1330 1735 1419 1822 quod
1429 1735 1543 1802 eadem

417 1841 564 1910 Ecclesia
580 1849 613 1908 et
627 1843 767 1929 populus
783 1842 947 1928 predictus
964 1851 1019 1909 tue
1036 1843 1207 1930 diligentie
1231 1844 1340 1912 studio
1357 1842 1543 1931 spiritualia

416 1958 448 2017 et
464 1951 668 2038 temporalia,
697 1958 830 2018 auctore
847 1949 995 2033 Domino,
1012 1951 1191 2039 suscipient
1214 1952 1428 2020 incrementa.
1456 1951 1541 2031 Quo·

416 2059 503 2126 cirea
518 2058 725 2142 mandamus,
741 2067 900 2144 quatenus
913 2058 1094 2144 attendens,
1111 2067 1144 2128 te
1160 2063 1193 2128 in
1208 2069 1336 2149 partem
1357 2081 1423 2129 non
1442 2062 1541 2130 modi-

414 2189 486 2236 cam
513 2177 621 2236 nostre
648 2168 875 2236 sollicitudinis
901 2175 1080 2254 evocatum,
1106 2171 1154 2238 sic
1178 2173 1256 2257 iugo
1282 2173 1424 2252 Domini,
1455 2171 1540 2259 quod

414 2275 474 2344 tibi
490 2295 548 2362 por
558 2276 835 2363 dispensationem
851 2283 994 2343 nostram
1007 2275 1193 2363 imponitur,
1210 2279 1372 2346 humiliter
1394 2279 1540 2346 subicias

412 2381 612 2452 fortitudinis
628 2389 683 2450 tue
699 2383 826 2466 collum,
854 2381 896 2451 de
913 2381 1135 2454 misericordia
1149 2387 1210 2452 Dei
1237 2394 1269 2454 et
1285 2387 1478 2474 Apostolico
1497 2387 1541 2452 ia-

410 2511 490 2560 vore
508 2491 682 2577 conlidens,
699 2491 786 2577 quod
801 2492 920 2558 exinde
936 2492 995 2558 tibi
1010 2493 1180 2579 proveniat
1197 2495 1230 2561 in
1246 2497 1390 2582 presenti
1409 2494 1538 2563 merito

410 2619 480 2667 rum
500 2598 607 2686 gratia
622 2605 655 2666 et
679 2601 873 2686 premiorum
890 2599 995 2684 gloria
1011 2599 1046 2668 in
1061 2599 1178 2668 tuturo.
1206 2603 1324 2669 Datum
1343 2602 1485 2670 viterbii
1503 2604 1541 2671 V.

409 2705 487 2774 idus
503 2705 682 2791 Februarii,
699 2708 907 2776 Pontificatns
926 2711 1027 2777 nostri
1043 2729 1128 2779 anno
1145 2717 1270 2796 quarto.

409 2907 546 2972 (Theiner,
560 2909 661 2960 Vetera
674 2904 850 2961 Morrumeuta
862 2909 1003 2961 Slaroruru
1012 2910 1232 2964 Meridionalium
1245 2911 1387 2963 historiam
1401 2910 1542 2994 illustran-

852 2999 892 3049 tia
904 2999 927 3049 l.
942 2998 998 3051 ket.
1012 3000 1054 3052 86.
1068 2996 1099 3066 l.)

844 3283 1110 3294 ..-ι--ι--ι-
