3162 5188
542 285 698 400 „ass-

574 867 653 936 201.

47 1053 67 1116 I
70 1051 101 1118 V.
117 1052 200 1118 Besa
218 1053 327 1138 tireio
346 1050 463 1138 Agnae,
489 1051 577 1115 Peter
601 1047 758 1114 Zabuealo
773 1047 826 1130 fio
848 1048 969 1133 ncje'ock
993 1055 1183 1139 meqenqedu

289 1161 372 1244 hoqy
385 1159 549 1223 hdbmeio'l
564 1156 828 1222 iutclzkcdlwsssen.
848 1155 946 1220 1249.

150 1355 224 1422 Nos
242 1355 326 1420 Bela
341 1353 405 1420 Dei
424 1353 537 1438 gracia
551 1354 622 1420 Rex
645 1353 816 1438 Huugarie
831 1359 892 1419 ete.
918 1353 1073 1420 memorie
1101 1375 1184 1424 com·

54 1459 246 1529 mandantes
267 1461 500 1546 significamus,
528 1459 616 1546 quod
630 1460 733 1528 nobili
748 1460 881 1528 domine
896 1461 989 1527 uxori
1014 1461 1102 1528 Petri
1127 1463 1185 1530 filii

56 1569 192 1638 Zobuslo
210 1569 363 1638 dedimus
379 1569 552 1637 licenciam
568 1568 774 1654 relinquendi
789 1569 961 1654 pecuniam
978 1575 1010 1635 ct
1026 1571 1103 1655 alia,
1120 1591 1182 1655 quc

52 1687 196 1765 exparte
213 1679 328 1745 mariti
344 1680 395 1746 sui
411 1699 468 1765 pro
485 1678 562 1746 dote
574 1699 634 1746 sua
650 1679 771 1750 habere
782 1677 903 1764 poterit
913 1677 1086 1764 nepotibus
1102 1679 1181 1764 suis,

53 1784 180 1852 uidelict
204 1787 284 1854 filiis
301 1788 405 1854 Jaecv
425 1787 570 1870 Comitis,
597 1795 754 1870 errantum
773 1787 804 1852 in
829 1786 924 1851 nobis
940 1793 1006 1873 cst;
1034 1793 1066 1853 et
1091 1807 1185 1871 quae·

57 1913 174 1978 cunque
191 1894 284 1960 idem
299 1896 404 1963 Jacov
422 1893 538 1961 Comes
554 1895 681 1961 litteras
700 1893 842 1979 Capituli
858 1892 1100 1978 Strigonienais,
1127 1914 1185 1960 seu

58 1999 218 2085 Albensis,
238 2002 310 2068 siue
329 2001 511 2088 agriensis,
535 2003 588 2068 vel
604 2002 765 2068 Budcnsis
791 2021 889 2087 super
914 2001 989 2086 ipsa
1004 1998 1186 2069 donatione

59 2107 145 2174 nobis
171 2107 339 2192 detulerit,
366 2109 485 2176 dictam
501 2109 716 2178 donacionem
741 2115 852 2177 nostro
880 2109 986 2175 eidem
1013 2109 1186 2193 priuilegio

56 2215 260 2300 promisimus
270 2216 523 2287 confirmandam
533 2218 712 2286 secundum
722 2217 987 2286 consuetudinem
996 2218 1111 2302 Regni.
1123 2218 1186 2283 Da·

57 2328 117 2388 tum
133 2324 272 2411 Posonij
288 2325 393 2392 tercia
407 2325 491 2393 feria
515 2332 589 2414 post
603 2327 800 2410 quindenam
816 2328 1035 2393 Pentecostcs.

59 2517 144 2588 (Gurai
156 2521 262 2576 Mikros
276 2519 416 2576 uldornak
431 2526 542 2577 illc-ki
556 2523 721 2590 ritirattbdh
743 2523 823 2577 nahai
836 2525 975 2592 ilauincuy
989 2522 1081 2578 (libor
1094 2525 1185 2578 kosle·

565 2613 679 2682 mtnye.)
911 2621 914 2626 ’

491 2882 753 2892 ——-—-.-.--——

583 3345 661 3413 2⁰2.

68 3519 87 3582 Ι
91 3521 122 3587 V.
139 3523 217 3590 Boia
233 3525 338 3622 ierom
364 3525 451 3590 Pe'tcr
466 3525 616 3591 Zobosala
623 3527 738 3609 fldook
761 3527 902 3608 laesae,
926 3526 1048 3612 aeje'aclc
1073 3530 1191 3616 Aquas·

187 3632 247 3697 uelo
262 3644 308 3697 cat
321 3635 474 3720 tdryyazd
487 3634 685 3699 iutealcedesct
698 3635 948 3722 dclybcaluuyyju.
964 3635 1062 3702 1249.

166 3827 250 3894 Bela
265 3828 329 3894 Dei
353 3829 466 3914 gracie
490 3829 667 3915 Hungarie,
694 3829 876 3914 Dalmacic,
893 3829 1190 3920 gGroaciessRame,

72 3927 183 4020 Scruie,
201 3935 351 4022 Gallicie,
371 3936 574 4022 Lodomerie,
585 3937 805 4024 cumanicque
816 3941 887 4007 Rex
906 3941 1055 4008 omnibns
1072 3939 1193 4009 Christi

71 4037 210 4110 fidelibus
221 4053 391 4132 presentes
400 4045 527 4114 litteras
537 4046 731 4133 inspecturis
741 4047 877 4115 salutem
887 4048 923 4115 in
931 4049 1073 4116 omnium
1084 4049 1192 4114 salua-

75 4151 146 4212 torc.
171 4149 214 4216 Vt
229 4153 421 4238 scrupulosa
435 4161 607 4221 multorum
624 4152 763 4223 intencio
788 4155 959 4222 materiam
975 4157 1193 4243 inposterum

76 4249 185 4324 habere
199 4279 267 4325 non
283 4259 394 4326 valcat
408 4261 561 4346 accionis,
589 4260 723 4346 dignum
743 4262 807 4329 sibi
832 4262 938 4346 Regia
962 4266 1075 4332 statuit
1090 4261 1191 4330 Celsi-

77 4360 154 4448 ludo,
178 4374 214 4433 rt
229 4371 389 4435 tractatus
408 4368 611 4440 sudditorum
637 4389 770 4438 suorum
785 4368 983 4438 authoritate
1009 4372 1193 4439 litterarum

79 4470 332 4542 testimonialium
347 4476 495 4544 stabiliat
510 4482 543 4543 et
558 4478 732 4547 confirmet.
748 4476 892 4546 Proinde
906 4477 951 4544 ud
966 4478 1193 4548 uniuersorum

14 4597 17 4604 ·
84 4579 141 4644 tum
156 4584 361 4666 presencium
371 4603 469 4671 quum
484 4593 689 4672 posterorum
705 4585 858 4654 noticiam
874 4584 989 4652 harum
1004 4586 1089 4654 serie
1104 4592 1194 4658 volu·
