<?xml version="1.0" encoding="UTF-8"?>
<!DOCTYPE html PUBLIC "-//W3C//DTD XHTML 1.0 Transitional//EN"
    "http://www.w3.org/TR/xhtml1/DTD/xhtml1-transitional.dtd">
<html xmlns="http://www.w3.org/1999/xhtml" xml:lang="en" lang="en">
 <head>
  <title>
</title>
<meta http-equiv="Content-Type" content="text/html;charset=utf-8" />
  <meta name='ocr-system' content='tesseract 3.04.00' />
  <meta name='ocr-capabilities' content='ocr_page ocr_carea ocr_par ocr_line ocrx_word'/>
</head>
<body>
  <div class='ocr_page' id='page_1' title='image "./codexdiplomatic18wenzgoog_0347.png"; bbox 0 0 3162 5188; ppageno 0'>
   <div class='ocr_carea' id='block_1_1' title="bbox 594 339 751 442">
    <p class='ocr_par' dir='ltr' id='par_1_1' title="bbox 594 339 751 442">
     <span class='ocr_line' id='line_1_1' title="bbox 594 339 751 442; baseline -0.013 0"><span class='ocrx_word' id='word_1_1' title='bbox 594 339 751 442; x_wconf 61' lang='lat' dir='ltr'>„nn</span> 
     </span>
    </p>
   </div>
   <div class='ocr_carea' id='block_1_2' title="bbox 82 535 1241 1057">
    <p class='ocr_par' dir='ltr' id='par_1_2' title="bbox 82 535 1241 1057">
     <span class='ocr_line' id='line_1_2' title="bbox 85 535 1241 624; baseline -0.002 -22"><span class='ocrx_word' id='word_1_2' title='bbox 85 535 191 604; x_wconf 75' lang='lat' dir='ltr'>strio</span> <span class='ocrx_word' id='word_1_3' title='bbox 229 537 423 622; x_wconf 83' lang='lat' dir='ltr'>requiescit,</span> <span class='ocrx_word' id='word_1_4' title='bbox 450 537 600 624; x_wconf 80' lang='lat' dir='ltr'>Cupitulo</span> <span class='ocrx_word' id='word_1_5' title='bbox 628 536 842 624; x_wconf 75' lang='lat' dir='ltr'>Strigonieusi</span> <span class='ocrx_word' id='word_1_6' title='bbox 868 536 1060 604; x_wconf 80' lang='lat' dir='ltr'>eontulinrus</span> <span class='ocrx_word' id='word_1_7' title='bbox 1085 543 1241 624; x_wconf 86' lang='lat' dir='ltr'>perpetuo</span> 
     </span>
     <span class='ocr_line' id='line_1_3' title="bbox 85 643 1239 733; baseline -0.001 -22"><span class='ocrx_word' id='word_1_8' title='bbox 85 643 347 728; x_wconf 80' lang='lat' dir='ltr'>possidendos.</span> <span class='ocrx_word' id='word_1_9' title='bbox 373 646 416 714; x_wconf 78' lang='lat' dir='ltr'>nt</span> <span class='ocrx_word' id='word_1_10' title='bbox 431 652 467 712; x_wconf 89' lang='lat' dir='ltr'>ut</span> <span class='ocrx_word' id='word_1_11' title='bbox 481 645 542 714; x_wconf 87' lang='lat' dir='ltr'>heo</span> <span class='ocrx_word' id='word_1_12' title='bbox 558 646 694 717; x_wconf 79' lang='lat' dir='ltr'>oollaeio</span> <span class='ocrx_word' id='word_1_13' title='bbox 721 652 877 733; x_wconf 80' lang='lat' dir='ltr'>perpetue</span> <span class='ocrx_word' id='word_1_14' title='bbox 894 644 1053 712; x_wconf 79' lang='lat' dir='ltr'>firmitatis</span> <span class='ocrx_word' id='word_1_15' title='bbox 1073 645 1169 712; x_wconf 76' lang='lat' dir='ltr'>robur</span> <span class='ocrx_word' id='word_1_16' title='bbox 1185 644 1239 710; x_wconf 88' lang='lat' dir='ltr'>ob·</span> 
     </span>
     <span class='ocr_line' id='line_1_4' title="bbox 83 751 1240 842; baseline 0.002 -26"><span class='ocrx_word' id='word_1_17' title='bbox 83 751 225 838; x_wconf 78' lang='lat' dir='ltr'>lineet,</span> <span class='ocrx_word' id='word_1_18' title='bbox 256 761 440 841; x_wconf 75' lang='lat' dir='ltr'><strong>presentem</strong></span> <span class='ocrx_word' id='word_1_19' title='bbox 456 755 613 842; x_wconf 73' lang='lat' dir='ltr'>paginam</span> <span class='ocrx_word' id='word_1_20' title='bbox 630 755 849 826; x_wconf 69' lang='lat' dir='ltr'>onoosimus</span> <span class='ocrx_word' id='word_1_21' title='bbox 865 753 1016 842; x_wconf 77' lang='lat' dir='ltr'>Cupitulo</span> <span class='ocrx_word' id='word_1_22' title='bbox 1041 753 1240 839; x_wconf 76' lang='lat' dir='ltr'>suprolioto,</span> 
     </span>
     <span class='ocr_line' id='line_1_5' title="bbox 85 858 1241 946; baseline 0.002 -20"><span class='ocrx_word' id='word_1_23' title='bbox 85 859 216 946; x_wconf 76' lang='lat' dir='ltr'>sigilli</span> <span class='ocrx_word' id='word_1_24' title='bbox 230 863 333 930; x_wconf 79' lang='lat' dir='ltr'>nostri</span> <span class='ocrx_word' id='word_1_25' title='bbox 343 863 519 932; x_wconf 80' lang='lat' dir='ltr'>munimine</span> <span class='ocrx_word' id='word_1_26' title='bbox 534 863 728 933; x_wconf 71' lang='lat' dir='ltr'><strong>roboratam.</strong></span> <span class='ocrx_word' id='word_1_27' title='bbox 750 864 870 932; x_wconf 77' lang='lat' dir='ltr'>Datum</span> <span class='ocrx_word' id='word_1_28' title='bbox 886 882 971 930; x_wconf 74' lang='lat' dir='ltr'>anno</span> <span class='ocrx_word' id='word_1_29' title='bbox 979 859 1112 929; x_wconf 87' lang='lat' dir='ltr'>Domini</span> <span class='ocrx_word' id='word_1_30' title='bbox 1122 859 1166 928; x_wconf 81' lang='lat' dir='ltr'>ll⁰</span> <span class='ocrx_word' id='word_1_31' title='bbox 1176 858 1241 928; x_wconf 76' lang='lat'>60⁰</span> 
     </span>
     <span class='ocr_line' id='line_1_6' title="bbox 82 967 397 1057; baseline 0.01 -21"><span class='ocrx_word' id='word_1_32' title='bbox 82 967 397 1057; x_wconf 72' lang='lat' dir='ltr'>quinquagesimo.</span> 
     </span>
    </p>
   </div>
   <div class='ocr_carea' id='block_1_3' title="bbox 276 1169 1088 1240">
    <p class='ocr_par' dir='ltr' id='par_1_3' title="bbox 276 1169 1088 1240">
     <span class='ocr_line' id='line_1_7' title="bbox 276 1169 1088 1240; baseline -0.005 -17"><span class='ocrx_word' id='word_1_33' title='bbox 276 1171 330 1234; x_wconf 78' lang='lat' dir='ltr'>(Au</span> <span class='ocrx_word' id='word_1_34' title='bbox 344 1171 446 1224; x_wconf 76' lang='lat' dir='ltr'>eredeti</span> <span class='ocrx_word' id='word_1_35' title='bbox 461 1169 527 1224; x_wconf 68' lang='lat' dir='ltr'>ullu</span> <span class='ocrx_word' id='word_1_36' title='bbox 540 1172 646 1236; x_wconf 81' lang='lat' dir='ltr'>Knuuu,</span> <span class='ocrx_word' id='word_1_37' title='bbox 658 1171 775 1240; x_wconf 73' lang='lat' dir='ltr'>Magytr</span> <span class='ocrx_word' id='word_1_38' title='bbox 786 1172 850 1227; x_wconf 74' lang='lat' dir='ltr'>Sion</span> <span class='ocrx_word' id='word_1_39' title='bbox 864 1172 899 1226; x_wconf 88' lang='lat'>11.</span> <span class='ocrx_word' id='word_1_40' title='bbox 914 1172 970 1226; x_wconf 73' lang='lat' dir='ltr'>lot</span> <span class='ocrx_word' id='word_1_41' title='bbox 985 1173 1044 1222; x_wconf 75' lang='grc'>995.</span> <span class='ocrx_word' id='word_1_42' title='bbox 1059 1170 1088 1236; x_wconf 90' lang='lat' dir='ltr'>l.)</span> 
     </span>
    </p>
   </div>
   <div class='ocr_carea' id='block_1_4' title="bbox 546 1475 811 1490">
    <p class='ocr_par' dir='ltr' id='par_1_4' title="bbox 546 1475 811 1490">
     <span class='ocr_line' id='line_1_8' title="bbox 546 1475 811 1490; baseline 0 -2"><span class='ocrx_word' id='word_1_43' title='bbox 546 1475 811 1490; x_wconf 54' lang='lat' dir='ltr'>*tu—u*—</span> 
     </span>
    </p>
   </div>
   <div class='ocr_carea' id='block_1_5' title="bbox 642 1944 719 2014">
    <p class='ocr_par' dir='ltr' id='par_1_5' title="bbox 642 1944 719 2014">
     <span class='ocr_line' id='line_1_9' title="bbox 642 1944 719 2014; baseline -0.013 0"><span class='ocrx_word' id='word_1_44' title='bbox 642 1944 719 2014; x_wconf 73' lang='lat'>218.</span> 
     </span>
    </p>
   </div>
   <div class='ocr_carea' id='block_1_6' title="bbox 98 2081 1241 2428">
    <p class='ocr_par' dir='ltr' id='par_1_6' title="bbox 98 2081 1241 2428">
     <span class='ocr_line' id='line_1_10' title="bbox 98 2081 1241 2214; baseline 0.001 -28"><span class='ocrx_word' id='word_1_45' title='bbox 98 2121 136 2186; x_wconf 81' lang='lat' dir='ltr'><strong><em>A</em></strong></span> <span class='ocrx_word' id='word_1_46' title='bbox 155 2123 264 2188; x_wconf 67' lang='lat' dir='ltr'>becloi</span> <span class='ocrx_word' id='word_1_47' title='bbox 278 2125 491 2213; x_wconf 74' lang='lat' dir='ltr'>lodptulonnulc</span> <span class='ocrx_word' id='word_1_48' title='bbox 506 2127 775 2214; x_wconf 73' lang='lat' dir='ltr'>bizooysdpleoele,</span> <span class='ocrx_word' id='word_1_49' title='bbox 789 2128 871 2213; x_wconf 67' lang='lat' dir='ltr'>kopp</span> <span class='ocrx_word' id='word_1_50' title='bbox 880 2127 947 2193; x_wconf 73' lang='lat' dir='ltr'>teob</span> <span class='ocrx_word' id='word_1_51' title='bbox 962 2127 1097 2192; x_wconf 81' lang='lat' dir='ltr'>muzoloi</span> <span class='ocrx_word' id='word_1_52' title='bbox 1111 2081 1241 2190; x_wconf 64' lang='lat' dir='ltr'>biotokos</span> 
     </span>
     <span class='ocr_line' id='line_1_11' title="bbox 100 2230 1241 2322; baseline 0.003 -28"><span class='ocrx_word' id='word_1_53' title='bbox 100 2230 239 2296; x_wconf 61' lang='lat' dir='ltr'>Eosdem</span> <span class='ocrx_word' id='word_1_54' title='bbox 255 2233 320 2299; x_wconf 75' lang='grc' dir='ltr'>ἰὸυὸ</span> <span class='ocrx_word' id='word_1_55' title='bbox 335 2233 443 2317; x_wconf 79' lang='lat' dir='ltr'>so&#39;ldei</span> <span class='ocrx_word' id='word_1_56' title='bbox 466 2259 504 2300; x_wconf 78' lang='lat' dir='ltr'>oz</span> <span class='ocrx_word' id='word_1_57' title='bbox 521 2237 700 2322; x_wconf 71' lang='lat' dir='ltr'>esztoyamr&#39;</span> <span class='ocrx_word' id='word_1_58' title='bbox 714 2235 927 2322; x_wconf 75' lang='lat' dir='ltr'>kdptaloooak</span> <span class='ocrx_word' id='word_1_59' title='bbox 950 2235 1063 2300; x_wconf 63' lang='lat' dir='ltr'>rossinol</span> <span class='ocrx_word' id='word_1_60' title='bbox 1087 2233 1241 2298; x_wconf 79' lang='lat' dir='ltr'>olodomo&#39;·</span> 
     </span>
     <span class='ocr_line' id='line_1_12' title="bbox 405 2340 946 2428; baseline 0.006 -22"><span class='ocrx_word' id='word_1_61' title='bbox 405 2344 549 2428; x_wconf 63' lang='lat' dir='ltr'>apostol,</span> <span class='ocrx_word' id='word_1_62' title='bbox 565 2345 680 2409; x_wconf 74' lang='lat' dir='ltr'>r²eirziot</span> <span class='ocrx_word' id='word_1_63' title='bbox 694 2343 827 2410; x_wconf 78' lang='lat' dir='ltr'>elodtcik.</span> <span class='ocrx_word' id='word_1_64' title='bbox 847 2340 946 2409; x_wconf 76' lang='lat'><em>1260.</em></span> 
     </span>
    </p>
   </div>
   <div class='ocr_carea' id='block_1_7' title="bbox 380 2516 978 2588">
    <p class='ocr_par' dir='ltr' id='par_1_7' title="bbox 380 2516 978 2588">
     <span class='ocr_line' id='line_1_13' title="bbox 380 2516 978 2588; baseline 0.003 -2"><span class='ocrx_word' id='word_1_65' title='bbox 380 2516 410 2586; x_wconf 80' lang='lat' dir='ltr'>A</span> <span class='ocrx_word' id='word_1_66' title='bbox 569 2521 596 2587; x_wconf 91' lang='grc' dir='ltr'>Β</span> <span class='ocrx_word' id='word_1_67' title='bbox 760 2521 786 2588; x_wconf 82' lang='lat' dir='ltr'><strong>G</strong></span> <span class='ocrx_word' id='word_1_68' title='bbox 947 2522 978 2587; x_wconf 91' lang='lat' dir='ltr'>D</span> 
     </span>
    </p>
   </div>
   <div class='ocr_carea' id='block_1_8' title="bbox 105 2679 1300 3634">
    <p class='ocr_par' dir='ltr' id='par_1_8' title="bbox 105 2679 1300 3634">
     <span class='ocr_line' id='line_1_14' title="bbox 222 2679 1240 2770; baseline 0.002 -24"><span class='ocrx_word' id='word_1_69' title='bbox 222 2679 411 2768; x_wconf 74' lang='lat' dir='ltr'>Capitulum</span> <span class='ocrx_word' id='word_1_70' title='bbox 421 2683 568 2752; x_wconf 79' lang='lat' dir='ltr'>Euolesio</span> <span class='ocrx_word' id='word_1_71' title='bbox 583 2683 744 2752; x_wconf 84' lang='lat' dir='ltr'>Budousis</span> <span class='ocrx_word' id='word_1_72' title='bbox 760 2682 920 2762; x_wconf 80' lang='lat' dir='ltr'>uniuersis</span> <span class='ocrx_word' id='word_1_73' title='bbox 936 2701 1069 2769; x_wconf 86' lang='lat' dir='ltr'>presens</span> <span class='ocrx_word' id='word_1_74' title='bbox 1084 2683 1240 2770; x_wconf 84' lang='lat' dir='ltr'>seriptum</span> 
     </span>
     <span class='ocr_line' id='line_1_15' title="bbox 105 2788 1240 2878; baseline 0.003 -23"><span class='ocrx_word' id='word_1_75' title='bbox 105 2788 310 2878; x_wconf 84' lang='lat' dir='ltr'>inspeoturis</span> <span class='ocrx_word' id='word_1_76' title='bbox 336 2791 475 2860; x_wconf 80' lang='lat' dir='ltr'>sulutem</span> <span class='ocrx_word' id='word_1_77' title='bbox 502 2793 535 2859; x_wconf 90' lang='lat' dir='ltr'>in</span> <span class='ocrx_word' id='word_1_78' title='bbox 550 2793 700 2860; x_wconf 88' lang='lat' dir='ltr'>Domino.</span> <span class='ocrx_word' id='word_1_79' title='bbox 721 2791 932 2862; x_wconf 80' lang='lat' dir='ltr'>Vniuersitsti</span> <span class='ocrx_word' id='word_1_80' title='bbox 953 2799 1060 2860; x_wconf 85' lang='lat' dir='ltr'>vestre</span> <span class='ocrx_word' id='word_1_81' title='bbox 1080 2790 1240 2877; x_wconf 79' lang='lat' dir='ltr'>signifiea-</span> 
     </span>
     <span class='ocr_line' id='line_1_16' title="bbox 106 2896 1239 2984; baseline -0.001 -20"><span class='ocrx_word' id='word_1_82' title='bbox 106 2917 196 2983; x_wconf 89' lang='lat' dir='ltr'>mus,</span> <span class='ocrx_word' id='word_1_83' title='bbox 214 2897 302 2984; x_wconf 86' lang='lat' dir='ltr'>quod</span> <span class='ocrx_word' id='word_1_84' title='bbox 318 2919 390 2966; x_wconf 89' lang='lat' dir='ltr'>oum</span> <span class='ocrx_word' id='word_1_85' title='bbox 400 2898 518 2968; x_wconf 89' lang='lat' dir='ltr'>Petrus</span> <span class='ocrx_word' id='word_1_86' title='bbox 534 2900 688 2968; x_wconf 82' lang='lat' dir='ltr'>Deosuus</span> <span class='ocrx_word' id='word_1_87' title='bbox 702 2897 886 2968; x_wconf 80' lang='lat' dir='ltr'>Cenonious</span> <span class='ocrx_word' id='word_1_88' title='bbox 903 2896 1149 2984; x_wconf 78' lang='lat' dir='ltr'>strigoniensis,</span> <span class='ocrx_word' id='word_1_89' title='bbox 1169 2920 1239 2984; x_wconf 90' lang='lat' dir='ltr'>pro·</span> 
     </span>
     <span class='ocr_line' id='line_1_17' title="bbox 110 3004 1239 3093; baseline 0 -22"><span class='ocrx_word' id='word_1_90' title='bbox 110 3012 249 3074; x_wconf 74' lang='lat' dir='ltr'>emetur</span> <span class='ocrx_word' id='word_1_91' title='bbox 264 3005 410 3074; x_wconf 82' lang='lat' dir='ltr'>lloolesie</span> <span class='ocrx_word' id='word_1_92' title='bbox 419 3004 655 3092; x_wconf 76' lang='lat' dir='ltr'>strigoniensis</span> <span class='ocrx_word' id='word_1_93' title='bbox 671 3009 714 3074; x_wconf 82' lang='lat' dir='ltr'>ab</span> <span class='ocrx_word' id='word_1_94' title='bbox 730 3027 795 3075; x_wconf 83' lang='lat' dir='ltr'>vna</span> <span class='ocrx_word' id='word_1_95' title='bbox 810 3012 913 3093; x_wconf 75' lang='lat' dir='ltr'>parte,</span> <span class='ocrx_word' id='word_1_96' title='bbox 933 3007 1022 3074; x_wconf 86' lang='lat' dir='ltr'>Bene</span> <span class='ocrx_word' id='word_1_97' title='bbox 1036 3005 1124 3073; x_wconf 86' lang='lat' dir='ltr'>lilius</span> <span class='ocrx_word' id='word_1_98' title='bbox 1140 3007 1239 3089; x_wconf 82' lang='lat' dir='ltr'>Zeno,</span> 
     </span>
     <span class='ocr_line' id='line_1_18' title="bbox 111 3113 1247 3202; baseline -0.001 -21"><span class='ocrx_word' id='word_1_99' title='bbox 111 3114 223 3182; x_wconf 77' lang='lat' dir='ltr'>Jaoob</span> <span class='ocrx_word' id='word_1_100' title='bbox 249 3120 281 3181; x_wconf 89' lang='lat' dir='ltr'>et</span> <span class='ocrx_word' id='word_1_101' title='bbox 305 3115 375 3201; x_wconf 90' lang='lat' dir='ltr'>Zup</span> <span class='ocrx_word' id='word_1_102' title='bbox 403 3113 461 3200; x_wconf 84' lang='lat' dir='ltr'>filij</span> <span class='ocrx_word' id='word_1_103' title='bbox 477 3115 707 3202; x_wconf 74' lang='lat' dir='ltr'>Bartholomey</span> <span class='ocrx_word' id='word_1_104' title='bbox 734 3114 776 3182; x_wconf 83' lang='lat' dir='ltr'>tle</span> <span class='ocrx_word' id='word_1_105' title='bbox 793 3113 901 3182; x_wconf 76' lang='lat' dir='ltr'>Musio</span> <span class='ocrx_word' id='word_1_106' title='bbox 925 3134 967 3182; x_wconf 84' lang='lat' dir='ltr'>ex</span> <span class='ocrx_word' id='word_1_107' title='bbox 992 3114 1104 3198; x_wconf 80' lang='lat' dir='ltr'>ultera,</span> <span class='ocrx_word' id='word_1_108' title='bbox 1131 3133 1247 3181; x_wconf 80' lang='lat' dir='ltr'>eorum</span> 
     </span>
     <span class='ocr_line' id='line_1_19' title="bbox 110 3219 1241 3309; baseline 0 -23"><span class='ocrx_word' id='word_1_109' title='bbox 110 3220 211 3290; x_wconf 88' lang='lat' dir='ltr'>nohis</span> <span class='ocrx_word' id='word_1_110' title='bbox 227 3220 366 3290; x_wconf 81' lang='lat' dir='ltr'>tuissent</span> <span class='ocrx_word' id='word_1_111' title='bbox 376 3222 561 3307; x_wconf 72' lang='lat' dir='ltr'>constituti3</span> <span class='ocrx_word' id='word_1_112' title='bbox 583 3225 746 3309; x_wconf 75' lang='lat' dir='ltr'>prenotati</span> <span class='ocrx_word' id='word_1_113' title='bbox 761 3221 910 3292; x_wconf 87' lang='lat' dir='ltr'>homines</span> <span class='ocrx_word' id='word_1_114' title='bbox 928 3220 1085 3290; x_wconf 77' lang='lat' dir='ltr'>delluslu</span> <span class='ocrx_word' id='word_1_115' title='bbox 1099 3219 1241 3292; x_wconf 83' lang='lat' dir='ltr'>oonlessi</span> 
     </span>
     <span class='ocr_line' id='line_1_20' title="bbox 111 3328 1241 3415; baseline 0 -19"><span class='ocrx_word' id='word_1_116' title='bbox 111 3335 208 3398; x_wconf 85' lang='lat' dir='ltr'>sunt:</span> <span class='ocrx_word' id='word_1_117' title='bbox 224 3328 357 3414; x_wconf 75' lang='lat' dir='ltr'>Bonum,</span> <span class='ocrx_word' id='word_1_118' title='bbox 367 3329 517 3398; x_wconf 85' lang='lat' dir='ltr'>Boronolr</span> <span class='ocrx_word' id='word_1_119' title='bbox 529 3330 848 3415; x_wconf 80' lang='lat' dir='ltr'>etBurtholomeunr‚</span> <span class='ocrx_word' id='word_1_120' title='bbox 865 3337 1087 3404; x_wconf 74' lang='lat' dir='ltr'>antecessores</span> <span class='ocrx_word' id='word_1_121' title='bbox 1096 3329 1241 3415; x_wconf 87' lang='lat' dir='ltr'>ipsorum</span> 
     </span>
     <span class='ocr_line' id='line_1_21' title="bbox 111 3437 1300 3525; baseline -0.001 -22"><span class='ocrx_word' id='word_1_122' title='bbox 111 3443 285 3521; x_wconf 78' lang='lat' dir='ltr'>oognstos,</span> <span class='ocrx_word' id='word_1_123' title='bbox 312 3438 483 3525; x_wconf 72' lang='lat' dir='ltr'>portiones</span> <span class='ocrx_word' id='word_1_124' title='bbox 508 3439 683 3506; x_wconf 84' lang='lat' dir='ltr'>eorundem</span> <span class='ocrx_word' id='word_1_125' title='bbox 702 3437 927 3523; x_wconf 84' lang='lat' dir='ltr'>hereditarias,</span> <span class='ocrx_word' id='word_1_126' title='bbox 953 3455 1035 3522; x_wconf 85' lang='lat' dir='ltr'>ques</span> <span class='ocrx_word' id='word_1_127' title='bbox 1060 3437 1182 3504; x_wconf 80' lang='lat' dir='ltr'>habent</span> <span class='ocrx_word' id='word_1_128' title='bbox 1207 3437 1240 3502; x_wconf 89' lang='lat' dir='ltr'>in</span> <span class='ocrx_word' id='word_1_129' title='bbox 1298 3489 1300 3494; x_wconf 94' lang='lat'><em>.</em></span> 
     </span>
     <span class='ocr_line' id='line_1_22' title="bbox 116 3544 1240 3634; baseline 0.002 -24"><span class='ocrx_word' id='word_1_130' title='bbox 116 3544 324 3631; x_wconf 78' lang='lat' dir='ltr'>terrullbod‚&#39;</span> <span class='ocrx_word' id='word_1_131' title='bbox 336 3546 485 3616; x_wconf 78' lang='lat' dir='ltr'>lioolesie</span> <span class='ocrx_word' id='word_1_132' title='bbox 495 3546 637 3616; x_wconf 76' lang='lat' dir='ltr'>donasse</span> <span class='ocrx_word' id='word_1_133' title='bbox 646 3545 871 3633; x_wconf 77' lang='lat' dir='ltr'>Strigonieusi,</span> <span class='ocrx_word' id='word_1_134' title='bbox 895 3553 1023 3634; x_wconf 76' lang='lat' dir='ltr'>partem</span> <span class='ocrx_word' id='word_1_135' title='bbox 1039 3547 1142 3614; x_wconf 81' lang='lat' dir='ltr'>eciem</span> <span class='ocrx_word' id='word_1_136' title='bbox 1152 3547 1240 3614; x_wconf 81' lang='lat' dir='ltr'>Zone</span> 
     </span>
    </p>
   </div>
   <div class='ocr_carea' id='block_1_9' title="bbox 112 3652 1368 3743">
    <p class='ocr_par' dir='ltr' id='par_1_9' title="bbox 112 3652 1368 3743">
     <span class='ocr_line' id='line_1_23' title="bbox 112 3652 1368 3743; baseline 0 -21"><span class='ocrx_word' id='word_1_137' title='bbox 112 3654 148 3722; x_wconf 89' lang='lat' dir='ltr'>in</span> <span class='ocrx_word' id='word_1_138' title='bbox 173 3652 292 3722; x_wconf 77' lang='lat' dir='ltr'>eudem</span> <span class='ocrx_word' id='word_1_139' title='bbox 308 3660 406 3740; x_wconf 84' lang='lat' dir='ltr'>terra,</span> <span class='ocrx_word' id='word_1_140' title='bbox 432 3675 530 3742; x_wconf 85' lang='lat' dir='ltr'>quom</span> <span class='ocrx_word' id='word_1_141' title='bbox 556 3675 642 3724; x_wconf 85' lang='lat' dir='ltr'>nuno</span> <span class='ocrx_word' id='word_1_142' title='bbox 665 3654 812 3743; x_wconf 76' lang='lat' dir='ltr'>possidet</span> <span class='ocrx_word' id='word_1_143' title='bbox 827 3655 977 3724; x_wconf 82' lang='lat' dir='ltr'>lloolesiu</span> <span class='ocrx_word' id='word_1_144' title='bbox 998 3654 1240 3741; x_wconf 74' lang='lat' dir='ltr'>strigoniensis,</span> <span class='ocrx_word' id='word_1_145' title='bbox 1366 3691 1368 3694; x_wconf 95' lang='lat'>·</span> 
     </span>
    </p>
   </div>
   <div class='ocr_carea' id='block_1_10' title="bbox 113 3761 1241 4720">
    <p class='ocr_par' dir='ltr' id='par_1_10' title="bbox 113 3761 1241 4720">
     <span class='ocr_line' id='line_1_24' title="bbox 113 3761 1240 3851; baseline 0.002 -23"><span class='ocrx_word' id='word_1_146' title='bbox 113 3763 208 3847; x_wconf 85' lang='lat' dir='ltr'>Hyue</span> <span class='ocrx_word' id='word_1_147' title='bbox 225 3761 399 3832; x_wconf 80' lang='lat' dir='ltr'>Guntorem</span> <span class='ocrx_word' id='word_1_148' title='bbox 425 3763 682 3851; x_wconf 77' lang='lat' dir='ltr'>Strigouiensem</span> <span class='ocrx_word' id='word_1_149' title='bbox 707 3764 859 3851; x_wconf 85' lang='lat' dir='ltr'>emptioio</span> <span class='ocrx_word' id='word_1_150' title='bbox 884 3765 954 3832; x_wconf 94' lang='lat' dir='ltr'>iure</span> <span class='ocrx_word' id='word_1_151' title='bbox 970 3762 1166 3850; x_wconf 84' lang='lat' dir='ltr'>possedisse.</span> <span class='ocrx_word' id='word_1_152' title='bbox 1191 3765 1240 3830; x_wconf 90' lang='lat' dir='ltr'>ln-</span> 
     </span>
     <span class='ocr_line' id='line_1_25' title="bbox 114 3872 1240 3962; baseline 0 -24"><span class='ocrx_word' id='word_1_153' title='bbox 114 3890 215 3959; x_wconf 87' lang='lat' dir='ltr'>supor</span> <span class='ocrx_word' id='word_1_154' title='bbox 230 3872 295 3960; x_wconf 90' lang='lat' dir='ltr'>ipsi</span> <span class='ocrx_word' id='word_1_155' title='bbox 311 3873 415 3942; x_wconf 82' lang='lat' dir='ltr'>eoiorn</span> <span class='ocrx_word' id='word_1_156' title='bbox 432 3875 603 3962; x_wconf 77' lang='lat' dir='ltr'>porciones</span> <span class='ocrx_word' id='word_1_157' title='bbox 619 3873 754 3960; x_wconf 78' lang='lat' dir='ltr'>Georgii</span> <span class='ocrx_word' id='word_1_158' title='bbox 772 3879 804 3941; x_wconf 85' lang='lat' dir='ltr'>et</span> <span class='ocrx_word' id='word_1_159' title='bbox 819 3872 924 3958; x_wconf 83' lang='lat' dir='ltr'>Pouli,</span> <span class='ocrx_word' id='word_1_160' title='bbox 941 3877 1151 3958; x_wconf 73' lang='lat' dir='ltr'>oognotorum</span> <span class='ocrx_word' id='word_1_161' title='bbox 1170 3890 1240 3939; x_wconf 85' lang='lat' dir='ltr'>suo</span> 
     </span>
     <span class='ocr_line' id='line_1_26' title="bbox 113 3978 1241 4067; baseline 0 -21"><span class='ocrx_word' id='word_1_162' title='bbox 113 3999 195 4065; x_wconf 87' lang='lat' dir='ltr'>rum,</span> <span class='ocrx_word' id='word_1_163' title='bbox 221 3997 305 4063; x_wconf 88' lang='lat' dir='ltr'>qnos</span> <span class='ocrx_word' id='word_1_164' title='bbox 321 3981 355 4048; x_wconf 92' lang='lat' dir='ltr'>in</span> <span class='ocrx_word' id='word_1_165' title='bbox 380 3981 612 4067; x_wconf 88' lang='lat' dir='ltr'>perseouoione</span> <span class='ocrx_word' id='word_1_166' title='bbox 634 3981 846 4052; x_wconf 75' lang='lat' dir='ltr'>Turturorum</span> <span class='ocrx_word' id='word_1_167' title='bbox 871 3981 1024 4050; x_wconf 76' lang='lat' dir='ltr'>(linebant</span> <span class='ocrx_word' id='word_1_168' title='bbox 1047 3978 1148 4049; x_wconf 85' lang='lat' dir='ltr'>luisse</span> <span class='ocrx_word' id='word_1_169' title='bbox 1173 3999 1241 4065; x_wconf 87' lang='lat' dir='ltr'>per-</span> 
     </span>
     <span class='ocr_line' id='line_1_27' title="bbox 114 4088 1240 4178; baseline -0.003 -22"><span class='ocrx_word' id='word_1_170' title='bbox 114 4095 252 4177; x_wconf 87' lang='lat' dir='ltr'>emptos,</span> <span class='ocrx_word' id='word_1_171' title='bbox 269 4090 457 4178; x_wconf 82' lang='lat' dir='ltr'>suprodioto</span> <span class='ocrx_word' id='word_1_172' title='bbox 478 4090 631 4178; x_wconf 74' lang='lat' dir='ltr'>capitulo</span> <span class='ocrx_word' id='word_1_173' title='bbox 646 4091 872 4177; x_wconf 81' lang='lat' dir='ltr'>Strigoniensi,</span> <span class='ocrx_word' id='word_1_174' title='bbox 899 4090 990 4160; x_wconf 89' lang='lat' dir='ltr'>ouius</span> <span class='ocrx_word' id='word_1_175' title='bbox 1009 4089 1106 4156; x_wconf 85' lang='lat' dir='ltr'>torris</span> <span class='ocrx_word' id='word_1_176' title='bbox 1122 4088 1156 4154; x_wconf 91' lang='lat' dir='ltr'>in</span> <span class='ocrx_word' id='word_1_177' title='bbox 1172 4107 1240 4174; x_wconf 91' lang='lat' dir='ltr'>pre-</span> 
     </span>
     <span class='ocr_line' id='line_1_28' title="bbox 114 4195 1239 4284; baseline -0.004 -18"><span class='ocrx_word' id='word_1_178' title='bbox 114 4197 184 4266; x_wconf 72' lang='lat' dir='ltr'>fato</span> <span class='ocrx_word' id='word_1_179' title='bbox 209 4203 298 4266; x_wconf 79' lang='lat' dir='ltr'>terro</span> <span class='ocrx_word' id='word_1_180' title='bbox 314 4197 406 4266; x_wconf 82' lang='lat' dir='ltr'>llbed</span> <span class='ocrx_word' id='word_1_181' title='bbox 423 4196 706 4284; x_wconf 82' lang='lat' dir='ltr'>prenunoiotorum</span> <span class='ocrx_word' id='word_1_182' title='bbox 732 4198 897 4268; x_wconf 88' lang='lat' dir='ltr'>hominum</span> <span class='ocrx_word' id='word_1_183' title='bbox 914 4197 1084 4284; x_wconf 86' lang='lat' dir='ltr'>poroionss</span> <span class='ocrx_word' id='word_1_184' title='bbox 1109 4195 1239 4264; x_wconf 65' lang='lat' dir='ltr'>interis</span> 
     </span>
     <span class='ocr_line' id='line_1_29' title="bbox 115 4303 1241 4394; baseline -0.004 -20"><span class='ocrx_word' id='word_1_185' title='bbox 115 4311 198 4390; x_wconf 81' lang='lat' dir='ltr'>nent,</span> <span class='ocrx_word' id='word_1_186' title='bbox 225 4305 314 4374; x_wconf 91' lang='lat' dir='ltr'>nullo</span> <span class='ocrx_word' id='word_1_187' title='bbox 341 4304 582 4375; x_wconf 84' lang='lat' dir='ltr'>oontrodlutore</span> <span class='ocrx_word' id='word_1_188' title='bbox 606 4305 800 4394; x_wconf 75' lang='lat' dir='ltr'>eubistente,</span> <span class='ocrx_word' id='word_1_189' title='bbox 827 4325 886 4393; x_wconf 91' lang='lat' dir='ltr'>pro</span> <span class='ocrx_word' id='word_1_190' title='bbox 910 4304 1040 4374; x_wconf 78' lang='lat' dir='ltr'>duobus</span> <span class='ocrx_word' id='word_1_191' title='bbox 1065 4303 1185 4372; x_wconf 80' lang='lat' dir='ltr'>mareis</span> <span class='ocrx_word' id='word_1_192' title='bbox 1208 4310 1241 4370; x_wconf 87' lang='lat' dir='ltr'>et</span> 
     </span>
     <span class='ocr_line' id='line_1_30' title="bbox 114 4411 1240 4502; baseline -0.004 -19"><span class='ocrx_word' id='word_1_193' title='bbox 114 4412 391 4498; x_wconf 70' lang='lat' dir='ltr'>diminuargonti</span> <span class='ocrx_word' id='word_1_194' title='bbox 408 4413 783 4502; x_wconf 78' lang='lat' dir='ltr'>vendideruntOupitulo</span> <span class='ocrx_word' id='word_1_195' title='bbox 795 4413 1013 4498; x_wconf 75' lang='lat' dir='ltr'>strigoniensi</span> <span class='ocrx_word' id='word_1_196' title='bbox 1033 4411 1240 4500; x_wconf 82' lang='lat' dir='ltr'>perhenniter</span> 
     </span>
     <span class='ocr_line' id='line_1_31' title="bbox 116 4518 1241 4609; baseline -0.004 -17"><span class='ocrx_word' id='word_1_197' title='bbox 116 4521 344 4609; x_wconf 79' lang='lat' dir='ltr'>possidendos.</span> <span class='ocrx_word' id='word_1_198' title='bbox 362 4518 556 4608; x_wconf 79' lang='lat' dir='ltr'>Obliguutes</span> <span class='ocrx_word' id='word_1_199' title='bbox 572 4543 618 4608; x_wconf 89' lang='lat' dir='ltr'>so,</span> <span class='ocrx_word' id='word_1_200' title='bbox 646 4521 778 4606; x_wconf 84' lang='lat' dir='ltr'>quodsi</span> <span class='ocrx_word' id='word_1_201' title='bbox 795 4541 949 4607; x_wconf 79' lang='lat' dir='ltr'>umquem</span> <span class='ocrx_word' id='word_1_202' title='bbox 964 4541 1062 4608; x_wconf 85' lang='lat' dir='ltr'>snper</span> <span class='ocrx_word' id='word_1_203' title='bbox 1079 4528 1168 4588; x_wconf 78' lang='lat' dir='ltr'>terr-n</span> <span class='ocrx_word' id='word_1_204' title='bbox 1183 4539 1241 4606; x_wconf 89' lang='lat' dir='ltr'>per</span> 
     </span>
     <span class='ocr_line' id='line_1_32' title="bbox 116 4627 1240 4720; baseline 0.002 -22"><span class='ocrx_word' id='word_1_205' title='bbox 116 4634 205 4720; x_wconf 88' lang='lat' dir='ltr'>ipsos</span> <span class='ocrx_word' id='word_1_206' title='bbox 223 4627 354 4700; x_wconf 83' lang='lat' dir='ltr'>uendite</span> <span class='ocrx_word' id='word_1_207' title='bbox 378 4630 489 4716; x_wconf 81' lang='lat' dir='ltr'>aliqua</span> <span class='ocrx_word' id='word_1_208' title='bbox 504 4632 545 4702; x_wconf 86' lang='lat' dir='ltr'>lis</span> <span class='ocrx_word' id='word_1_209' title='bbox 563 4631 740 4717; x_wconf 87' lang='lat' dir='ltr'>emerserit,</span> <span class='ocrx_word' id='word_1_210' title='bbox 767 4632 830 4719; x_wconf 90' lang='lat' dir='ltr'>ipsi</span> <span class='ocrx_word' id='word_1_211' title='bbox 847 4633 889 4700; x_wconf 83' lang='lat' dir='ltr'>ab</span> <span class='ocrx_word' id='word_1_212' title='bbox 913 4629 1056 4700; x_wconf 84' lang='lat' dir='ltr'>omnium</span> <span class='ocrx_word' id='word_1_213' title='bbox 1082 4630 1240 4716; x_wconf 78' lang='lat' dir='ltr'>inquieto·</span> 
     </span>
    </p>
   </div>
   <div class='ocr_carea' id='block_1_11' title="bbox 0 0 1591 5188">
    <p class='ocr_par' dir='ltr' id='par_1_11' title="bbox 0 0 1591 5188">
     <span class='ocr_line' id='line_1_33' title="bbox 0 0 1591 5188; baseline 0 0"><span class='ocrx_word' id='word_1_214' title='bbox 0 0 1591 5188; x_wconf 95' lang='lat' dir='ltr'> </span> 
     </span>
    </p>
   </div>
  </div>
 </body>
</html>
