3226 5194
610 303 766 410 „Q

127 503 230 572 e'tiam
244 497 328 572 LX¹¹
350 511 459 572 eastra
475 504 694 571 munitissima
703 506 881 592 capiebant
898 510 967 572 tam
984 506 1157 592 populosa,
1174 503 1261 590 quod

126 612 169 678 do
193 633 258 679 nnc
275 632 384 682 eorum
410 618 561 700 poterant
586 613 676 680 exire
701 613 746 680 50
766 610 855 679 milia
881 613 1022 682 militum
1047 621 1255 681 armatorum.

126 720 279 787 Ceterum
295 741 424 804 quoquc
439 729 473 787 et
485 718 614 804 Wedin,
631 727 664 787 et
675 721 873 804 llerowiam,
884 721 1111 806 Poydcwiam,
1127 719 1257 788 llorda-

126 848 241 894 nornm
257 829 403 914 Regnum
429 828 651 915 expugnabat,
679 829 771 896 cuins
788 827 852 896 dno
868 827 1035 916 Principes
1051 828 1189 896 fueram.
1216 829 1258 894 nt

126 956 212 1003 unus
227 937 386 1022 Princeps
411 957 484 1004 enm
503 942 572 1004 toto
598 936 720 1022 populo
745 943 777 1002 et
792 934 919 1002 familia
941 936 1176 1006 Thartarorum
1201 937 1257 1004 do-

126 1039 229 1109 minic
244 1063 281 1110 se
296 1045 494 1112 subicerent.
511 1045 606 1112 Alter
621 1063 698 1112 vero
715 1043 936 1110 munitissima
951 1043 1024 1111 loea
1039 1045 1083 1110 ad
1100 1043 1256 1110 tuendum

126 1169 163 1216 se
179 1151 275 1236 petiit
290 1171 363 1218 eum
374 1152 489 1239 paucis
505 1150 647 1238 populis,
664 1153 693 1219 si
710 1152 845 1219 valeret.
861 1151 956 1219 Nune
968 1158 1089 1236 autem,
1107 1171 1178 1218 eum
1195 1171 1255 1220 nos

124 1256 159 1321 in
175 1255 421 1324 finibusRuscie
431 1276 646 1340 maneremus,
664 1275 767 1344 prope
777 1257 824 1325 rei
839 1256 958 1324 seimus
968 1258 1152 1343 remtatem,
1169 1259 1257 1340 quod

124 1369 214 1430 totns
228 1365 390 1433 exercitus
405 1368 648 1452 Thartnrorum,
673 1367 810 1434 veniens
827 1367 869 1434 ad
888 1374 999 1454 partes
1015 1365 1207 1451 occidentis,
1222 1366 1256 1434 in

126 1472 194 1538 1111
215 1481 325 1558 partes
349 1479 400 1542 est
415 1472 552 1542 divisus.
576 1475 649 1541 Vna
664 1494 743 1560 pars
769 1474 812 1542 ad
829 1474 963 1543 flurium
978 1475 1067 1544 Etbil
1088 1476 1123 1543 in
1138 1475 1257 1543 linibus

125 1579 245 1648 Roscio
259 1601 282 1647 a
296 1580 398 1668 plaga
413 1581 563 1648 orientali
581 1580 624 1647 ad
640 1581 742 1650 Sudal
758 1581 929 1668 applicuit.
950 1583 1067 1650 Altera
1082 1601 1160 1650 vero
1178 1601 1257 1668 pars

125 1705 243 1757 versus
257 1688 425 1757 meridiem
449 1687 516 1756 iam
532 1691 614 1756 fines
631 1689 802 1775 Recennie,
829 1690 917 1775 qnod
933 1700 983 1760 est
1007 1691 1093 1760 elius
1108 1691 1256 1759 Ducutns

126 1799 324 1864 Rutenorum
339 1795 435 1885 (lgy)‚
452 1819 550 1883 quam
567 1815 732 1881 nunqnam
748 1799 994 1885 expugnabant.
1019 1798 1132 1866 Tertia
1146 1803 1256 1869 autem

124 1925 203 1991 pars
228 1912 342 1974 contra
366 1906 501 1973 flurium
516 1907 588 1972 Deo
612 1926 715 1992 prope
740 1911 883 1973 castrum
900 1906 1104 1992 Orcherucb,
1128 1906 1184 1991 qni
1207 1913 1258 1973 est

125 2011 212 2081 alius
228 2013 373 2080 Ducatns
388 2013 621 2099 Rutbenorum,
637 2013 823 2100 residebat;
850 2015 884 2080 hi
903 2012 994 2103 (boo)
1012 2020 1121 2082 tamen
1138 2031 1256 2101 expec-

125 2125 246 2204 tantes,
273 2122 358 2206 quod
383 2121 468 2189 sicut
493 2127 525 2187 et
550 2121 615 2207 ipsi
631 2121 783 2206 Rutheni,
809 2121 946 2207 Ungari,
972 2131 1005 2189 et
1024 2122 1169 2208 Belgari,
1199 2121 1255 2206 qui

126 2231 203 2292 ante
228 2245 285 2292 eos
311 2226 450 2313 inerant,
476 2227 553 2295 vira
579 2246 657 2294 voca
682 2227 779 2295 nobis
804 2226 1010 2295 referebant:
1040 2228 1139 2313 qnod,
1165 2233 1255 2296 terra

124 2332 234 2399 fluviis
246 2339 278 2398 et
287 2331 464 2419 paludibus
474 2334 509 2399 in
519 2333 669 2419 proxima
678 2332 785 2402 hieme
797 2333 990 2422 congelatis,
1007 2340 1108 2402 totam
1120 2335 1255 2402 Roaiam

125 2441 186 2507 toti
202 2440 399 2506 multitudini
425 2440 473 2506 sic
490 2439 588 2507 facile
603 2447 654 2508 est
670 2442 719 2507 eis
736 2439 918 2528 depredari,
941 2440 1053 2528 (siem)
1069 2447 1173 2510 totam
1190 2448 1253 2509 ter·

125 2569 195 2614 ram
211 2550 441 2615 Rutbenorum.
467 2547 522 2612 Sic
537 2552 647 2614 tumen
665 2548 860 2634 intelligatis
876 2549 937 2614 hee
953 2551 1074 2634 omnia,
1088 2548 1180 2633 quod
1194 2549 1252 2616 illo

124 2657 308 2739 Gorgatam
323 2656 410 2739 Dor,
425 2655 576 2741 primitus
592 2655 648 2740 qni
667 2655 787 2722 bellum
804 2655 981 2740 inchoavit,
1005 2663 1056 2720 est
1071 2654 1252 2722 defunctus,

124 2763 220 2829 Nunc
236 2771 343 2829 antem
370 2762 456 2829 filins
481 2762 551 2828 eius
568 2762 694 2848 (lbaym
710 2767 827 2848 regnat
854 2782 913 2846 pro
928 2761 1055 2846 eodem,
1081 2768 1115 2826 et
1133 2762 1254 2830 residet

124 2870 158 2936 in
176 2868 311 2936 civitate
327 2889 447 2953 magna
463 2868 603 2956 Omaoh,
630 2871 723 2936 ouius
739 2869 887 2952 Regnum
907 2868 1047 2934 obtinuit
1072 2873 1164 2954 pater
1182 2869 1254 2936 eins

122 2979 229 3065 prima
252 2976 369 3044 fronte
395 2975 530 3044 Residet
545 2982 654 3043 autem
678 2976 738 3042 tali
754 2976 869 3042 modo:
887 2975 1048 3042 Palatium
1065 2975 1166 3041 babet
1184 2981 1253 3042 tam

125 3104 292 3169 magnum,
317 3082 405 3168 qnod
423 3083 512 3150 mille
537 3084 664 3167 equites
690 3082 812 3149 intrant
836 3099 896 3166 per
920 3099 1019 3147 unum
1044 3081 1196 3168 bostium,
1217 3088 1251 3150 et

123 3192 224 3259 iidem
248 3189 412 3278 (eidemi)
429 3191 625 3258 inclinantes
650 3190 777 3274 equites
793 3197 913 3257 exeunt
936 3186 1147 3256 nihilominus
1172 3189 1250 3257 insi-

125 3299 250 3370 dentes.
275 3301 352 3367 Dux
377 3307 485 3368 autem
512 3300 658 3387 prefatus
682 3299 814 3386 paravit
836 3297 900 3366 sibi
924 3298 1044 3364 lectum
1067 3299 1192 3384 grande
1217 3307 1251 3366 et

124 3407 238 3495 altum,
264 3405 424 3475 columnis
447 3407 557 3474 aureis
573 3405 708 3473 inixum.
735 3407 870 3473 Lectum
895 3405 1030 3491 inquam
1046 3426 1190 3492 aureum,
1216 3412 1249 3476 et

124 3514 365 3602 preciosissimo
381 3523 579 3603 coopertum,
595 3516 630 3582 in
647 3534 711 3599 quo
727 3513 820 3582 sedet
836 3513 930 3599 quasi
945 3513 1120 3601 gloriosus,
1140 3522 1173 3582 et
1187 3514 1248 3582 eir-

125 3621 295 3690 cumdatns
311 3623 558 3707 gloriosissimis
573 3623 780 3694 indumentis.
810 3622 928 3691 Hostia
943 3633 1052 3692 autem
1071 3621 1174 3709 ipsios
1191 3643 1249 3710 pa-

123 3729 197 3795 latii
221 3751 280 3817 per
304 3736 406 3798 totum
432 3750 535 3798 aurea
558 3738 643 3798 sunt.
675 3734 825 3816 Perque
850 3731 977 3815 equites
1002 3731 1053 3798 sui
1080 3737 1250 3801 transeunt

125 3838 331 3926 inclinantes,
348 3847 380 3907 et
395 3840 586 3924 incolomes,
604 3845 636 3906 et
646 3840 782 3907 imunes.
798 3841 907 3909 Alieni
924 3842 975 3908 sni
986 3841 1100 3926 nuntii,
1116 3841 1146 3906 si
1161 3839 1250 3926 equi.

125 3951 176 4014 tes
191 3951 360 4013 transeunt
385 3964 444 4032 per
459 3944 577 4031 hostia,
594 3946 647 4012 vel
662 3943 801 4033 pedites,
826 3948 856 4015 si
872 3947 1013 4034 pedibus
1028 3946 1129 4014 limen
1148 3946 1248 4014 hostii

124 4060 273 4142 tangunt,
298 4049 549 4136 ibidem'gladio
561 4053 734 4122 feriuntur.
751 4053 816 4120 Sed
832 4074 905 4121 oum
919 4072 1046 4122 summa
1064 4055 1248 4122 reverentia

124 4167 253 4248 oportet
268 4159 410 4227 alienum
435 4160 614 4242 quemlibet
630 4160 783 4229 transire.
808 4161 845 4227 ln
860 4161 920 4229 tali
937 4181 1015 4246 ergo
1031 4181 1153 4248 pompa
1168 4163 1244 4230 resi-

124 4269 214 4354 dens,
239 4267 327 4336 misit
342 4267 505 4335 exercitus
521 4287 598 4335 suos
613 4289 672 4354 per
685 4270 834 4338 diversas
851 4276 966 4354 terras,
994 4268 1146 4338 videlicet
1162 4269 1248 4336 ultra

124 4397 222 4461 mare,
248 4376 333 4444 siout
358 4373 529 4459 eredimus,
557 4380 589 4441 st
605 4381 726 4459 quantu
742 4375 788 4442 ibi
814 4376 938 4460 feeerit,
964 4375 1062 4442 etiam
1081 4395 1140 4442 vos
1155 4375 1247 4442 audi-

123 4485 228 4551 vistis.
260 4483 370 4550 Alium
394 4492 504 4551 autem
528 4483 705 4550 exercitum
730 4484 898 4570 copiosum
927 4484 1013 4550 misit
1042 4483 1133 4551 iuxta
1159 4502 1248 4551 mare

124 4612 222 4679 super
246 4609 358 4659 omnes
374 4589 548 4675 Cumanos,
575 4590 630 4673 qui
647 4591 689 4658 ad
708 4597 819 4675 partes
836 4590 982 4677 Ungarie
998 4589 1247 4675 bemingernnt.
