3186 5188
598 961 673 1030 119.

70 1133 99 1198 A
114 1139 249 1204 omues
262 1139 478 1228 kdptclcacak
494 1143 763 1230 biscopedpleoole,
777 1145 859 1231 bopy
870 1143 972 1209 Debes
987 1145 1123 1210 Potocbo
1129 1146 1198 1228 fid-

68 1243 127 1310 aad
142 1244 368 1334 bdbrabcyyott
391 1250 510 1315 bittoka
525 1251 613 1316 indat
627 1251 702 1317 Iaca
717 1257 747 1316 e'a
764 1251 893 1317 Mdrton
911 1263 1019 1318 mester
1035 1251 1198 1341 eppczked-

546 1359 600 1424 ok.
625 1359 723 1425 1244.

174 1552 249 1620 Nos
266 1551 454 1641 Capitulum
470 1555 617 1624 Ecclesia
632 1556 727 1624 Beati
742 1556 912 1625 Michaelis
936 1556 977 1625 de
993 1555 1107 1624 castro
1123 1558 1196 1624 Fer-

68 1678 120 1726 reo
137 1661 293 1728 omnibns
309 1669 422 1729 notum
437 1662 586 1750 iacimus,
607 1663 693 1751 qnod
709 1663 880 1752 Dyonisio,
906 1665 974 1734 filio
989 1665 1145 1751 Potacha,
1161 1665 1195 1730 iu

67 1766 284 1853 expedicione
309 1768 521 1838 Tartarorum
547 1777 683 1857 mortuo,
710 1771 928 1860 expeditaque
951 1778 1040 1838 terra
1059 1790 1119 1838 sua
1136 1790 1196 1857 per

67 1877 139 1942 Isou
151 1896 312 1963 generum
323 1878 523 1947 suumfactis
533 1878 705 1948 duodecim
716 1899 898 1948 marcarum
909 1881 1071 1966 expensis,
1084 1885 1196 1946 contra

67 1985 243 2053 Martinam
269 1985 472 2072 magistrum,
501 1989 558 2072 qni
582 1997 702 2056 terram
729 1988 867 2056 eandem
892 1995 1005 2058 contra
1031 1991 1194 2055 carentem

68 2089 188 2158 herede
213 2111 236 2158 a
260 2092 391 2159 domino
415 2093 505 2178 Rege
519 2093 684 2180 pecierat3
710 2114 784 2161 cnm
806 2092 972 2182 predictus
995 2097 1073 2162 Ison
1097 2114 1194 2181 super

68 2197 281 2265 restitucione
307 2217 525 2285 expensarum
549 2207 582 2268 et
604 2200 716 2270 uxoris
740 2221 798 2268 sue
822 2209 948 2288 quarm,
972 2205 1005 2267 et
1028 2201 1193 2270 Jobanncs

65 2307 164 2374 frater
189 2308 323 2375 domine
339 2309 526 2393 Margarete
548 2308 659 2376 uxoris
674 2309 815 2394 Dyonisi
831 2309 872 2376 de
895 2309 971 2378 dote
987 2317 1020 2377 et
1035 2311 1192 2397 sponsali·

66 2416 123 2482 bns
139 2415 266 2486 sororis
280 2436 338 2484 aue
353 2437 374 2483 a
389 2416 497 2506 priore
513 2417 630 2486 marito
647 2437 757 2486 aecum
773 2416 936 2504 adductis,
956 2418 1191 2505 quinquaginta

66 2525 184 2592 marcis
201 2527 422 2613 conpensatio,
448 2531 481 2592 et
496 2523 755 2612 viffl'ntiquinqne
779 2524 898 2592 marcis
914 2545 935 2592 a
950 2526 1109 2611 Dyonisio
1125 2526 1189 2593 sibi

65 2630 95 2696 in
112 2630 191 2699 dote
208 2631 400 2700 cedentibus
417 2639 649 2718 causamentum
666 2631 846 2699 Balduinus
862 2631 977 2700 Comes
994 2634 1101 2701 Castri
1116 2635 1190 2701 Fer·

64 2739 117 2823 rei,
134 2740 192 2825 qni
208 2737 403 2809 tuendorum
428 2746 579 2828 nepotum
603 2739 741 2827 predicti
757 2739 896 2826 Dyonisi
912 2760 933 2807 a
952 2741 1083 2809 domino
1101 2745 1190 2826 Rege

65 2845 253 2912 mandatum
279 2853 461 2935 acceperat,
489 2847 677 2915 conuocatis
701 2848 873 2934 nepotibus
890 2847 1038 2934 Dyonisi,
1064 2848 1189 2917 scilicet

66 2950 230 3040 chepano,
241 2953 412 3039 Dyonisio,
423 2953 589 3039 Ladislao,
599 2956 714 3041 Paulo,
724 2955 876 3024 Lorando
893 2955 1081 3040 etNicolao,
1099 2963 1131 3023 et
1147 2955 1188 3023 de

65 3063 282 3146 mneracicue
297 3081 406 3129 eornm
421 3063 650 3132 Bartholcmeo
666 3063 733 3132 filio
749 3065 869 3149 Moym,
887 3071 920 3130 et
934 3063 975 3130 de
991 3063 1190 3148 cognacionc

67 3171 240 3238 eorundem
256 3171 397 3238 Tridnru
414 3172 549 3259 domito,
577 3179 609 3239 et
627 3173 783 3260 Acbyleo,
808 3179 841 3239 et
865 3171 906 3238 dc
925 3171 1140 3258 generacione
1156 3177 1189 3238 et

66 3280 265 3364 cognacione
290 3281 434 3366 ipsorum
460 3280 579 3349 ceteris
599 3281 758 3364 omnibus,
785 3289 818 3348 et
842 3280 883 3347 de
901 3280 1053 3366 Capitnlo
1077 3285 1187 3346 nostro

65 3387 251 3470 maioribus,
277 3387 421 3455 Roberto
437 3385 589 3474 Centone,
616 3397 648 3456 et
666 3391 772 3456 Micon
798 3386 940 3455 cusanc
965 3387 1006 3454 de
1030 3407 1187 3456 cousensn

64 3478 205 3562 omnium
230 3499 375 3562 nostrum
391 3502 424 3562 et
443 3495 484 3563 de
499 3497 669 3582 presencia
683 3496 807 3584 probys
823 3496 902 3563 viris
919 3516 1015 3580 qnam
1031 3495 1187 3581 pluribus,

64 3601 145 3670 banc
162 3603 205 3670 de
220 3608 310 3670 terra
333 3603 473 3690 predicti
487 3605 628 3691 Dyonisi
643 3605 727 3672 inter
747 3623 953 3671 successores
970 3603 1050 3689 eius,
1076 3603 1118 3670 ad
1134 3605 1187 3672 be-

64 3709 261 3796 neplacitum
290 3715 323 3777 et
347 3729 519 3778 assensum
543 3717 748 3796 cunctorum,
774 3730 854 3794 quos
879 3710 1186 3798 prenominamus,

65 3818 227 3886 ordinauit
241 3820 530 3907 composicionem:
549 3819 644 3899 Quod
658 3818 874 3906 prenominati
893 3825 1029 3904 nepotes
1046 3820 1186 3902 Dyonisi

65 3948 121 4012 pro
146 3928 302 4014 expensis
328 3937 361 3997 et
386 3934 504 4014 quarta
523 3927 722 4012 hereditatis,
748 3934 781 3994 et
806 3926 972 4012 utriusque
1000 3925 1130 3993 dotibus
1153 3932 1187 3993 et

63 4038 271 4128 sponsalibus
297 4037 482 4121 antedictis,
509 4035 668 4102 dederunt
689 4037 767 4102 Isou
792 4041 824 4101 et
848 4033 954 4101 socrui
970 4051 1029 4099 sne
1051 4033 1186 4099 terciam

63 4154 187 4233 partem
202 4151 287 4212 terre
297 4143 437 4230 Dyonisi
452 4145 486 4210 in
498 4141 635 4230 Oloska,
653 4149 686 4210 et
701 4142 824 4210 curiam
839 4142 909 4207 eius
918 4138 952 4205 in
966 4137 1185 4226 terciapartc,

63 4262 92 4322 ct
106 4255 232 4340 domos,
250 4273 291 4320 ac
307 4251 444 4336 edificia,
461 4257 494 4320 et
504 4257 609 4320 ortum
626 4271 804 4339 pomorum,
820 4255 853 4316 et
872 4247 1080 4316 medictatem
1088 4248 1185 4316 vinee

63 4363 128 4429 eius
144 4379 261 4428 versus
277 4361 410 4426 vineam
428 4359 628 4446 Vysungwd,
654 4365 687 4426 et
702 4359 844 4445 quinque
861 4354 1034 4442 mancipia,
1061 4355 1187 4427 scilicet

63 4469 164 4538 Badul
191 4490 263 4538 cum
291 4469 417 4537 dnobus
442 4469 520 4555 filijs
542 4469 610 4535 suis
635 4473 668 4536 et
682 4485 805 4547 sorore,
829 4472 861 4530 et
885 4463 953 4530 filia
977 4463 1097 4532 sororis
1114 4485 1184 4554 sue,

63 4580 170 4648 omnia
187 4579 260 4647 siue
277 4575 537 4647 contradiccione
553 4581 711 4664 perpetuo
725 4572 936 4662 possidenda.
961 4571 1004 4639 nt
1019 4577 1069 4641 est
1082 4573 1185 4644 tercia

65 4709 149 4776 pars,
174 4709 240 4776 que
256 4685 345 4757 cedit
358 4689 433 4757 Isou
448 4693 482 4757 ct
505 4685 613 4758 socrui
631 4702 700 4775 sue,
725 4684 760 4754 iu
776 4704 840 4754 vua
863 4681 1024 4774 porcione,
1051 4703 1115 4772 que
1132 4690 1184 4752 cst
