3186 5188
864 281 1013 378 El„

375 497 446 543 rum
461 482 527 542 tem
543 475 759 563 presencium,
784 495 882 558 quam
898 483 1101 563 posterorum
1116 479 1270 548 noticiam
1285 481 1399 547 harurn
1415 476 1518 544 serie

374 586 521 653 uolumus
537 584 717 672 peruenire,
736 585 893 670 qnodnos
904 587 1147 657 considerantes
1158 589 1348 658 multimoda
1362 585 1518 654 seruicia

375 693 486 762 dilecti
511 701 544 762 et
568 692 675 760 fidelis
700 693 802 759 nostri
829 691 963 761 Comitis
979 693 1086 782 Prinz,
1102 696 1162 782 filij
1179 698 1313 766 Comitis
1328 692 1516 781 Regnaldi,

373 821 437 885 que
452 822 474 869 a
488 801 601 890 primis
617 800 763 888 puericie
778 801 980 887 temporibus
999 810 1110 872 nostre
1129 805 1254 892 pariter
1271 813 1303 872 ct
1318 825 1386 889 sne,
1403 799 1518 871 eonti-
1580 795 1586 802 ’

373 919 476 979 nuata
485 908 644 977 fidelitate
653 908 747 976 nobis
756 909 925 997 impendit,
942 911 1053 978 tamin
1063 931 1198 998 corpore
1208 910 1514 997 Regnillungaric,

375 1038 474 1104 quam
490 1017 524 1084 iu
539 1017 690 1104 partibus
705 1017 832 1102 Ruscie,
859 1019 1012 1103 quociens
1029 1018 1072 1084 ad
1088 1021 1265 1087 exercitum
1288 1020 1365 1087 illue
1381 1037 1441 1086 nos
1458 1018 1518 1084 ire

374 1127 566 1213 contigerat,
594 1131 627 1192 et
650 1126 685 1192 in
710 1131 798 1192 terra
822 1125 955 1212 Ascani,
982 1147 1021 1193 ac
1046 1128 1151 1195 ceiam
1167 1126 1303 1195 interra
1321 1125 1517 1196 Teutonica

374 1234 577 1319 multociens,
594 1251 654 1300 nce
670 1253 734 1301 non
744 1233 834 1300 circa
848 1239 959 1320 partes
976 1235 1157 1302 maritimas
1173 1237 1234 1303 snb
1250 1243 1360 1305 nostro
1375 1235 1510 1304 uexillo

375 1349 504 1411 strenue
517 1341 705 1427 militcnd03
731 1342 765 1407 in
781 1341 971 1408 memoriam
987 1347 1034 1408 tot
1050 1343 1259 1412 seruieiorum
1274 1343 1355 1428 eius,
1372 1363 1440 1409 non
1457 1351 1513 1410 ta-

375 1471 449 1518 men
473 1450 507 1517 in
532 1450 663 1536 plenam
689 1451 1040 1538 recompensacionem,
1067 1471 1138 1518 oum
1155 1453 1225 1520 eius
1240 1453 1364 1520 meritis
1389 1472 1514 1540 propo·

374 1579 492 1628 namus
507 1560 542 1626 in
558 1557 708 1645 pluribus
724 1557 932 1643 respondere,
949 1565 1068 1625 terram
1085 1559 1248 1644 quandam
1264 1559 1510 1644 nomineBille,

375 1675 630 1739 commetaneam
646 1673 732 1734 terre
747 1685 805 1733 sne
820 1665 1086 1752 nomineKnysa‚
1103 1687 1166 1752 que
1182 1668 1420 1735 habitatoribus
1432 1669 1513 1735 eius

373 1779 593 1848 castrensibus
620 1776 794 1844 demedio
820 1775 958 1843 sublatis
984 1777 1078 1860 quasi
1103 1797 1209 1845 uacua
1228 1784 1443 1862 remanserat,
1470 1777 1511 1842 in

375 1887 542 1956 comitatu
558 1883 766 1970 Zaladicnsi3
793 1901 891 1969 quam
908 1889 1029 1951 terram
1043 1892 1156 1952 noster
1176 1885 1286 1952 inclite
1301 1883 1512 1953 recordacio·
1536 1917 1538 1921 ·

374 1999 425 2063 nis
441 2001 534 2084 pater
550 1993 698 2060 Andreas
713 1994 784 2059 Rex
794 1991 963 2075 Hungarie
978 1992 1140 2077 gloriosus
1156 1993 1243 2080 patri
1261 1991 1511 2077 snoltegnaldo

374 2105 492 2172 Oomiti
517 2107 704 2185 memorato,
731 2098 947 2168 consideratis
965 2101 1036 2166 cius
1061 2107 1094 2166 et
1112 2100 1353 2186 progenitorum
1369 2120 1509 2167 suornm

375 2214 502 2282 Corone
521 2211 624 2296 Regis
649 2210 809 2295 impensis
832 2208 992 2294 seruicijs,
1010 2209 1173 2295 quondam
1190 2209 1294 2276 ceiam
1309 2208 1509 2293 contulerat,

375 2343 433 2391 sno
449 2318 620 2409 priuilegio
637 2317 872 2401 confirmatam,
899 2317 958 2384 sed
973 2324 1119 2404 tempore
1137 2315 1362 2386 reuoeacionis
1388 2335 1509 2402 perpe·

374 2432 525 2499 tuitatum
541 2428 647 2494 fuerat
666 2426 781 2493 eadem
798 2424 933 2492 collaeio
954 2431 1139 2509 retractata,
1162 2446 1247 2493 nunc
1262 2425 1367 2492 eidem
1384 2425 1511 2492 comiti

375 2541 471 2608 Princ
487 2544 518 2606 et
534 2537 602 2604 suis
613 2534 768 2620 legitimis
785 2535 1028 2602 successoribus
1045 2535 1288 2622 inperpetuum
1308 2533 1511 2602 contulimus

376 2651 472 2737 pleno
488 2646 558 2714 iure
574 2644 633 2714 snb
650 2643 774 2710 eisdem
791 2642 936 2709 terminis
948 2643 1019 2710 siue
1035 2644 1140 2728 metis,
1156 2645 1275 2727 quibus
1293 2663 1353 2728 per
1368 2641 1508 2726 inquisi-

374 2766 463 2826 tores
473 2763 506 2824 ct
516 2753 655 2840 judices,
673 2751 799 2819 sieutin
810 2751 885 2835 alijs
897 2752 1121 2839 comitatibus,
1139 2753 1187 2818 sie
1199 2748 1509 2819 etinZalaanobis

376 2863 540 2951 quondam
551 2862 734 2948 deputatos,
747 2859 822 2945 ipsa
831 2857 947 2926 Gastro
958 2859 1066 2926 luerat
1075 2859 1258 2926 emendata.
1275 2859 1313 2924 In
1325 2858 1418 2925 euius
1427 2876 1508 2944 pos-

377 2975 557 3042 sessionem
572 2990 630 3058 per
646 2969 800 3035 dilectum
825 2973 857 3033 et
876 2964 1006 3034 fidelem
1023 2972 1168 3035 nostrum
1184 2966 1341 3034 Comitem
1357 2969 1509 3033 Marcum

376 3083 478 3150 tilium
504 3081 590 3148 Luce
616 3076 752 3145 Comitis
777 3076 884 3163 ipsum
909 3074 1045 3143 fecimus
1061 3074 1231 3143 introduci.
1252 3075 1303 3141 Ne
1318 3074 1416 3159 igitur
1431 3073 1510 3159 ipse

378 3192 495 3259 Comes
510 3189 616 3273 Prinn,
643 3185 696 3253 uel
711 3184 763 3252 sni
779 3182 916 3251 heredes
942 3183 1160 3268 heredumque
1183 3201 1387 3250 successores
1403 3199 1510 3265 super

378 3298 492 3366 cadem
517 3302 605 3364 terra
627 3293 661 3359 in
686 3297 852 3378 posterum
877 3288 1011 3356 ualeant
1030 3288 1205 3372 inquietari
1221 3308 1279 3355 scu
1295 3286 1509 3372 aliquatenus

378 3403 554 3489 molestari,
580 3404 748 3488 presentes
774 3397 808 3464 iu
832 3402 1022 3484 perpetuam
1047 3396 1259 3464 stabilitatem
1281 3395 1375 3462 lruius
1391 3401 1509 3462 nostre

380 3510 571 3582 donacionis
586 3507 806 3576 concessimus
827 3504 965 3592 litteras,
992 3503 1156 3590 duppliois
1172 3503 1273 3589 sigilli
1288 3501 1390 3570 nostri
1404 3501 1510 3568 muni·

379 3622 465 3688 mine
488 3617 559 3685 iure
583 3621 741 3702 perpetuo
757 3613 936 3680 roboratas.
963 3611 1084 3678 Datum
1100 3611 1188 3697 apud
1208 3609 1439 3678 monasterinm
1456 3609 1510 3674 Oi·
1589 3619 1590 3622 ’

379 3726 603 3797 sterciensinm
617 3725 651 3791 in
666 3721 782 3810 'l'opliz
792 3742 877 3789 anno
888 3718 1315 3786 Dominicelnearnacionis
1331 3717 1509 3784 millesimo

378 3835 602 3905 ducentesimo
618 3828 869 3918 quadragesimo
888 3827 1001 3909 quinto
1016 3827 1092 3893 XII.
1119 3825 1280 3893 kalendas
1305 3825 1383 3912 Maij
1400 3826 1511 3910 Regni

378 3952 488 4013 autem
503 3940 607 4011 nostri
623 3959 709 4007 anno
726 3937 861 4005 decimo.

379 4145 517 4213 (Eredetie
539 4135 712 4205 berntrtytu
736 4153 754 4190 a
771 4133 1014 4202 carga-vioradus
1037 4129 1264 4200 selyemasindron
1286 4134 1397 4200 titgpdtt
1415 4129 1511 4198 pectet

378 4237 514 4300 elvesnett,
528 4249 544 4286 a
557 4232 641 4286 budai
654 4231 704 4282 kir.
718 4228 842 4281 kamarai
854 4222 1032 4279 lerdltdrbau.
1053 4221 1215 4290 Hir'rnyosan
1229 4222 1336 4276 kerolto
1346 4221 1428 4288 Fejdr
1441 4223 1509 4274 Ood.

738 4318 810 4386 orpr
824 4317 871 4373 1v.
885 4317 941 4370 rac
954 4319 977 4380 1,
991 4317 1023 4371 v.
1038 4317 1098 4370 asa.
1112 4311 1145 4383 r.)

806 4634 1069 4656 w.
