3168 5186
841 311 995 416 ..ne-

359 506 431 572 Hcc
446 507 550 573 coium
574 504 781 590 oblignoione
805 507 983 592 interiecta,
1009 507 1143 593 quodsi
1169 527 1227 594 per
1240 506 1383 590 abquam
1401 522 1488 588 que

359 614 496 682 stionem
513 615 554 682 de
569 614 665 682 terris
682 617 748 682 iem
758 608 933 684 nominatis
949 615 1054 682 amici
1071 615 1280 700 contingeret,
1296 619 1425 682 tuntum
1443 610 1490 677 cle

359 723 428 789 ulia
441 723 837 810 terrenostrnvbionnquc
857 724 973 792 existo
984 729 1077 811 parte
1086 725 1208 791 Drawo
1218 727 1490 810 preteroestrum

359 839 504 899 nostram
520 831 722 918 habebimus,
738 838 885 901 tenemur
902 833 1008 902 eidem
1023 833 1096 900 sine
1112 834 1169 900 lito
1183 837 1373 899 rcstuurcrc.
1399 827 1491 908 Qui·

360 939 420 1007 bus
435 940 698 1027 possessionibus
724 941 753 1008 si
767 941 913 1027 peccatis
929 941 1133 1029 exigentibus
1158 958 1285 1008 caruere
1303 939 1491 1019 debcmus;

359 1048 586 1117 nichilominus
611 1050 652 1116 de
668 1059 755 1118 terro
770 1056 884 1118 nostre
897 1050 1039 1138 propris,
1066 1049 1250 1134 ubicunqne
1267 1047 1359 1115 nobis
1375 1064 1492 1110 mmu-

358 1161 469 1240 uerct,
494 1161 619 1223 tuntum
644 1163 677 1224 et
701 1159 869 1242 equalem3
901 1157 993 1225 iuxta
1018 1157 1218 1224 sentcneiom
1241 1150 1490 1222 uenerabilium

358 1264 511 1350 uirorum,
527 1262 680 1332 uidelicet
695 1265 857 1334 Abbntnm
873 1267 915 1333 de
930 1267 1067 1352 Simigio
1083 1272 1117 1332 et
1131 1263 1281 1349 Zoluclia,
1297 1261 1403 1330 eidem
1423 1261 1491 1328 Co-

359 1372 429 1440 miti
444 1372 480 1438 L.
497 1377 641 1440 statuere
657 1374 849 1460 tenebimur,
873 1381 979 1462 preter
995 1385 1138 1444 cestrum
1154 1378 1297 1443 nostram
1312 1369 1491 1457 supradic-

359 1487 436 1547 tum.
462 1481 581 1547 Verum
598 1481 711 1566 eciem,
729 1482 758 1549 si
773 1502 832 1550 uos
849 1483 931 1550 mori
948 1483 1125 1569 continget,
1150 1490 1183 1550 et
1197 1483 1271 1569 ipso
1286 1497 1387 1548 conso
1402 1497 1491 1561 que-

359 1587 476 1656 stionis
502 1594 646 1673 tempore
669 1587 727 1673 filij
754 1591 856 1658 nostri
882 1593 1018 1660 forsitan
1043 1590 1273 1673 suscitabitur,
1297 1587 1368 1674 ipsc
1393 1585 1492 1651 iilius

359 1705 469 1765 noster
494 1703 626 1782 propter
651 1697 825 1766 intmciom
849 1719 984 1768 causam
1010 1720 1074 1767 non
1091 1700 1189 1766 debet
1212 1714 1398 1785 prorogare,
1422 1691 1492 1760 scd

359 1803 523 1891 subplebit
537 1805 808 1891 composicionem
832 1809 1040 1892 antedictam,
1056 1809 1140 1876 sicut
1158 1806 1191 1872 in
1216 1804 1332 1873 litteris
1347 1797 1492 1868 Andree

359 1921 437 1982 tunc
453 1911 588 1981 Comitis
605 1915 844 1984 Worosdiensis
869 1920 1059 2002 continetur,
1087 1916 1141 2003 qui
1156 1915 1240 1983 inter
1264 1934 1323 1981 nos
1341 1931 1383 1978 ex
1408 1929 1493 1996 spc-

359 2022 437 2090 oiuli
452 2021 606 2089 mandato
617 2023 695 2089 Bele
711 2023 834 2092 domini
853 2027 1105 2095 nostriIllustris
1117 2025 1218 2112 Regis
1228 2021 1372 2108 Ungcric
1382 2040 1493 2106 super

359 2130 432 2218 ipso
447 2131 636 2200 concambio
653 2133 760 2200 extitit
775 2134 971 2204 ordinatum.
995 2139 1089 2205 Anno
1106 2133 1238 2204 Domini
1254 2134 1298 2199 ll·
1309 2129 1374 2197 00⁰
1390 2128 1492 2213 quin·

359 2239 550 2327 qircgcsimo
575 2246 677 2308 sexto.

360 2439 496 2505 (Eredotlo
509 2433 680 2504 bbrlnlrtytn,
694 2436 814 2503 specstt
823 2437 959 2498 elvosactt,
972 2439 1080 2492 abudui
1094 2438 1146 2489 klr.
1160 2439 1282 2491 lamanai
1292 2431 1493 2502 levlltirbum)

793 2724 1046 2736 ————-=—-

883 3154 960 3225 318.
1013 3195 1026 3218 t

360 3345 493 3430 Rapcza
519 3349 548 3406 ob
564 3341 694 3406 Ancona
719 3337 1066 3424 odcooolonalcbizonyoo
1091 3340 1208 3423 torpori
1228 3335 1491 3403 laudmaalodu-

332 3475 333 3480 *
497 3449 610 3514 soluat
625 3447 845 3532 lieypcnlc'tcsc't
860 3451 1010 3532 torqyazo
1024 3443 1224 3532 epyculcdcsc.
1242 3441 1340 3510 1256.

466 3646 503 3712 ln
528 3644 657 3712 nominc
681 3639 813 3711 Domini
828 3641 942 3710 Arnen.
966 3641 1061 3708 Anno
1077 3639 1222 3708 eiusdem
1245 3639 1288 3706 ll.
1300 3636 1363 3706 GC.
1375 3641 1414 3706 L.
1427 3639 1490 3708 v1.

359 3765 503 3840 tempore
512 3751 633 3821 domiui
642 3749 822 3818 Alexandri
832 3752 923 3836 Papo
939 3747 1050 3832 quarti
1062 3785 1106 3796 -
1122 3787 1166 3798 -
1182 3785 1226 3798 -
1241 3785 1286 3796 -
1300 3749 1488 3818 Oorbonius

359 3863 486 3950 Angeli,
504 3863 647 3930 lacobus
664 3859 705 3928 de
720 3859 913 3944 Petiuianis,
930 3865 963 3926 et
977 3858 1035 3925 olii
1051 3858 1249 3946 infrascripti
1265 3859 1355 3926 cives
1375 3859 1487 3926 Anco-

359 3973 464 4041 nitanl
480 3972 638 4039 baberent
663 3969 835 4036 licenciam
851 3973 882 4035 ot
897 3973 1092 4055 potestatem
1107 3988 1130 4034 u
1144 3969 1314 4036 Potestcte
1336 3972 1371 4034 et
1390 3965 1487 4033 Gom-

360 4084 449 4150 muni
462 4083 607 4164 Ancone,
632 4077 783 4162 cupiendi
799 4071 901 4124 -'-
917 4113 960 4124 -
977 4113 1020 4124 -
1036 4111 1079 4122 —-
1097 4074 1209 4142 uitatis
1226 4073 1366 4157 Ragusii
1380 4093 1488 4157 usque

360 4190 402 4255 od
418 4189 560 4256 valorem
576 4193 608 4254 et
624 4185 836 4271 quantitatem
850 4184 938 4251 mille
953 4191 986 4251 ot
1001 4191 1189 4250 sexcentum
1205 4179 1363 4248 librorum
1379 4183 1486 4249 Anco-

359 4297 543 4363 nltenarum
569 4301 602 4360 et
617 4298 741 4380 septem
766 4313 825 4377 pro
849 4291 948 4360 rebus
970 4291 1019 4358 eis
1043 4289 1164 4358 oblatis
1189 4289 1223 4355 in
1239 4288 1387 4356 bennone
1414 4289 1485 4356 sivo

359 4423 444 4470 nave
468 4402 574 4486 Sergii
600 4401 641 4468 de
665 4399 808 4486 Regusio
833 4399 877 4467 od
899 4407 1028 4488 portum
1044 4435 1088 4446 -
1106 4437 1147 4447 -
1162 4435 1206 4446 --
1222 4433 1266 4444 -·
1284 4403 1438 4465 natorum
1464 4419 1485 4463 a

361 4509 498 4597 pyratis,
524 4507 676 4576 subdolo
692 4514 724 4574 et
741 4506 856 4575 fronde
871 4506 950 4574 dieti
965 4507 1071 4595 Sergij
1088 4513 1123 4576 ot
1136 4505 1388 4574 mortuariorum
1408 4525 1482 4571 suo·

360 4637 431 4683 rum
446 4616 487 4682 de
497 4617 612 4684 codem
621 4625 708 4684 terro
717 4615 861 4701 Regnoi,
878 4615 933 4699 qui
943 4621 1037 4684 erunt
1048 4613 1081 4682 iu
1092 4615 1286 4700 dietnnauc,
1302 4613 1482 4682 seeundum
