3252 5198
624 329 777 430 js„

124 525 244 604 genter,
280 527 312 586 vt
327 520 362 585 in
380 539 444 586 sus
460 519 535 605 ude,
562 541 629 606 quc
644 525 715 592 Dec
735 531 768 590 et
791 526 888 593 nobis
913 533 1070 613 tenentur,
1098 531 1265 600 studerent

122 626 282 710 intimare,
310 633 474 711 quantum
499 634 585 695 terre
610 629 759 716 predicte
775 631 808 697 S.
834 641 921 700 csset
945 635 1062 705 relicte
1088 639 1206 706 desua
1229 660 1263 719 et

124 753 252 800 suorum
270 733 479 801 conludicum
494 737 710 806 consciencia.
741 739 927 828 Quinctia,
956 743 1033 809 licet
1049 745 1259 828 singulariter

124 840 155 906 in
171 840 315 909 diuersis
331 841 462 926 litteris,
489 848 522 908 et
537 845 599 911 sub
615 864 675 911 suo
692 846 827 931 quilibet
850 848 961 932 sigillo
978 850 1078 917 nobis
1092 873 1159 918 nou
1174 853 1260 922 incc-

123 951 207 1036 gnitc
234 951 300 1016 sub
317 951 435 1018 codem
459 951 592 1019 omniuo
608 961 721 1021 tenore
738 961 772 1020 ct
786 956 871 1022 serie
885 958 1056 1024 verborum
1084 961 1258 1048 rescripse-

121 1065 202 1124 runt.
218 1057 348 1124 Littcrs
365 1066 475 1125 entem
491 1059 571 1126 dicti
586 1058 722 1128 Comitis
739 1070 832 1128 erant
851 1064 990 1130 subhac
1007 1065 1134 1134 iorrnn:

223 1165 425 1233 Reuerendo
451 1165 582 1234 dominc
608 1187 667 1236 suo
682 1171 719 1237 B.
737 1169 800 1236 Dei
825 1172 939 1254 grecia
962 1173 1045 1257 Regi
1067 1175 1133 1241 stb.
1159 1171 1256 1262 (mint

123 1274 216 1340 eltbb
229 1275 289 1340 30.
308 1293 352 1338 sz.
369 1270 416 1359 a.)

223 1379 354 1446 Littere
379 1398 509 1464 quoquc
524 1381 690 1467 Prepositi
706 1384 875 1450 memorati
899 1383 1016 1452 litteris
1038 1385 1174 1454 Comitis
1190 1407 1254 1454 me·

121 1488 232 1556 rncreti
249 1489 389 1555 cmninc
412 1489 663 1556 concordabant

221 1596 300 1664 Nos
316 1602 426 1662 nutem
438 1603 582 1664 tenorem
598 1598 781 1665 litterarum
790 1599 938 1684 ipsarum
958 1599 1133 1683 diligenter
1143 1621 1256 1687 accep·

118 1711 229 1788 tentes,
256 1711 387 1770 terrum
402 1704 435 1772 S.
452 1706 574 1791 prsisti
600 1716 633 1773 st
648 1707 784 1773 fratrum
810 1708 882 1774 cius
905 1707 1024 1774 litteris
1049 1708 1256 1794 presentibus

119 1813 237 1899 duplici
253 1813 373 1897 sigillo
399 1820 510 1880 nostro
526 1813 696 1896 roboratis,
712 1820 781 1880 tam
797 1814 872 1898 sibi,
899 1833 998 1899 quern
1013 1833 1145 1882 sucrum
1165 1815 1255 1883 herc·

120 1918 219 2004 dibus,
239 1919 451 1986 etheredum
469 1921 709 1988 successoribus
721 1918 873 1986 duximus
889 1928 1047 2008 perpetue
1065 1922 1253 1988 confirmen-

119 2026 209 2112 dnn1;
226 2027 407 2094 silencium
422 2026 621 2109 quibuslibet
633 2027 880 2112 impeditcribus
896 2025 984 2114 (lgy)
1000 2028 1168 2114 superhoc
1183 2048 1253 2114 per·

118 2141 247 2218 petrum
279 2133 490 2220 imponendo.
515 2136 636 2202 Datum
662 2136 697 2200 iu
722 2136 855 2204 thmcr
883 2155 972 2202 nnnc
997 2136 1108 2219 gracie
1132 2135 1253 2204 M⁰OO⁶

117 2242 282 2309 tricesimo
301 2247 429 2325 octauo,
455 2242 556 2310 tcrcic
579 2242 745 2310 kalendas
759 2242 921 2327 Octobris,
947 2262 1045 2326 euno,
1073 2263 1159 2311 enno
1174 2263 1252 2312 vcro

118 2349 219 2434 Regni
234 2351 346 2418 nostri
366 2350 477 2416 tercio.

11 2555 13 2610 ἶ
117 2561 150 2628 (Δ
163 2568 241 2631 gydri
260 2563 456 2632 kdptnlanmk
471 2567 583 2618 resc-ki
604 2568 649 2631 „in
665 2567 733 2618 leste
746 2567 801 2618 BB.
814 2567 935 2634 Philippi
954 2573 983 2619 st
994 2566 1095 2619 qubi
1113 2566 1254 2631 Apostolo-

11 2671 12 2716 j
117 2655 187 2704 rurn'
202 2655 264 2706 lucit
276 2652 436 2716 dtirstdbdl,
449 2657 550 2722 melyet
565 2656 679 2719 „nobilis
692 2656 802 2708 domina
812 2656 934 2707 Bnrbnrn
947 2663 1046 2707 vocatu
1058 2655 1164 2714 relicta,
1175 2659 1203 2705 et
1212 2655 1253 2706 Si·

11 2729 12 2738 ¹
119 2745 276 2810 gismuudus
292 2745 365 2796 filius
379 2745 524 2796 Alexandri
537 2745 571 2797 de
581 2745 756 2812 Gurgetegh,
770 2745 890 2797 Methius
904 2745 976 2797 lilius
986 2745 1117 2802 Methius,
1130 2745 1150 2794 J
1151 2743 1254 2794 ecobus

119 2832 188 2884 lilius
200 2835 313 2898 lucebi,
326 2834 474 2886 Ladizluus
487 2835 559 2885 filius
572 2834 750 2900 stephanide
764 2835 857 2885 sudem
871 2834 1046 2901 Gwrgctegb,
1068 2837 1095 2883 et
1107 2832 1255 2883 Lsdinlsus

120 2921 187 2974 tilius
200 2925 220 2976 J
221 2925 357 2976 ochsnnis
380 2925 414 2976 dc
426 2923 564 2991 Kelscby“
578 2921 693 2992 kdrtelr,
717 2940 734 2975 n
746 2925 829 2976 budnl
852 2925 903 2975 ki'r.
916 2925 1039 2976 kannensi
1061 2918 1255 2988 levdlttrbsu.)
