<?xml version="1.0" encoding="UTF-8"?>
<!DOCTYPE html PUBLIC "-//W3C//DTD XHTML 1.0 Transitional//EN"
    "http://www.w3.org/TR/xhtml1/DTD/xhtml1-transitional.dtd">
<html xmlns="http://www.w3.org/1999/xhtml" xml:lang="en" lang="en">
 <head>
  <title>
</title>
<meta http-equiv="Content-Type" content="text/html;charset=utf-8" />
  <meta name='ocr-system' content='tesseract 3.04.00' />
  <meta name='ocr-capabilities' content='ocr_page ocr_carea ocr_par ocr_line ocrx_word'/>
</head>
<body>
  <div class='ocr_page' id='page_1' title='image "./codexdiplomatic18wenzgoog_0211.png"; bbox 0 0 3186 5188; ppageno 0'>
   <div class='ocr_carea' id='block_1_1' title="bbox 597 280 661 346">
    <p class='ocr_par' dir='ltr' id='par_1_1' title="bbox 597 280 661 346">
     <span class='ocr_line' id='line_1_1' title="bbox 597 280 661 346; baseline 0 0"><span class='ocrx_word' id='word_1_1' title='bbox 597 280 661 346; x_wconf 78' lang='lat'><strong>177</strong></span> 
     </span>
    </p>
   </div>
   <div class='ocr_carea' id='block_1_2' title="bbox 557 371 707 379">
    <p class='ocr_par' dir='ltr' id='par_1_2' title="bbox 557 371 707 379">
     <span class='ocr_line' id='line_1_2' title="bbox 557 371 707 379; baseline 0.013 -2"><span class='ocrx_word' id='word_1_2' title='bbox 557 371 707 379; x_wconf 78' lang='lat'>.-.-—-—-—-</span> 
     </span>
    </p>
   </div>
   <div class='ocr_carea' id='block_1_3' title="bbox 17 476 1208 4762">
    <p class='ocr_par' dir='ltr' id='par_1_3' title="bbox 17 476 1208 4762">
     <span class='ocr_line' id='line_1_3' title="bbox 69 476 1194 567; baseline 0.011 -28"><span class='ocrx_word' id='word_1_3' title='bbox 69 479 284 560; x_wconf 86' lang='lat' dir='ltr'><strong>augmentum,</strong></span> <span class='ocrx_word' id='word_1_4' title='bbox 302 482 335 542; x_wconf 94' lang='lat' dir='ltr'><strong>et</strong></span> <span class='ocrx_word' id='word_1_5' title='bbox 351 476 497 543; x_wconf 81' lang='lat' dir='ltr'>ordinem</span> <span class='ocrx_word' id='word_1_6' title='bbox 512 483 658 545; x_wconf 85' lang='lat' dir='ltr'><strong>vestrum</strong></span> <span class='ocrx_word' id='word_1_7' title='bbox 675 480 886 566; x_wconf 87' lang='lat' dir='ltr'><strong>prerogativa</strong></span> <span class='ocrx_word' id='word_1_8' title='bbox 901 479 1024 548; x_wconf 83' lang='lat' dir='ltr'><strong>favoris</strong></span> <span class='ocrx_word' id='word_1_9' title='bbox 1040 488 1073 550; x_wconf 91' lang='lat' dir='ltr'><strong>et</strong></span> <span class='ocrx_word' id='word_1_10' title='bbox 1087 484 1194 567; x_wconf 89' lang='lat' dir='ltr'><strong>gratie</strong></span> 
     </span>
     <span class='ocr_line' id='line_1_4' title="bbox 66 582 1195 672; baseline 0.009 -24"><span class='ocrx_word' id='word_1_11' title='bbox 66 603 124 649; x_wconf 92' lang='lat' dir='ltr'><strong>uon</strong></span> <span class='ocrx_word' id='word_1_12' title='bbox 146 582 312 652; x_wconf 92' lang='lat' dir='ltr'><strong>immerito</strong></span> <span class='ocrx_word' id='word_1_13' title='bbox 338 589 582 672; x_wconf 79' lang='lat' dir='ltr'><strong>prosequentes,</strong></span> <span class='ocrx_word' id='word_1_14' title='bbox 610 605 720 653; x_wconf 88' lang='lat' dir='ltr'><strong>cuma</strong></span> <span class='ocrx_word' id='word_1_15' title='bbox 741 607 799 654; x_wconf 93' lang='lat' dir='ltr'><strong>sue</strong></span> <span class='ocrx_word' id='word_1_16' title='bbox 823 586 1035 656; x_wconf 87' lang='lat' dir='ltr'><strong>institutionis</strong></span> <span class='ocrx_word' id='word_1_17' title='bbox 1060 590 1195 660; x_wconf 89' lang='lat' dir='ltr'><strong>exordio</strong></span> 
     </span>
     <span class='ocr_line' id='line_1_5' title="bbox 64 691 1194 786; baseline 0.011 -30"><span class='ocrx_word' id='word_1_18' title='bbox 64 691 285 760; x_wconf 78' lang='lat' dir='ltr'>laudabilibus</span> <span class='ocrx_word' id='word_1_19' title='bbox 312 692 465 760; x_wconf 80' lang='lat' dir='ltr'><strong>continue</strong></span> <span class='ocrx_word' id='word_1_20' title='bbox 490 693 664 780; x_wconf 81' lang='lat' dir='ltr'><strong>profecerit</strong></span> <span class='ocrx_word' id='word_1_21' title='bbox 688 694 906 781; x_wconf 88' lang='lat' dir='ltr'><strong>incrementis,</strong></span> <span class='ocrx_word' id='word_1_22' title='bbox 939 697 1044 786; x_wconf 85' lang='lat' dir='ltr'><strong>ipsius</strong></span> <span class='ocrx_word' id='word_1_23' title='bbox 1070 699 1194 768; x_wconf 82' lang='lat' dir='ltr'><strong>ordinis</strong></span> 
     </span>
     <span class='ocr_line' id='line_1_6' title="bbox 68 798 1193 894; baseline 0.009 -29"><span class='ocrx_word' id='word_1_24' title='bbox 68 800 179 866; x_wconf 87' lang='lat' dir='ltr'><strong>cultum</strong></span> <span class='ocrx_word' id='word_1_25' title='bbox 195 799 374 868; x_wconf 86' lang='lat' dir='ltr'><strong>affectione</strong></span> <span class='ocrx_word' id='word_1_26' title='bbox 399 801 499 888; x_wconf 90' lang='lat' dir='ltr'><strong>plena</strong></span> <span class='ocrx_word' id='word_1_27' title='bbox 514 798 692 888; x_wconf 82' lang='lat' dir='ltr'><strong>diligimus,</strong></span> <span class='ocrx_word' id='word_1_28' title='bbox 709 810 742 870; x_wconf 91' lang='lat' dir='ltr'><strong>et</strong></span> <span class='ocrx_word' id='word_1_29' title='bbox 757 804 906 891; x_wconf 88' lang='lat' dir='ltr'><strong>cupimus</strong></span> <span class='ocrx_word' id='word_1_30' title='bbox 929 825 1060 894; x_wconf 88' lang='lat' dir='ltr'><strong>semper</strong></span> <span class='ocrx_word' id='word_1_31' title='bbox 1075 809 1193 878; x_wconf 85' lang='lat' dir='ltr'><strong>votivis</strong></span> 
     </span>
     <span class='ocr_line' id='line_1_7' title="bbox 66 909 1190 997; baseline 0.009 -24"><span class='ocrx_word' id='word_1_32' title='bbox 66 909 94 974; x_wconf 94' lang='lat' dir='ltr'><strong>in</strong></span> <span class='ocrx_word' id='word_1_33' title='bbox 116 910 257 978; x_wconf 90' lang='lat' dir='ltr'><strong>Domino</strong></span> <span class='ocrx_word' id='word_1_34' title='bbox 287 911 492 978; x_wconf 88' lang='lat' dir='ltr'><strong>successibus</strong></span> <span class='ocrx_word' id='word_1_35' title='bbox 517 909 688 997; x_wconf 79' lang='lat' dir='ltr'><strong>ampliari3</strong></span> <span class='ocrx_word' id='word_1_36' title='bbox 715 910 822 980; x_wconf 91' lang='lat' dir='ltr'><strong>eidem</strong></span> <span class='ocrx_word' id='word_1_37' title='bbox 845 913 950 981; x_wconf 90' lang='lat' dir='ltr'><strong>ordini</strong></span> <span class='ocrx_word' id='word_1_38' title='bbox 975 915 1115 984; x_wconf 84' lang='lat' dir='ltr'><strong>sollicite</strong></span> <span class='ocrx_word' id='word_1_39' title='bbox 1140 935 1190 983; x_wconf 84' lang='lat' dir='ltr'><strong>eu-</strong></span> 
     </span>
     <span class='ocr_line' id='line_1_8' title="bbox 66 1015 1191 1110; baseline 0.008 -28"><span class='ocrx_word' id='word_1_40' title='bbox 66 1020 164 1082; x_wconf 85' lang='lat' dir='ltr'><strong>rautes</strong></span> <span class='ocrx_word' id='word_1_41' title='bbox 180 1015 216 1083; x_wconf 90' lang='lat' dir='ltr'><strong>in</strong></span> <span class='ocrx_word' id='word_1_42' title='bbox 226 1016 307 1101; x_wconf 92' lang='lat' dir='ltr'><strong>hiis,</strong></span> <span class='ocrx_word' id='word_1_43' title='bbox 325 1037 389 1102; x_wconf 95' lang='lat' dir='ltr'><strong>que</strong></span> <span class='ocrx_word' id='word_1_44' title='bbox 405 1016 553 1084; x_wconf 88' lang='lat' dir='ltr'><strong>salubria</strong></span> <span class='ocrx_word' id='word_1_45' title='bbox 567 1016 673 1084; x_wconf 93' lang='lat' dir='ltr'><strong>sibiet</strong></span> <span class='ocrx_word' id='word_1_46' title='bbox 688 1023 847 1104; x_wconf 86' lang='lat' dir='ltr'><strong>oportuna</strong></span> <span class='ocrx_word' id='word_1_47' title='bbox 863 1021 1103 1110; x_wconf 83' lang='lat' dir='ltr'><strong>cognoscimus,</strong></span> <span class='ocrx_word' id='word_1_48' title='bbox 1118 1043 1191 1110; x_wconf 94' lang='lat' dir='ltr'><strong>pro-</strong></span> 
     </span>
     <span class='ocr_line' id='line_1_9' title="bbox 65 1121 1191 1216; baseline 0.008 -27"><span class='ocrx_word' id='word_1_49' title='bbox 65 1123 174 1191; x_wconf 80' lang='lat' dir='ltr'><strong>videre.</strong></span> <span class='ocrx_word' id='word_1_50' title='bbox 201 1121 288 1192; x_wconf 83' lang='lat' dir='ltr'><strong>(lum</strong></span> <span class='ocrx_word' id='word_1_51' title='bbox 304 1124 425 1212; x_wconf 91' lang='lat' dir='ltr'><strong>itaque,</strong></span> <span class='ocrx_word' id='word_1_52' title='bbox 453 1125 537 1192; x_wconf 89' lang='lat' dir='ltr'><strong>sicut</strong></span> <span class='ocrx_word' id='word_1_53' title='bbox 550 1124 646 1193; x_wconf 89' lang='lat' dir='ltr'><strong>nobis</strong></span> <span class='ocrx_word' id='word_1_54' title='bbox 662 1144 825 1214; x_wconf 85' lang='lat' dir='ltr'><strong>exponere</strong></span> <span class='ocrx_word' id='word_1_55' title='bbox 840 1129 1026 1215; x_wconf 81' lang='lat' dir='ltr'><strong>curavistis,</strong></span> <span class='ocrx_word' id='word_1_56' title='bbox 1054 1135 1100 1216; x_wconf 94' lang='lat' dir='ltr'><strong>tu,</strong></span> <span class='ocrx_word' id='word_1_57' title='bbox 1127 1129 1191 1198; x_wconf 91' lang='lat' dir='ltr'><strong>fra·</strong></span> 
     </span>
     <span class='ocr_line' id='line_1_10' title="bbox 65 1231 1188 1320; baseline 0.005 -21"><span class='ocrx_word' id='word_1_58' title='bbox 65 1240 107 1299; x_wconf 84' lang='lat' dir='ltr'><strong>ter</strong></span> <span class='ocrx_word' id='word_1_59' title='bbox 120 1231 285 1320; x_wconf 77' lang='lat' dir='ltr'><strong>Episcopo</strong></span> <span class='ocrx_word' id='word_1_60' title='bbox 303 1254 342 1301; x_wconf 89' lang='lat' dir='ltr'><strong>ao</strong></span> <span class='ocrx_word' id='word_1_61' title='bbox 358 1232 524 1318; x_wconf 78' lang='lat' dir='ltr'><strong>Magister,</strong></span> <span class='ocrx_word' id='word_1_62' title='bbox 548 1239 581 1298; x_wconf 89' lang='lat' dir='ltr'><strong>et</strong></span> <span class='ocrx_word' id='word_1_63' title='bbox 595 1232 845 1320; x_wconf 87' lang='lat' dir='ltr'><strong>predecessores</strong></span> <span class='ocrx_word' id='word_1_64' title='bbox 864 1238 911 1305; x_wconf 91' lang='lat' dir='ltr'><strong>tui</strong></span> <span class='ocrx_word' id='word_1_65' title='bbox 928 1237 1019 1305; x_wconf 90' lang='lat' dir='ltr'><strong>iuxta</strong></span> <span class='ocrx_word' id='word_1_66' title='bbox 1042 1237 1188 1305; x_wconf 89' lang='lat' dir='ltr'><strong>eiusdem</strong></span> 
     </span>
     <span class='ocr_line' id='line_1_11' title="bbox 65 1338 1190 1432; baseline 0.007 -26"><span class='ocrx_word' id='word_1_67' title='bbox 65 1341 177 1407; x_wconf 90' lang='lat' dir='ltr'><strong>ordinis</strong></span> <span class='ocrx_word' id='word_1_68' title='bbox 206 1338 481 1409; x_wconf 88' lang='lat' dir='ltr'><strong>consuetudinem</strong></span> <span class='ocrx_word' id='word_1_69' title='bbox 507 1341 716 1410; x_wconf 81' lang='lat' dir='ltr'><strong>observatam</strong></span> <span class='ocrx_word' id='word_1_70' title='bbox 740 1345 899 1412; x_wconf 90' lang='lat' dir='ltr'><strong>hactenus</strong></span> <span class='ocrx_word' id='word_1_71' title='bbox 918 1350 951 1412; x_wconf 92' lang='lat' dir='ltr'><strong>et</strong></span> <span class='ocrx_word' id='word_1_72' title='bbox 967 1365 988 1412; x_wconf 90' lang='lat' dir='ltr'><strong>a</strong></span> <span class='ocrx_word' id='word_1_73' title='bbox 1003 1345 1089 1414; x_wconf 84' lang='lat' dir='ltr'><strong>Sede</strong></span> <span class='ocrx_word' id='word_1_74' title='bbox 1104 1346 1190 1432; x_wconf 83' lang='lat' dir='ltr'><strong>Apo·</strong></span> 
     </span>
     <span class='ocr_line' id='line_1_12' title="bbox 66 1449 1190 1541; baseline 0.005 -27"><span class='ocrx_word' id='word_1_75' title='bbox 66 1449 170 1516; x_wconf 89' lang='lat' dir='ltr'><strong>stolica</strong></span> <span class='ocrx_word' id='word_1_76' title='bbox 194 1451 384 1535; x_wconf 80' lang='lat' dir='ltr'><strong>toleratam,</strong></span> <span class='ocrx_word' id='word_1_77' title='bbox 411 1449 522 1517; x_wconf 90' lang='lat' dir='ltr'><strong>statim</strong></span> <span class='ocrx_word' id='word_1_78' title='bbox 537 1455 712 1536; x_wconf 87' lang='lat' dir='ltr'><strong>postquam</strong></span> <span class='ocrx_word' id='word_1_79' title='bbox 728 1451 823 1519; x_wconf 89' lang='lat' dir='ltr'><strong>electi</strong></span> <span class='ocrx_word' id='word_1_80' title='bbox 851 1451 1028 1520; x_wconf 87' lang='lat' dir='ltr'><strong>seeundum</strong></span> <span class='ocrx_word' id='word_1_81' title='bbox 1051 1452 1190 1541; x_wconf 89' lang='lat' dir='ltr'><strong>predicti</strong></span> 
     </span>
     <span class='ocr_line' id='line_1_13' title="bbox 65 1556 1190 1646; baseline 0.003 -23"><span class='ocrx_word' id='word_1_82' title='bbox 65 1557 313 1625; x_wconf 79' lang='lat' dir='ltr'><strong>constitutiones</strong></span> <span class='ocrx_word' id='word_1_83' title='bbox 329 1556 453 1625; x_wconf 91' lang='lat' dir='ltr'><strong>ordinis</strong></span> <span class='ocrx_word' id='word_1_84' title='bbox 471 1556 635 1643; x_wconf 83' lang='lat' dir='ltr'><strong>extitistis,</strong></span> <span class='ocrx_word' id='word_1_85' title='bbox 652 1557 790 1626; x_wconf 79' lang='lat' dir='ltr'><strong>fratrum</strong></span> <span class='ocrx_word' id='word_1_86' title='bbox 803 1559 908 1646; x_wconf 89' lang='lat' dir='ltr'><strong>ipsius</strong></span> <span class='ocrx_word' id='word_1_87' title='bbox 925 1579 1036 1627; x_wconf 89' lang='lat' dir='ltr'><strong>curam</strong></span> <span class='ocrx_word' id='word_1_88' title='bbox 1051 1560 1190 1645; x_wconf 89' lang='lat' dir='ltr'><strong>gesseri-</strong></span> 
     </span>
     <span class='ocr_line' id='line_1_14' title="bbox 65 1664 1187 1754; baseline 0.005 -25"><span class='ocrx_word' id='word_1_89' title='bbox 65 1665 112 1748; x_wconf 89' lang='lat' dir='ltr'><strong>tis,</strong></span> <span class='ocrx_word' id='word_1_90' title='bbox 126 1664 314 1749; x_wconf 86' lang='lat' dir='ltr'><strong>Magisterii</strong></span> <span class='ocrx_word' id='word_1_91' title='bbox 329 1664 473 1734; x_wconf 87' lang='lat' dir='ltr'><strong>officium</strong></span> <span class='ocrx_word' id='word_1_92' title='bbox 488 1667 587 1752; x_wconf 88' lang='lat' dir='ltr'><strong>plone</strong></span> <span class='ocrx_word' id='word_1_93' title='bbox 603 1686 642 1734; x_wconf 91' lang='lat' dir='ltr'><strong>ae</strong></span> <span class='ocrx_word' id='word_1_94' title='bbox 658 1666 760 1735; x_wconf 90' lang='lat' dir='ltr'><strong>libere</strong></span> <span class='ocrx_word' id='word_1_95' title='bbox 775 1667 810 1733; x_wconf 94' lang='lat' dir='ltr'><strong>in</strong></span> <span class='ocrx_word' id='word_1_96' title='bbox 823 1668 974 1748; x_wconf 91' lang='lat' dir='ltr'><strong>omnibus</strong></span> <span class='ocrx_word' id='word_1_97' title='bbox 990 1675 1187 1754; x_wconf 83' lang='lat' dir='ltr'><strong>exercentes,</strong></span> 
     </span>
     <span class='ocr_line' id='line_1_15' title="bbox 66 1768 1185 1857; baseline 0.003 -21"><span class='ocrx_word' id='word_1_98' title='bbox 66 1768 217 1857; x_wconf 90' lang='lat' dir='ltr'><strong>iidemque</strong></span> <span class='ocrx_word' id='word_1_99' title='bbox 234 1771 357 1839; x_wconf 89' lang='lat' dir='ltr'><strong>fratres</strong></span> <span class='ocrx_word' id='word_1_100' title='bbox 368 1771 462 1840; x_wconf 90' lang='lat' dir='ltr'><strong>vobis</strong></span> <span class='ocrx_word' id='word_1_101' title='bbox 480 1772 597 1840; x_wconf 86' lang='lat' dir='ltr'><strong>devote</strong></span> <span class='ocrx_word' id='word_1_102' title='bbox 607 1791 647 1839; x_wconf 91' lang='lat' dir='ltr'><strong>ac</strong></span> <span class='ocrx_word' id='word_1_103' title='bbox 662 1773 828 1841; x_wconf 92' lang='lat' dir='ltr'><strong>humiliter</strong></span> <span class='ocrx_word' id='word_1_104' title='bbox 844 1771 1025 1842; x_wconf 88' lang='lat' dir='ltr'><strong>obedierint</strong></span> <span class='ocrx_word' id='word_1_105' title='bbox 1042 1781 1075 1843; x_wconf 93' lang='lat' dir='ltr'><strong>et</strong></span> <span class='ocrx_word' id='word_1_106' title='bbox 1087 1773 1185 1841; x_wconf 89' lang='lat' dir='ltr'><strong>inten-</strong></span> 
     </span>
     <span class='ocr_line' id='line_1_16' title="bbox 67 1878 1191 1967; baseline 0.004 -24"><span class='ocrx_word' id='word_1_107' title='bbox 67 1878 158 1946; x_wconf 91' lang='lat' dir='ltr'><strong>derint</strong></span> <span class='ocrx_word' id='word_1_108' title='bbox 176 1886 386 1965; x_wconf 86' lang='lat' dir='ltr'><strong>revercnter;</strong></span> <span class='ocrx_word' id='word_1_109' title='bbox 413 1888 446 1946; x_wconf 92' lang='lat' dir='ltr'><strong>et</strong></span> <span class='ocrx_word' id='word_1_110' title='bbox 461 1880 496 1945; x_wconf 92' lang='lat' dir='ltr'><strong>iu</strong></span> <span class='ocrx_word' id='word_1_111' title='bbox 511 1880 626 1949; x_wconf 91' lang='lat' dir='ltr'><strong>eodem</strong></span> <span class='ocrx_word' id='word_1_112' title='bbox 653 1881 767 1949; x_wconf 90' lang='lat' dir='ltr'><strong>ordine</strong></span> <span class='ocrx_word' id='word_1_113' title='bbox 784 1881 827 1948; x_wconf 88' lang='lat' dir='ltr'><strong>sit</strong></span> <span class='ocrx_word' id='word_1_114' title='bbox 843 1888 1011 1966; x_wconf 88' lang='lat' dir='ltr'><strong>statutum,</strong></span> <span class='ocrx_word' id='word_1_115' title='bbox 1037 1888 1073 1949; x_wconf 94' lang='lat' dir='ltr'><strong>ut</strong></span> <span class='ocrx_word' id='word_1_116' title='bbox 1088 1881 1191 1967; x_wconf 88' lang='lat' dir='ltr'><strong>Magi·</strong></span> 
     </span>
     <span class='ocr_line' id='line_1_17' title="bbox 68 1987 1190 2074; baseline 0.004 -22"><span class='ocrx_word' id='word_1_117' title='bbox 68 1995 125 2054; x_wconf 89' lang='lat' dir='ltr'><strong>ster</strong></span> <span class='ocrx_word' id='word_1_118' title='bbox 137 1987 253 2073; x_wconf 90' lang='lat' dir='ltr'><strong>ipsius,</strong></span> <span class='ocrx_word' id='word_1_119' title='bbox 282 1987 339 2073; x_wconf 89' lang='lat' dir='ltr'><strong>qui</strong></span> <span class='ocrx_word' id='word_1_120' title='bbox 355 2008 414 2074; x_wconf 94' lang='lat' dir='ltr'><strong>pro</strong></span> <span class='ocrx_word' id='word_1_121' title='bbox 429 1993 573 2074; x_wconf 88' lang='lat' dir='ltr'><strong>tempore</strong></span> <span class='ocrx_word' id='word_1_122' title='bbox 597 1987 706 2074; x_wconf 91' lang='lat' dir='ltr'><strong>fuerit,</strong></span> <span class='ocrx_word' id='word_1_123' title='bbox 723 2009 744 2055; x_wconf 95' lang='lat' dir='ltr'><strong>a</strong></span> <span class='ocrx_word' id='word_1_124' title='bbox 760 1988 943 2074; x_wconf 88' lang='lat' dir='ltr'><strong>magisterii</strong></span> <span class='ocrx_word' id='word_1_125' title='bbox 970 1987 1076 2056; x_wconf 88' lang='lat' dir='ltr'><strong>officio</strong></span> <span class='ocrx_word' id='word_1_126' title='bbox 1102 2008 1190 2057; x_wconf 91' lang='lat' dir='ltr'><strong>amo·</strong></span> 
     </span>
     <span class='ocr_line' id='line_1_18' title="bbox 67 2096 1189 2184; baseline 0.004 -25"><span class='ocrx_word' id='word_1_127' title='bbox 67 2097 126 2160; x_wconf 83' lang='lat' dir='ltr'><strong>ueri</strong></span> <span class='ocrx_word' id='word_1_128' title='bbox 147 2099 299 2164; x_wconf 83' lang='lat' dir='ltr'><strong>ualeata</strong></span> <span class='ocrx_word' id='word_1_129' title='bbox 324 2096 555 2165; x_wconf 86' lang='lat' dir='ltr'><strong>diffinitoribus</strong></span> <span class='ocrx_word' id='word_1_130' title='bbox 580 2097 722 2184; x_wconf 80' lang='lat' dir='ltr'><strong>Capituli</strong></span> <span class='ocrx_word' id='word_1_131' title='bbox 738 2098 929 2184; x_wconf 81' lang='lat' dir='ltr'><strong>Generalis3</strong></span> <span class='ocrx_word' id='word_1_132' title='bbox 954 2117 1015 2167; x_wconf 89' lang='lat' dir='ltr'><strong>uos</strong></span> <span class='ocrx_word' id='word_1_133' title='bbox 1041 2098 1189 2167; x_wconf 84' lang='lat' dir='ltr'><strong>volentes</strong></span> 
     </span>
     <span class='ocr_line' id='line_1_19' title="bbox 69 2203 1188 2293; baseline 0.002 -23"><span class='ocrx_word' id='word_1_134' title='bbox 69 2223 183 2271; x_wconf 91' lang='lat' dir='ltr'><strong>omnem</strong></span> <span class='ocrx_word' id='word_1_135' title='bbox 199 2203 429 2290; x_wconf 86' lang='lat' dir='ltr'><strong>ambiguitatis</strong></span> <span class='ocrx_word' id='word_1_136' title='bbox 445 2204 633 2290; x_wconf 89' lang='lat' dir='ltr'><strong>scrupulum</strong></span> <span class='ocrx_word' id='word_1_137' title='bbox 648 2205 683 2272; x_wconf 91' lang='lat' dir='ltr'><strong>iu</strong></span> <span class='ocrx_word' id='word_1_138' title='bbox 699 2205 761 2273; x_wconf 89' lang='lat' dir='ltr'><strong>hac</strong></span> <span class='ocrx_word' id='word_1_139' title='bbox 776 2211 870 2293; x_wconf 93' lang='lat' dir='ltr'><strong>parte</strong></span> <span class='ocrx_word' id='word_1_140' title='bbox 886 2204 928 2274; x_wconf 92' lang='lat' dir='ltr'><strong>de</strong></span> <span class='ocrx_word' id='word_1_141' title='bbox 950 2205 1068 2273; x_wconf 85' lang='lat' dir='ltr'><strong>vestris</strong></span> <span class='ocrx_word' id='word_1_142' title='bbox 1085 2205 1188 2273; x_wconf 91' lang='lat' dir='ltr'><strong>cordi-</strong></span> 
     </span>
     <span class='ocr_line' id='line_1_20' title="bbox 68 2310 1189 2404; baseline 0.006 -29"><span class='ocrx_word' id='word_1_143' title='bbox 68 2310 118 2378; x_wconf 90' lang='lat' dir='ltr'><strong>bus</strong></span> <span class='ocrx_word' id='word_1_144' title='bbox 133 2321 317 2401; x_wconf 90' lang='lat' dir='ltr'><strong>amputare,</strong></span> <span class='ocrx_word' id='word_1_145' title='bbox 333 2334 375 2381; x_wconf 88' lang='lat' dir='ltr'><strong>ao</strong></span> <span class='ocrx_word' id='word_1_146' title='bbox 389 2313 535 2383; x_wconf 91' lang='lat' dir='ltr'><strong>ordinem</strong></span> <span class='ocrx_word' id='word_1_147' title='bbox 552 2315 660 2401; x_wconf 92' lang='lat' dir='ltr'><strong>ipsum</strong></span> <span class='ocrx_word' id='word_1_148' title='bbox 676 2336 697 2383; x_wconf 88' lang='lat' dir='ltr'><strong>a</strong></span> <span class='ocrx_word' id='word_1_149' title='bbox 713 2315 799 2383; x_wconf 89' lang='lat' dir='ltr'><strong>Sede</strong></span> <span class='ocrx_word' id='word_1_150' title='bbox 816 2315 1008 2404; x_wconf 83' lang='lat' dir='ltr'><strong>Apostolica</strong></span> <span class='ocrx_word' id='word_1_151' title='bbox 1027 2315 1189 2404; x_wconf 89' lang='lat' dir='ltr'><strong>approba·</strong></span> 
     </span>
     <span class='ocr_line' id='line_1_21' title="bbox 69 2421 1189 2511; baseline 0.005 -28"><span class='ocrx_word' id='word_1_152' title='bbox 69 2424 135 2504; x_wconf 93' lang='lat' dir='ltr'><strong>tum,</strong></span> <span class='ocrx_word' id='word_1_153' title='bbox 152 2421 270 2490; x_wconf 89' lang='lat' dir='ltr'><strong>eadem</strong></span> <span class='ocrx_word' id='word_1_154' title='bbox 296 2424 467 2490; x_wconf 89' lang='lat' dir='ltr'><strong>honestate</strong></span> <span class='ocrx_word' id='word_1_155' title='bbox 481 2421 641 2509; x_wconf 89' lang='lat' dir='ltr'><strong>floridum,</strong></span> <span class='ocrx_word' id='word_1_156' title='bbox 666 2425 851 2511; x_wconf 91' lang='lat' dir='ltr'><strong>preclarum</strong></span> <span class='ocrx_word' id='word_1_157' title='bbox 867 2423 1006 2492; x_wconf 89' lang='lat' dir='ltr'><strong>scientia</strong></span> <span class='ocrx_word' id='word_1_158' title='bbox 1022 2431 1055 2490; x_wconf 87' lang='lat' dir='ltr'><strong>et</strong></span> <span class='ocrx_word' id='word_1_159' title='bbox 1069 2423 1189 2490; x_wconf 81' lang='lat' dir='ltr'><strong>virtute</strong></span> 
     </span>
     <span class='ocr_line' id='line_1_22' title="bbox 70 2525 1208 2620; baseline 0.006 -29"><span class='ocrx_word' id='word_1_160' title='bbox 70 2525 239 2616; x_wconf 87' lang='lat' dir='ltr'><strong>fecundum,</strong></span> <span class='ocrx_word' id='word_1_161' title='bbox 256 2530 431 2619; x_wconf 85' lang='lat' dir='ltr'><strong>privilegio</strong></span> <span class='ocrx_word' id='word_1_162' title='bbox 447 2531 636 2620; x_wconf 88' lang='lat' dir='ltr'><strong>Apostolice</strong></span> <span class='ocrx_word' id='word_1_163' title='bbox 652 2533 764 2616; x_wconf 90' lang='lat' dir='ltr'><strong>gracie</strong></span> <span class='ocrx_word' id='word_1_164' title='bbox 780 2532 930 2601; x_wconf 89' lang='lat' dir='ltr'><strong>attollere</strong></span> <span class='ocrx_word' id='word_1_165' title='bbox 950 2532 1120 2619; x_wconf 89' lang='lat' dir='ltr'><strong>singulari,</strong></span> <span class='ocrx_word' id='word_1_166' title='bbox 1137 2550 1188 2599; x_wconf 86' lang='lat' dir='ltr'><strong>ve·</strong></span> <span class='ocrx_word' id='word_1_167' title='bbox 1206 2556 1208 2558; x_wconf 93' lang='lat'>·</span> 
     </span>
     <span class='ocr_line' id='line_1_23' title="bbox 72 2638 1188 2728; baseline 0.002 -26"><span class='ocrx_word' id='word_1_168' title='bbox 72 2638 135 2704; x_wconf 87' lang='lat' dir='ltr'><strong>stris</strong></span> <span class='ocrx_word' id='word_1_169' title='bbox 159 2639 457 2728; x_wconf 82' lang='lat' dir='ltr'><strong>supplicationibus</strong></span> <span class='ocrx_word' id='word_1_170' title='bbox 473 2639 631 2725; x_wconf 89' lang='lat' dir='ltr'><strong>inclinati,</strong></span> <span class='ocrx_word' id='word_1_171' title='bbox 656 2647 693 2708; x_wconf 88' lang='lat' dir='ltr'><strong>ut</strong></span> <span class='ocrx_word' id='word_1_172' title='bbox 708 2661 915 2710; x_wconf 90' lang='lat' dir='ltr'><strong>successores</strong></span> <span class='ocrx_word' id='word_1_173' title='bbox 940 2643 998 2727; x_wconf 90' lang='lat' dir='ltr'><strong>tui,</strong></span> <span class='ocrx_word' id='word_1_174' title='bbox 1020 2641 1188 2726; x_wconf 82' lang='lat' dir='ltr'><strong>Magister,</strong></span> 
     </span>
     <span class='ocr_line' id='line_1_24' title="bbox 73 2745 1186 2836; baseline 0.003 -24"><span class='ocrx_word' id='word_1_175' title='bbox 73 2745 221 2828; x_wconf 89' lang='lat' dir='ltr'><strong>quierunt</strong></span> <span class='ocrx_word' id='word_1_176' title='bbox 237 2770 299 2836; x_wconf 92' lang='lat' dir='ltr'><strong>pro</strong></span> <span class='ocrx_word' id='word_1_177' title='bbox 314 2753 470 2834; x_wconf 90' lang='lat' dir='ltr'><strong>tempore,</strong></span> <span class='ocrx_word' id='word_1_178' title='bbox 487 2747 597 2816; x_wconf 87' lang='lat' dir='ltr'><strong>statim</strong></span> <span class='ocrx_word' id='word_1_179' title='bbox 613 2753 788 2836; x_wconf 85' lang='lat' dir='ltr'><strong>postquam</strong></span> <span class='ocrx_word' id='word_1_180' title='bbox 806 2750 899 2818; x_wconf 85' lang='lat' dir='ltr'><strong>electi</strong></span> <span class='ocrx_word' id='word_1_181' title='bbox 916 2749 1093 2818; x_wconf 87' lang='lat' dir='ltr'><strong>secundum</strong></span> <span class='ocrx_word' id='word_1_182' title='bbox 1112 2768 1186 2817; x_wconf 92' lang='lat' dir='ltr'><strong>cou-</strong></span> 
     </span>
     <span class='ocr_line' id='line_1_25' title="bbox 73 2855 1187 2946; baseline 0.003 -25"><span class='ocrx_word' id='word_1_183' title='bbox 73 2855 242 2924; x_wconf 88' lang='lat' dir='ltr'><strong>stilutiones</strong></span> <span class='ocrx_word' id='word_1_184' title='bbox 268 2857 388 2924; x_wconf 89' lang='lat' dir='ltr'><strong>fuerint</strong></span> <span class='ocrx_word' id='word_1_185' title='bbox 413 2857 629 2944; x_wconf 90' lang='lat' dir='ltr'><strong>supradictas,</strong></span> <span class='ocrx_word' id='word_1_186' title='bbox 657 2879 697 2926; x_wconf 93' lang='lat' dir='ltr'><strong>eo</strong></span> <span class='ocrx_word' id='word_1_187' title='bbox 713 2859 785 2946; x_wconf 91' lang='lat' dir='ltr'><strong>ipso</strong></span> <span class='ocrx_word' id='word_1_188' title='bbox 801 2861 870 2927; x_wconf 86' lang='lat' dir='ltr'><strong>veri</strong></span> <span class='ocrx_word' id='word_1_189' title='bbox 887 2858 1035 2929; x_wconf 90' lang='lat' dir='ltr'><strong>eiusdem</strong></span> <span class='ocrx_word' id='word_1_190' title='bbox 1063 2857 1187 2928; x_wconf 89' lang='lat' dir='ltr'><strong>ordinis</strong></span> 
     </span>
     <span class='ocr_line' id='line_1_26' title="bbox 75 2961 1187 3055; baseline 0.004 -28"><span class='ocrx_word' id='word_1_191' title='bbox 75 2961 167 3031; x_wconf 77' lang='lat' dir='ltr'><strong>electi</strong></span> <span class='ocrx_word' id='word_1_192' title='bbox 181 2965 344 3052; x_wconf 88' lang='lat' dir='ltr'><strong>Magistri,</strong></span> <span class='ocrx_word' id='word_1_193' title='bbox 362 2984 472 3032; x_wconf 84' lang='lat' dir='ltr'><strong>euram</strong></span> <span class='ocrx_word' id='word_1_194' title='bbox 488 2965 669 3034; x_wconf 92' lang='lat' dir='ltr'><strong>animarum</strong></span> <span class='ocrx_word' id='word_1_195' title='bbox 680 2965 814 3034; x_wconf 78' lang='lat' dir='ltr'><strong>fratrum</strong></span> <span class='ocrx_word' id='word_1_196' title='bbox 831 2967 935 3055; x_wconf 90' lang='lat' dir='ltr'><strong>ipsius</strong></span> <span class='ocrx_word' id='word_1_197' title='bbox 951 2965 1075 3036; x_wconf 92' lang='lat' dir='ltr'><strong>ordinis</strong></span> <span class='ocrx_word' id='word_1_198' title='bbox 1091 2966 1187 3054; x_wconf 89' lang='lat' dir='ltr'><strong>plene</strong></span> 
     </span>
     <span class='ocr_line' id='line_1_27' title="bbox 74 3069 1188 3160; baseline 0.003 -26"><span class='ocrx_word' id='word_1_199' title='bbox 74 3069 201 3140; x_wconf 85' lang='lat' dir='ltr'><strong>habeant</strong></span> <span class='ocrx_word' id='word_1_200' title='bbox 217 3079 253 3141; x_wconf 89' lang='lat' dir='ltr'><strong>et</strong></span> <span class='ocrx_word' id='word_1_201' title='bbox 267 3074 371 3140; x_wconf 91' lang='lat' dir='ltr'><strong>libere</strong></span> <span class='ocrx_word' id='word_1_202' title='bbox 386 3079 512 3160; x_wconf 88' lang='lat' dir='ltr'><strong>gerant,</strong></span> <span class='ocrx_word' id='word_1_203' title='bbox 539 3074 695 3160; x_wconf 91' lang='lat' dir='ltr'><strong>ipsosque</strong></span> <span class='ocrx_word' id='word_1_204' title='bbox 711 3073 829 3143; x_wconf 91' lang='lat' dir='ltr'><strong>fratres</strong></span> <span class='ocrx_word' id='word_1_205' title='bbox 844 3075 1039 3143; x_wconf 89' lang='lat' dir='ltr'><strong>auctoritate</strong></span> <span class='ocrx_word' id='word_1_206' title='bbox 1054 3073 1188 3160; x_wconf 88' lang='lat' dir='ltr'><strong>propria</strong></span> 
     </span>
     <span class='ocr_line' id='line_1_28' title="bbox 75 3175 1188 3267; baseline 0.002 -27"><span class='ocrx_word' id='word_1_207' title='bbox 75 3175 219 3261; x_wconf 86' lang='lat' dir='ltr'><strong>ligareac</strong></span> <span class='ocrx_word' id='word_1_208' title='bbox 235 3180 366 3249; x_wconf 89' lang='lat' dir='ltr'><strong>solvere</strong></span> <span class='ocrx_word' id='word_1_209' title='bbox 376 3181 519 3267; x_wconf 83' lang='lat' dir='ltr'><strong>valeant,</strong></span> <span class='ocrx_word' id='word_1_210' title='bbox 536 3201 595 3249; x_wconf 89' lang='lat' dir='ltr'><strong>neo</strong></span> <span class='ocrx_word' id='word_1_211' title='bbox 611 3203 676 3251; x_wconf 90' lang='lat' dir='ltr'><strong>non</strong></span> <span class='ocrx_word' id='word_1_212' title='bbox 687 3181 721 3248; x_wconf 93' lang='lat' dir='ltr'><strong>in</strong></span> <span class='ocrx_word' id='word_1_213' title='bbox 738 3180 853 3250; x_wconf 88' lang='lat' dir='ltr'><strong>eodem</strong></span> <span class='ocrx_word' id='word_1_214' title='bbox 868 3199 967 3266; x_wconf 91' lang='lat' dir='ltr'><strong>agere</strong></span> <span class='ocrx_word' id='word_1_215' title='bbox 983 3179 1107 3265; x_wconf 90' lang='lat' dir='ltr'><strong>ordine,</strong></span> <span class='ocrx_word' id='word_1_216' title='bbox 1125 3195 1188 3261; x_wconf 92' lang='lat' dir='ltr'><strong>que</strong></span> 
     </span>
     <span class='ocr_line' id='line_1_29' title="bbox 75 3283 1187 3376; baseline 0.002 -28"><span class='ocrx_word' id='word_1_217' title='bbox 75 3283 130 3369; x_wconf 89' lang='lat' dir='ltr'><strong>ipsi</strong></span> <span class='ocrx_word' id='word_1_218' title='bbox 143 3293 173 3354; x_wconf 92' lang='lat' dir='ltr'><strong>et</strong></span> <span class='ocrx_word' id='word_1_219' title='bbox 187 3287 310 3376; x_wconf 89' lang='lat' dir='ltr'><strong>prefati</strong></span> <span class='ocrx_word' id='word_1_220' title='bbox 327 3287 518 3357; x_wconf 88' lang='lat' dir='ltr'><strong>diffinitores</strong></span> <span class='ocrx_word' id='word_1_221' title='bbox 526 3289 619 3356; x_wconf 89' lang='lat' dir='ltr'><strong>iuxta</strong></span> <span class='ocrx_word' id='word_1_222' title='bbox 634 3297 832 3359; x_wconf 89' lang='lat' dir='ltr'><strong>memoratas</strong></span> <span class='ocrx_word' id='word_1_223' title='bbox 849 3287 1094 3357; x_wconf 90' lang='lat' dir='ltr'><strong>constitutiones</strong></span> <span class='ocrx_word' id='word_1_224' title='bbox 1105 3285 1187 3352; x_wconf 92' lang='lat' dir='ltr'><strong>eius-</strong></span> 
     </span>
     <span class='ocr_line' id='line_1_30' title="bbox 77 3390 1187 3481; baseline 0.004 -24"><span class='ocrx_word' id='word_1_225' title='bbox 77 3390 140 3460; x_wconf 90' lang='lat' dir='ltr'><strong>dem</strong></span> <span class='ocrx_word' id='word_1_226' title='bbox 162 3396 269 3464; x_wconf 92' lang='lat' dir='ltr'><strong>ordini</strong></span> <span class='ocrx_word' id='word_1_227' title='bbox 284 3404 318 3464; x_wconf 90' lang='lat' dir='ltr'><strong>et</strong></span> <span class='ocrx_word' id='word_1_228' title='bbox 340 3397 497 3465; x_wconf 88' lang='lat' dir='ltr'><strong>fratribus</strong></span> <span class='ocrx_word' id='word_1_229' title='bbox 522 3394 701 3464; x_wconf 92' lang='lat' dir='ltr'><strong>secundum</strong></span> <span class='ocrx_word' id='word_1_230' title='bbox 725 3397 829 3464; x_wconf 89' lang='lat' dir='ltr'><strong>Deum</strong></span> <span class='ocrx_word' id='word_1_231' title='bbox 854 3394 996 3464; x_wconf 86' lang='lat' dir='ltr'><strong>viderint</strong></span> <span class='ocrx_word' id='word_1_232' title='bbox 1022 3392 1187 3481; x_wconf 89' lang='lat' dir='ltr'><strong>expedire,</strong></span> 
     </span>
     <span class='ocr_line' id='line_1_31' title="bbox 78 3499 1187 3589; baseline 0.001 -23"><span class='ocrx_word' id='word_1_233' title='bbox 78 3499 209 3586; x_wconf 85' lang='lat' dir='ltr'><strong>aliasque</strong></span> <span class='ocrx_word' id='word_1_234' title='bbox 224 3501 410 3589; x_wconf 88' lang='lat' dir='ltr'><strong>Magisterii</strong></span> <span class='ocrx_word' id='word_1_235' title='bbox 426 3503 568 3572; x_wconf 86' lang='lat' dir='ltr'><strong>officium</strong></span> <span class='ocrx_word' id='word_1_236' title='bbox 578 3504 669 3572; x_wconf 87' lang='lat' dir='ltr'><strong>licite</strong></span> <span class='ocrx_word' id='word_1_237' title='bbox 683 3505 718 3572; x_wconf 90' lang='lat' dir='ltr'><strong>in</strong></span> <span class='ocrx_word' id='word_1_238' title='bbox 733 3505 882 3573; x_wconf 90' lang='lat' dir='ltr'><strong>omnibus</strong></span> <span class='ocrx_word' id='word_1_239' title='bbox 893 3522 1054 3588; x_wconf 87' lang='lat' dir='ltr'><strong>exercere,</strong></span> <span class='ocrx_word' id='word_1_240' title='bbox 1075 3501 1187 3568; x_wconf 93' lang='lat' dir='ltr'><strong>iidem·</strong></span> 
     </span>
     <span class='ocr_line' id='line_1_32' title="bbox 77 3611 1189 3699; baseline 0.002 -25"><span class='ocrx_word' id='word_1_241' title='bbox 77 3627 129 3691; x_wconf 91' lang='lat' dir='ltr'><strong>que</strong></span> <span class='ocrx_word' id='word_1_242' title='bbox 150 3613 267 3679; x_wconf 87' lang='lat' dir='ltr'><strong>fratres</strong></span> <span class='ocrx_word' id='word_1_243' title='bbox 292 3611 366 3698; x_wconf 92' lang='lat' dir='ltr'><strong>sibi,</strong></span> <span class='ocrx_word' id='word_1_244' title='bbox 392 3611 560 3698; x_wconf 89' lang='lat' dir='ltr'><strong>Magister,</strong></span> <span class='ocrx_word' id='word_1_245' title='bbox 588 3618 620 3680; x_wconf 92' lang='lat' dir='ltr'><strong>et</strong></span> <span class='ocrx_word' id='word_1_246' title='bbox 645 3613 888 3681; x_wconf 88' lang='lat' dir='ltr'><strong>successoribus</strong></span> <span class='ocrx_word' id='word_1_247' title='bbox 913 3611 994 3699; x_wconf 90' lang='lat' dir='ltr'><strong>ipsis</strong></span> <span class='ocrx_word' id='word_1_248' title='bbox 1016 3611 1132 3679; x_wconf 87' lang='lat' dir='ltr'><strong>devote</strong></span> <span class='ocrx_word' id='word_1_249' title='bbox 1148 3628 1189 3676; x_wconf 89' lang='lat' dir='ltr'><strong>ao</strong></span> 
     </span>
     <span class='ocr_line' id='line_1_33' title="bbox 78 3714 1187 3809; baseline 0.003 -28"><span class='ocrx_word' id='word_1_250' title='bbox 78 3714 227 3787; x_wconf 90' lang='lat' dir='ltr'><strong>humiliter</strong></span> <span class='ocrx_word' id='word_1_251' title='bbox 250 3719 407 3788; x_wconf 88' lang='lat' dir='ltr'><strong>obediant</strong></span> <span class='ocrx_word' id='word_1_252' title='bbox 422 3729 455 3788; x_wconf 90' lang='lat' dir='ltr'><strong>et</strong></span> <span class='ocrx_word' id='word_1_253' title='bbox 470 3719 652 3808; x_wconf 89' lang='lat' dir='ltr'><strong>intendant,</strong></span> <span class='ocrx_word' id='word_1_254' title='bbox 681 3727 713 3789; x_wconf 93' lang='lat' dir='ltr'><strong>et</strong></span> <span class='ocrx_word' id='word_1_255' title='bbox 728 3720 849 3809; x_wconf 90' lang='lat' dir='ltr'><strong>prefati</strong></span> <span class='ocrx_word' id='word_1_256' title='bbox 875 3739 1079 3789; x_wconf 90' lang='lat' dir='ltr'><strong>successores</strong></span> <span class='ocrx_word' id='word_1_257' title='bbox 1095 3724 1128 3785; x_wconf 89' lang='lat' dir='ltr'><strong>et</strong></span> <span class='ocrx_word' id='word_1_258' title='bbox 1142 3723 1187 3804; x_wconf 93' lang='lat' dir='ltr'><strong>tu,</strong></span> 
     </span>
     <span class='ocr_line' id='line_1_34' title="bbox 78 3821 1188 3917; baseline 0.001 -28"><span class='ocrx_word' id='word_1_259' title='bbox 78 3821 229 3910; x_wconf 83' lang='lat' dir='ltr'><strong>Magister,</strong></span> <span class='ocrx_word' id='word_1_260' title='bbox 247 3849 268 3895; x_wconf 90' lang='lat' dir='ltr'><strong>a</strong></span> <span class='ocrx_word' id='word_1_261' title='bbox 284 3827 512 3897; x_wconf 88' lang='lat' dir='ltr'><strong>diffinitoribus</strong></span> <span class='ocrx_word' id='word_1_262' title='bbox 529 3827 674 3917; x_wconf 76' lang='lat' dir='ltr'><strong>Capituli</strong></span> <span class='ocrx_word' id='word_1_263' title='bbox 690 3828 861 3897; x_wconf 79' lang='lat' dir='ltr'><strong>Generalis</strong></span> <span class='ocrx_word' id='word_1_264' title='bbox 877 3827 980 3915; x_wconf 90' lang='lat' dir='ltr'><strong>ipsius</strong></span> <span class='ocrx_word' id='word_1_265' title='bbox 1002 3827 1125 3897; x_wconf 91' lang='lat' dir='ltr'><strong>ordinis</strong></span> <span class='ocrx_word' id='word_1_266' title='bbox 1142 3843 1188 3890; x_wconf 80' lang='lat' dir='ltr'><strong>se</strong></span> 
     </span>
     <span class='ocr_line' id='line_1_35' title="bbox 80 3932 1188 4018; baseline 0.001 -22"><span class='ocrx_word' id='word_1_267' title='bbox 80 3932 200 4003; x_wconf 89' lang='lat' dir='ltr'><strong>omdum</strong></span> <span class='ocrx_word' id='word_1_268' title='bbox 217 3937 342 4006; x_wconf 88' lang='lat' dir='ltr'><strong>ordinis</strong></span> <span class='ocrx_word' id='word_1_269' title='bbox 353 3937 598 4007; x_wconf 90' lang='lat' dir='ltr'><strong>constitutiones</strong></span> <span class='ocrx_word' id='word_1_270' title='bbox 615 3936 762 4006; x_wconf 90' lang='lat' dir='ltr'><strong>eiusdem</strong></span> <span class='ocrx_word' id='word_1_271' title='bbox 772 3937 900 4006; x_wconf 83' lang='lat' dir='ltr'><strong>absolvi</strong></span> <span class='ocrx_word' id='word_1_272' title='bbox 916 3943 949 4004; x_wconf 89' lang='lat' dir='ltr'><strong>et</strong></span> <span class='ocrx_word' id='word_1_273' title='bbox 963 3933 1188 4018; x_wconf 87' lang='lat' dir='ltr'><strong>amoreripos·</strong></span> 
     </span>
     <span class='ocr_line' id='line_1_36' title="bbox 80 4040 1189 4134; baseline -0.001 -29"><span class='ocrx_word' id='word_1_274' title='bbox 80 4040 147 4129; x_wconf 88' lang='lat' dir='ltr'><strong>sitis,</strong></span> <span class='ocrx_word' id='word_1_275' title='bbox 163 4044 358 4113; x_wconf 88' lang='lat' dir='ltr'><strong>auctoritate</strong></span> <span class='ocrx_word' id='word_1_276' title='bbox 374 4046 581 4134; x_wconf 80' lang='lat' dir='ltr'><strong>presencium</strong></span> <span class='ocrx_word' id='word_1_277' title='bbox 596 4047 755 4114; x_wconf 89' lang='lat' dir='ltr'><strong>habentes</strong></span> <span class='ocrx_word' id='word_1_278' title='bbox 771 4053 877 4113; x_wconf 92' lang='lat' dir='ltr'><strong>ratum</strong></span> <span class='ocrx_word' id='word_1_279' title='bbox 893 4051 925 4112; x_wconf 93' lang='lat' dir='ltr'><strong>et</strong></span> <span class='ocrx_word' id='word_1_280' title='bbox 940 4044 1077 4128; x_wconf 85' lang='lat' dir='ltr'><strong>firmum,</strong></span> <span class='ocrx_word' id='word_1_281' title='bbox 1101 4040 1189 4123; x_wconf 82' lang='lat' dir='ltr'><strong>quic</strong></span> 
     </span>
     <span class='ocr_line' id='line_1_37' title="bbox 81 4137 1188 4242; baseline -0.002 -27"><span class='ocrx_word' id='word_1_282' title='bbox 81 4148 146 4232; x_wconf 93' lang='lat' dir='ltr'><strong>quid</strong></span> <span class='ocrx_word' id='word_1_283' title='bbox 162 4173 258 4241; x_wconf 89' lang='lat' dir='ltr'><strong>super</strong></span> <span class='ocrx_word' id='word_1_284' title='bbox 271 4137 444 4242; x_wconf 65' lang='lat' dir='ltr'><strong>&#39;premissis</strong></span> <span class='ocrx_word' id='word_1_285' title='bbox 458 4174 518 4242; x_wconf 92' lang='lat' dir='ltr'><strong>per</strong></span> <span class='ocrx_word' id='word_1_286' title='bbox 535 4161 579 4241; x_wconf 88' lang='lat' dir='ltr'><strong>te,</strong></span> <span class='ocrx_word' id='word_1_287' title='bbox 602 4155 769 4242; x_wconf 88' lang='lat' dir='ltr'><strong>Magister,</strong></span> <span class='ocrx_word' id='word_1_288' title='bbox 796 4153 966 4239; x_wconf 90' lang='lat' dir='ltr'><strong>dictosque</strong></span> <span class='ocrx_word' id='word_1_289' title='bbox 983 4148 1188 4239; x_wconf 87' lang='lat' dir='ltr'><strong>predecesso-</strong></span> 
     </span>
     <span class='ocr_line' id='line_1_38' title="bbox 17 4259 1186 4342; baseline 0 -21"><span class='ocrx_word' id='word_1_290' title='bbox 17 4305 18 4314; x_wconf 41' lang='lat' dir='ltr'><strong>r</strong></span> <span class='ocrx_word' id='word_1_291' title='bbox 81 4275 133 4342; x_wconf 90' lang='lat' dir='ltr'><strong>res,</strong></span> <span class='ocrx_word' id='word_1_292' title='bbox 148 4261 260 4330; x_wconf 90' lang='lat' dir='ltr'><strong>fratres</strong></span> <span class='ocrx_word' id='word_1_293' title='bbox 277 4270 309 4331; x_wconf 92' lang='lat' dir='ltr'><strong>et</strong></span> <span class='ocrx_word' id='word_1_294' title='bbox 324 4263 518 4333; x_wconf 84' lang='lat' dir='ltr'><strong>diffinitores</strong></span> <span class='ocrx_word' id='word_1_295' title='bbox 537 4265 661 4332; x_wconf 87' lang='lat' dir='ltr'><strong>factum</strong></span> <span class='ocrx_word' id='word_1_296' title='bbox 677 4269 709 4331; x_wconf 92' lang='lat' dir='ltr'><strong>et</strong></span> <span class='ocrx_word' id='word_1_297' title='bbox 724 4263 934 4331; x_wconf 81' lang='lat' dir='ltr'><strong>obseruatum</strong></span> <span class='ocrx_word' id='word_1_298' title='bbox 944 4265 995 4328; x_wconf 92' lang='lat' dir='ltr'><strong>est</strong></span> <span class='ocrx_word' id='word_1_299' title='bbox 1009 4259 1186 4342; x_wconf 71' lang='lat' dir='ltr'><strong>hactenus,</strong></span> 
     </span>
     <span class='ocr_line' id='line_1_39' title="bbox 83 4359 1189 4458; baseline 0.002 -30"><span class='ocrx_word' id='word_1_300' title='bbox 83 4379 221 4437; x_wconf 73' lang='lat' dir='ltr'><strong>arcessa</strong></span> <span class='ocrx_word' id='word_1_301' title='bbox 245 4368 305 4438; x_wconf 89' lang='lat' dir='ltr'><strong>tibi</strong></span> <span class='ocrx_word' id='word_1_302' title='bbox 322 4370 505 4456; x_wconf 87' lang='lat' dir='ltr'><strong>exequendi</strong></span> <span class='ocrx_word' id='word_1_303' title='bbox 519 4359 702 4458; x_wconf 84' lang='lat' dir='ltr'><strong>Magisterii</strong></span> <span class='ocrx_word' id='word_1_304' title='bbox 726 4367 877 4454; x_wconf 88' lang='lat' dir='ltr'><strong>officium,</strong></span> <span class='ocrx_word' id='word_1_305' title='bbox 904 4366 1012 4453; x_wconf 90' lang='lat' dir='ltr'><strong>quoad</strong></span> <span class='ocrx_word' id='word_1_306' title='bbox 1027 4363 1189 4452; x_wconf 89' lang='lat' dir='ltr'><strong>premissa</strong></span> 
     </span>
     <span class='ocr_line' id='line_1_40' title="bbox 85 4469 1188 4565; baseline -0.003 -25.174"><span class='ocrx_word' id='word_1_307' title='bbox 85 4475 175 4543; x_wconf 84' lang='lat' dir='ltr'><strong>onnia</strong></span> <span class='ocrx_word' id='word_1_308' title='bbox 189 4485 221 4546; x_wconf 91' lang='lat' dir='ltr'><strong>et</strong></span> <span class='ocrx_word' id='word_1_309' title='bbox 245 4476 315 4546; x_wconf 89' lang='lat' dir='ltr'><strong>alia</strong></span> <span class='ocrx_word' id='word_1_310' title='bbox 330 4478 436 4546; x_wconf 89' lang='lat' dir='ltr'><strong>libera</strong></span> <span class='ocrx_word' id='word_1_311' title='bbox 450 4478 616 4565; x_wconf 84' lang='lat' dir='ltr'><strong>facultate,</strong></span> <span class='ocrx_word' id='word_1_312' title='bbox 641 4478 683 4545; x_wconf 93' lang='lat' dir='ltr'><strong>de</strong></span> <span class='ocrx_word' id='word_1_313' title='bbox 698 4469 834 4546; x_wconf 88' lang='lat' dir='ltr'><strong>fratrum</strong></span> <span class='ocrx_word' id='word_1_314' title='bbox 854 4481 1038 4545; x_wconf 89' lang='lat' dir='ltr'><strong>nostrorum</strong></span> <span class='ocrx_word' id='word_1_315' title='bbox 1053 4471 1188 4541; x_wconf 91' lang='lat' dir='ltr'><strong>oonsilio</strong></span> 
     </span>
     <span class='ocr_line' id='line_1_41' title="bbox 82 4575 1189 4672; baseline 0.005 -30"><span class='ocrx_word' id='word_1_316' title='bbox 82 4575 279 4669; x_wconf 87' lang='lat' dir='ltr'><strong>indulgemus.</strong></span> <span class='ocrx_word' id='word_1_317' title='bbox 296 4585 387 4654; x_wconf 84' lang='lat' dir='ltr'><strong>Nulli</strong></span> <span class='ocrx_word' id='word_1_318' title='bbox 403 4605 481 4672; x_wconf 85' lang='lat' dir='ltr'><strong>ergo</strong></span> <span class='ocrx_word' id='word_1_319' title='bbox 498 4587 631 4656; x_wconf 88' lang='lat' dir='ltr'><strong>omnino</strong></span> <span class='ocrx_word' id='word_1_320' title='bbox 641 4585 808 4656; x_wconf 89' lang='lat' dir='ltr'><strong>hominum</strong></span> <span class='ocrx_word' id='word_1_321' title='bbox 822 4584 922 4653; x_wconf 89' lang='lat' dir='ltr'><strong>liceat</strong></span> <span class='ocrx_word' id='word_1_322' title='bbox 937 4583 1022 4650; x_wconf 86' lang='lat' dir='ltr'><strong>hauc</strong></span> <span class='ocrx_word' id='word_1_323' title='bbox 1032 4580 1189 4668; x_wconf 88' lang='lat' dir='ltr'><strong>pagiuam</strong></span> 
     </span>
     <span class='ocr_line' id='line_1_42' title="bbox 119 4699 1027 4762; baseline -0.001 -5"><span class='ocrx_word' id='word_1_324' title='bbox 119 4715 207 4762; x_wconf 70' lang='lat' dir='ltr'><strong>torua.</strong></span> <span class='ocrx_word' id='word_1_325' title='bbox 223 4723 309 4762; x_wconf 80' lang='lat' dir='ltr'><strong>nunu.</strong></span> <span class='ocrx_word' id='word_1_326' title='bbox 325 4723 395 4760; x_wconf 82' lang='lat' dir='ltr'><strong>ausu.</strong></span> <span class='ocrx_word' id='word_1_327' title='bbox 415 4733 451 4746; x_wconf 92' lang='lat'><em>-</em></span> <span class='ocrx_word' id='word_1_328' title='bbox 471 4725 542 4762; x_wconf 77' lang='lat' dir='ltr'><strong>uma.</strong></span> <span class='ocrx_word' id='word_1_329' title='bbox 561 4716 594 4756; x_wconf 80' lang='lat' dir='ltr'><strong>rr.</strong></span> <span class='ocrx_word' id='word_1_330' title='bbox 988 4699 1027 4756; x_wconf 78' lang='lat'><strong>12</strong></span> 
     </span>
    </p>
   </div>
   <div class='ocr_carea' id='block_1_4' title="bbox 0 0 1621 5188">
    <p class='ocr_par' dir='ltr' id='par_1_4' title="bbox 0 0 1621 5188">
     <span class='ocr_line' id='line_1_43' title="bbox 0 0 1621 5188; baseline 0 0"><span class='ocrx_word' id='word_1_331' title='bbox 0 0 1621 5188; x_wconf 95' lang='lat' dir='ltr'><strong> </strong></span> 
     </span>
    </p>
   </div>
  </div>
 </body>
</html>
