3162 5188
623 339 690 411 333

577 435 620 446 ιι-.
631 439 645 444 ..
651 439 734 450 -.-

78 541 285 630 supradicte
301 544 371 613 Nos
388 543 487 630 igitur
502 543 611 612 uocati
627 549 660 612 et
675 539 787 629 rogati
808 539 852 609 ad
868 537 1034 625 utriusque
1050 537 1155 628 partis
1170 540 1216 606 in·

70 654 256 740 stanciann
283 669 326 720 ne
345 671 444 742 super
458 647 688 737 redempcione
703 650 807 736 pueri,
826 653 859 716 et
874 667 971 734 super
987 654 1076 715 statu
1092 667 1217 734 posses·

70 761 186 827 sionis
201 759 368 828 antedicto
394 779 453 847 per
469 759 657 847 quempiam
683 757 823 825 materia
848 755 938 841 dubij
955 774 1015 824 seu
1034 756 1214 840 questionis

71 867 186 953 possit
201 869 366 954 generari,
394 874 567 955 presentes
592 866 813 935 concessimus
838 866 965 932 litteras
982 863 1086 932 nostri
1111 863 1216 949 sigilli

70 975 269 1060 munimine,
286 982 319 1044 et
333 975 549 1062 apposicione
564 973 769 1059 singulorum
788 972 1007 1061 predictorum
1024 977 1210 1059 procurato·

70 1105 145 1152 rum
164 1082 386 1171 suprascripti
403 1083 561 1171 Capituli,
588 1103 628 1150 ne
643 1082 774 1152 saisitus
793 1080 975 1169 preindicet
991 1080 1133 1166 ueritati,
1160 1080 1214 1148 uel

71 1195 211 1278 equitas
236 1191 398 1261 subdatur
421 1191 599 1278 iniquitati,
623 1210 683 1258 eas
699 1189 849 1258 duximus
877 1189 1024 1258 roborari
1040 1197 1073 1256 et
1091 1188 1215 1276 pariter

73 1301 281 1388 consignari.
303 1301 426 1368 Datum
442 1320 528 1368 anno
546 1298 679 1367 Domini
695 1299 741 1366 M⁰
752 1297 817 1365 00⁰
827 1299 865 1364 L⁰
883 1297 1000 1384 primo.

203 1503 246 1568 (V.
260 1497 354 1554 tstvtn
363 1497 511 1568 lrirdlynulu
528 1499 640 1552 tede-ki
654 1497 816 1566 megerdsltd
830 1495 1088 1565 privilegiumdbdl.)

514 1785 781 1796 .....-.———

617 2231 696 2301 231.

83 2413 280 2481 Asculacae*
300 2412 490 2479 mecaenat
507 2413 774 2501 dhonysciplecele,
798 2413 880 2500 kopp
895 2411 977 2494 Zele,
994 2413 1085 2480 Loca
1108 2437 1217 2480 cornes-
1358 2417 1365 2436 ‘

82 2523 138 2586 usk
155 2523 210 2606 fia
235 2523 378 2608 &conpos
400 2521 606 2608 sdldbs'rtolcot
629 2519 759 2587 Huhold
783 2521 948 2586 moctensi
971 2522 1093 2589 eladott.
1120 2521 1218 2587 1251.

194 2718 328 2787 Blaeius
344 2717 561 2788 miseracione
576 2717 699 2786 Diuina
709 2717 824 2786 Abdus
839 2717 1046 2786 Zaludiensis
1064 2722 1216 2803 totusque

85 2825 234 2894 eiusdem
258 2824 322 2894 loci
338 2827 523 2894 conuentus
542 2825 704 2894 uniuersis
721 2845 857 2913 presens
880 2827 1036 2913 scriptum
1053 2826 1212 2913 inspectu-

85 2934 129 3002 ris
154 2933 329 3004 oraciones
354 2933 389 3001 in
406 2935 558 3004 Domino.
585 2933 637 3000 Ad
662 2935 897 3002 uniuersorum
922 2933 1076 3001 noticiam
1101 2939 1215 3000 tenore

85 3044 292 3129 presencium
320 3043 470 3112 uolumus
493 3041 682 3131 peruenire,
714 3043 802 3127 quod
827 3039 1012 3111 constitutis
1036 3041 1071 3107 in
1102 3047 1215 3108 nostra

86 3151 257 3238 presencia
272 3151 350 3220 Zele
366 3151 434 3220 filio
451 3151 587 3221 Comitis
603 3152 696 3219 Lona
711 3151 753 3218 ab
771 3170 837 3217 una
851 3156 956 3238 parte,
977 3147 1135 3233 Magistro
1151 3149 1217 3216 Ηο-

86 3258 186 3328 holdo
203 3259 269 3326 filio
285 3257 428 3327 Hoholdi
443 3258 486 3326 ab
503 3259 617 3347 ultera,
637 3259 724 3327 idem
740 3257 836 3327 Scele
856 3257 1024 3325 consessus
1040 3262 1100 3342 est,
1127 3256 1214 3339 qnod

87 3373 206 3436 terram
224 3387 319 3434 suurn
336 3368 533 3455 empticium,
556 3367 743 3450 contiguam
758 3365 903 3433 eiusdem
917 3372 1002 3433 terre
1017 3365 1147 3449 Rogata
1161 3385 1217 3433 vo·

88 3483 170 3562 cate,
188 3495 286 3563 quam
302 3481 396 3564 puter
411 3473 506 3542 Scele
521 3494 544 3542 a
558 3473 636 3559 dlijs
651 3473 771 3561 Miluus,
787 3473 939 3557 licutino,
952 3472 1054 3558 Beck,
1075 3474 1215 3542 Lauren·

89 3585 147 3672 cio,
166 3584 252 3672 Olup
269 3589 302 3651 et
318 3583 440 3670 Mykou
456 3583 621 3668 uidelicet,
648 3601 792 3651 necnon
816 3582 884 3651 lilio
903 3582 1082 3650 Alexandri
1107 3582 1216 3651 Poura

89 3693 229 3778 numine,
255 3692 366 3779 precio
392 3698 619 3779 compararat5
645 3696 741 3778 prout
755 3693 789 3758 in
816 3689 990 3777 priuilegio
1009 3690 1138 3758 andree
1155 3692 1216 3758 Dei

91 3801 202 3885 gracia
217 3801 319 3886 Regis
335 3799 503 3887 Hungarie
526 3799 655 3888 plenius
671 3799 866 3886 continetur,
891 3799 1048 3884 Magistro
1064 3795 1216 3869 Hoholdo

90 3910 231 3994 predicto
259 3931 318 3997 pro
344 3909 564 3996 quadraginta
589 3908 709 3978 marcis
733 3907 920 3978 vendidisse
937 3906 1033 3994 (tgp),
1059 3913 1216 3995 perpetuo

91 4025 123 4084 ct
142 4018 407 4088 irreuooabiliter
433 4018 675 4105 possidendum.
700 4017 800 4087 (iuius
826 4025 912 4086 terre
941 4022 1033 4104 mete,
1061 4021 1157 4104 prout
1182 4021 1216 4082 in

91 4124 174 4194 dicto
199 4125 374 4213 priuilegio
389 4124 519 4194 Andree
544 4126 646 4212 Regis
671 4125 865 4211 continetur,
891 4125 955 4193 hcc
969 4123 1081 4192 ordine
1104 4123 1215 4192 distin·

91 4243 219 4316 guntur.
235 4233 346 4304 Prima
361 4231 515 4302 uidelicet
529 4240 617 4302 mets
632 4234 748 4322 incipit
765 4255 787 4301 a
802 4241 896 4322 parte
912 4231 1055 4317 orientis,
1077 4237 1111 4298 et
1124 4230 1217 4300 uadit

92 4343 131 4409 ad
145 4351 274 4431 partem
299 4342 555 4430 meridionalem,
580 4347 615 4410 et
629 4341 675 4410 ibi
691 4342 783 4429 punit
806 4349 927 4410 metum
953 4340 1113 4427 primam3
1140 4338 1215 4406 iude

91 4449 268 4535 regreditur
284 4451 328 4518 ad
342 4471 462 4520 nouam
478 4449 612 4535 curiam,
639 4455 672 4517 et
686 4449 733 4518 ibi
748 4455 962 4518 commetutur
986 4467 1058 4516 enm
1080 4445 1215 4531 eudem;

92 4556 206 4626 dehinc
221 4559 404 4646 regreditur
428 4565 462 4628 et
476 4557 588 4643 uergit
601 4577 661 4645 per
686 4564 790 4626 metas
809 4557 959 4642 signatas
981 4558 1015 4623 iu
1031 4553 1214 4637 arboribus,

91 4671 121 4731 ct
133 4668 285 4754 peruenit
300 4668 344 4736 ud
359 4668 492 4736 fluuium
509 4667 648 4748 Kanisa,
674 4673 708 4734 et
721 4666 905 4734 transuadit
924 4665 1024 4747 illnd3
1051 4664 1125 4730 hinc
1142 4662 1214 4731 diri·
