3210 5194
902 338 1063 440 „Q

415 543 485 605 tate
501 534 798 603 sundistrahuntet
813 537 966 604 slieuent
988 536 1056 602 Nos
1066 542 1177 602 autem
1186 537 1406 621 promittimus
1418 535 1553 624 eydem,

417 642 505 729 quod
521 642 553 708 in
570 641 633 708 hac
657 642 826 710 locaoione
849 661 906 711 eos
931 641 1217 712 manutenebimus
1243 651 1358 712 contra
1377 662 1554 731 quemcun·

417 771 479 836 que
501 757 534 818 et
548 769 769 836 quoscunque,
786 756 818 817 et
834 750 1055 818 defendemus.
1080 749 1197 816 Actum
1214 756 1247 817 et
1262 750 1373 818 dutum
1389 750 1554 836 Strigonij

417 857 451 924 in
466 855 618 923 Ecclesia
634 856 729 922 Beati
745 853 916 923 Adulberti
941 857 974 921 in
999 855 1097 944 pleno
1115 853 1280 943 Capitulo,
1306 877 1392 926 anno
1416 857 1555 925 Domini

418 964 594 1032 millesimo
621 962 844 1031 ducentesimo
860 963 1113 1048 quadragesimo
1129 963 1243 1050 tercio,
1268 984 1381 1032 mense
1397 965 1555 1050 Augusti,

418 1071 452 1137 in
477 1070 561 1139 iesto
576 1070 688 1138 Suneti
704 1071 862 1157 Stephani
877 1071 987 1158 Regis.
1006 1072 1199 1138 Venerabili
1213 1081 1309 1158 patre
1330 1071 1463 1140 domino
1481 1073 1557 1140 Sto

418 1178 528 1266 phano
543 1177 708 1264 Episcopo
723 1178 890 1246 Waciensi
906 1180 1077 1263 existente,
1099 1179 1266 1264 postulato
1282 1199 1321 1246 uc
1337 1185 1558 1265 procuratore

419 1283 651 1370 Strigoniensis
662 1283 819 1369 Ecciesie,
833 1291 866 1351 et
874 1284 1034 1370 Magistro
1044 1285 1172 1352 Achille
1182 1285 1354 1372 Proposito
1370 1286 1556 1370 existente3

418 1393 576 1478 Magistro
593 1393 689 1460 Petro
706 1392 857 1459 canuto.
884 1393 926 1460 lit
941 1393 1019 1478 quia
1045 1393 1189 1477 sigillum
1212 1393 1317 1461 maius
1342 1395 1383 1461 ad
1410 1411 1558 1480 presens

420 1521 486 1568 non
510 1500 680 1583 habemus,
708 1497 853 1583 sigillum
878 1508 1023 1568 nostrum
1039 1501 1146 1568 minus
1172 1500 1377 1588 presentibus
1394 1501 1557 1567 duximus

420 1606 661 1693 apponendum.
686 1608 729 1673 Et
753 1612 789 1672 ut
814 1606 938 1674 eisdem
964 1609 1070 1676 maior
1093 1607 1175 1674 fides
1200 1607 1383 1692 adibeatur,
1408 1607 1557 1694 predicti

419 1713 618 1782 venerahilis
647 1714 752 1798 patris
783 1712 907 1782 domini
939 1715 1098 1799 Stephani
1128 1716 1191 1783 Dei
1223 1716 1337 1801 gracia
1365 1716 1556 1782 Waciensis

420 1823 598 1908 Episcopi,
625 1821 782 1908 postulati
809 1842 848 1889 ac
872 1823 1094 1907 procuratoris
1123 1823 1247 1907 nostri,
1280 1822 1393 1914 sigillo
1417 1823 1558 1890 fecimus

422 1928 581 2010 roborarj.

527 2105 577 2171 (Aa
591 2106 692 2158 eredoti
704 2103 771 2158 utdn
784 2108 880 2158 Knauz
893 2105 1013 2172 Ndndor‚
1026 2108 1142 2174 Magyar
1156 2107 1220 2159 Sion
1233 2108 1269 2159 11.
1281 2109 1339 2160 troo
1353 2109 1414 2158 523.
1428 2105 1461 2172 1.)

956 2901 1014 2969 93.

418 3077 448 3142 A
465 3077 564 3144 trdus·
578 3077 799 3165 bdptulunauk
818 3078 1088 3166 bizonysdpleocla,
1112 3081 1191 3166 bopy
1206 3080 1309 3146 Jduos
1334 3081 1560 3166 Tadbatfia

463 3185 561 3252 ordi-i
576 3184 851 3272 btaotctldttcty
865 3187 1037 3271 oeszprdmi
1047 3184 1249 3271 fdispdnuulc
1268 3185 1383 3250 eludo.
1402 3186 1508 3251 1243.

731 3342 760 3407 A
975 3342 1003 3408 Β
1218 3342 1243 3408 0

523 3518 692 3587 Vniuersis
708 3519 911 3607 presencium
935 3519 1091 3586 noticiam
1106 3519 1268 3587 habituris
1284 3519 1476 3607 Capitulum
1493 3521 1561 3586 lde·

419 3625 518 3692 clesie
535 3626 695 3694 Budensis
712 3629 880 3697 oraciones
897 3627 931 3693 in
947 3627 1087 3694 Domino
1104 3627 1275 3695 salubres.
1298 3626 1561 3694 Possessionum

416 3732 514 3818 tytuli
532 3734 641 3801 multis
654 3755 732 3823 sepe
749 3735 943 3820 calumpniis
953 3735 1237 3822 impugnunoivm3
1256 3735 1348 3820 ipsos
1364 3741 1563 3803 tamennon

416 3838 536 3907 suflicit
552 3861 709 3909 enernare
725 3842 921 3928 calumpnia,
947 3841 977 3907 si
993 3860 1034 3908 ex
1050 3841 1114 3908 lide
1129 3841 1261 3908 testium
1280 3849 1313 3908 et
1328 3841 1445 3926 scripti
1461 3843 1562 3908 testi-

416 3946 527 4014 monio
553 3947 750 4015 obtinuerint
774 3947 971 4015 firmitatem.
997 3948 1138 4016 Proinde
1154 3948 1318 4016 relacione
1339 3949 1561 4032 presencium

415 4053 600 4121 innotescat
624 4054 830 4121 uniuersitati
856 4059 973 4137 vestre,
1002 4052 1089 4140 quod
1114 4055 1298 4121 constitutis
1323 4072 1435 4120 coram
1452 4055 1565 4122 nohis

417 4159 578 4227 Michaele
595 4160 720 4228 Oomite
736 4161 984 4249 wesprimiensi
1001 4163 1044 4227 ah
1059 4181 1124 4228 vna
1139 4170 1244 4248 parte,
1261 4166 1293 4228 et
1308 4161 1465 4228 ‚Iohanne
1484 4161 1564 4229 filio

414 4263 543 4332 Thadei
568 4285 609 4333 ex
625 4269 741 4351 altera,
766 4267 931 4353 predictus
948 4268 1117 4336 lohannes
1142 4269 1219 4336 uiua
1242 4288 1322 4336 voce
1347 4272 1564 4354 protestatus

314 4427 316 4431 .
415 4380 475 4454 est,
502 4373 588 4456 quod
604 4376 770 4458 quandam
786 4375 974 4462 porcionem
990 4385 1075 4444 terre
1091 4395 1149 4442 sue
1169 4374 1377 4458 hereditarie,
1399 4395 1507 4460 quam
1525 4377 1564 4442 in

416 4479 499 4546 ltrdi
514 4481 660 4549 habehat
685 4505 744 4569 pro
759 4489 854 4571 parte
870 4503 940 4568 sua,
967 4490 1000 4550 et
1014 4484 1223 4553 medietatem
1242 4483 1411 4551 cniusdam
1428 4483 1563 4568 insule,

419 4605 483 4670 que
508 4587 615 4672 ipsum
632 4591 800 4675 contingit,
828 4589 1015 4676 supradicto
1031 4591 1183 4659 Michaeli
1203 4589 1321 4658 Comiti
1347 4609 1406 4675 pro
1433 4590 1564 4658 decem
