3186 5188
838 344 993 446 —ms-

354 555 413 620 pro
430 557 488 605 sno
504 556 564 606 usu
588 545 674 604 terra
698 537 818 606 arabili
842 537 1022 628 indigebat,
1049 541 1145 610 iustis
1160 543 1306 612 eiusdem
1331 547 1494 634 preeibns

354 662 548 710 eonsensum
562 643 737 730 prebentes
753 650 787 711 et
807 642 1008 731 sanorem‚et
1022 667 1095 716 enm
1110 649 1244 737 nobisp
1265 687 1302 700 -
1324 687 1362 700 -
1386 689 1424 704 -
1449 692 1494 704 -

358 787 1002 806 -----------
1032 757 1251 844 constitisset,
1276 760 1349 830 sine
1371 781 1500 847 grann-

355 861 441 928 mine
457 857 566 928 (taetri
582 859 727 929 eiusdem
744 867 776 928 et
791 861 1011 934 habitatorum
1032 863 1137 952 ipsius
1152 875 1239 938 terre
1260 873 1388 938 tantm
1412 891 1496 957 por-

354 967 479 1034 cionem
495 966 537 1034 de
552 987 593 1036 ea
604 966 773 1036 commode
789 988 898 1056 perse
913 991 951 1039 oo
971 1009 1425 1028 --------
1449 1014 1493 1027 -

358 1111 394 1124 -
417 1112 453 1124 -
477 1111 513 1124 -
533 1081 689 1162 perpetuo
706 1076 776 1145 iure
801 1077 952 1148 duximus
967 1081 1208 1154 conterendam.
1234 1085 1272 1154 In
1288 1086 1381 1155 enine
1400 1092 1494 1155 terre

353 1183 595 1270 possessionem
605 1185 823 1271 temporalem
839 1206 897 1276 per
913 1190 1052 1260 eundem
1069 1193 1270 1280 Stephanum
1286 1195 1492 1284 Palatinum,

354 1292 499 1360 ludieem
515 1290 732 1361 Curienoetre
751 1330 1206 1350 --------
1225 1301 1323 1370 nullis
1338 1323 1491 1389 unquam

353 1399 554 1486 temporibus
569 1419 629 1487 per
643 1402 832 1488 quempiam
846 1404 881 1471 in
896 1405 1023 1476 irritum
1043 1408 1154 1478 valeat
1169 1411 1339 1478 retraetari
1360 1413 1394 1478 in
1411 1433 1491 1499 per·

353 1515 484 1593 petuam
509 1507 556 1575 rei
581 1507 862 1580 confirmacionem
886 1519 1056 1598 presentes
1084 1552 1421 1568 ------
1440 1555 1488 1570 —

357 1651 631 1666 -----
659 1637 746 1685 enno
771 1619 902 1688 Domini
918 1621 1216 1711 noemma
1240 1626 1346 1712 Regni
1372 1634 1489 1696 autem

353 1724 453 1792 nostri
468 1745 554 1793 anno
579 1723 781 1795 duodecimo.

420 1923 477 1990 (IV.
491 1922 559 1977 Belo
571 1921 716 1992 hirhlynah
731 1925 842 1979 rant-tn
855 1926 1016 1996 megerbsitti
1029 1926 1219 1997 otrmdnybbbb
1232 1934 1302 1985 mint
1313 1931 1420 2001 altbh.)

884 2747 958 2818 154.

354 2949 413 3014 ιν.
432 2949 509 3014 nora
526 2921 635 3034 'erup
656 2947 695 3032 uj
713 2947 801 3035 ceap
816 2954 895 3014 osu
911 2948 1014 3032 soror
1038 2950 1162 3017 umor
1180 2951 1293 3018 muros
1310 2973 1408 3016 como
1417 2952 1484 3036 fia-

695 3055 757 3121 auJe
775 3057 1017 3144 adomdayozza.
1036 3055 1134 3126 1247.

473 3255 554 3322 Bela
574 3253 636 3320 Dei
656 3253 770 3338 graeia
786 3252 964 3338 Hungarie,
984 3253 1168 3342 Dalmaeie,
1194 3253 1341 3342 Groneia,
1366 3255 1484 3336 Romo,

349 3363 472 3446 Seruio,
490 3360 640 3447 Gallieie,
657 3360 861 3446 Lodomerie,
877 3359 1095 3448 (inmaniaque
1104 3363 1175 3430 Rex
1183 3360 1348 3430 uniuersis
1357 3359 1485 3430 Christi

350 3467 501 3536 fidelibus
509 3487 646 3553 presens
660 3467 815 3556 seriptum
828 3469 1023 3556 inspecturis
1039 3470 1221 3538 salutemet
1236 3489 1332 3538 omne
1346 3469 1482 3536 bonnm.

351 3575 480 3654 Quanto
496 3576 630 3664 Regalis
649 3578 860 3665 prouideneia
875 3584 1001 3647 eeteros
1016 3579 1165 3668 praeellit
1188 3579 1322 3648 raeione
1340 3579 1481 3664 dignita-

350 3682 402 3769 tis,
426 3690 517 3752 tanto
534 3703 575 3752 ea
598 3704 661 3770 que
685 3705 743 3772 per
767 3703 906 3754 examen
930 3684 1041 3771 indieij
1059 3684 1164 3772 ipsius
1188 3683 1250 3754 rite
1274 3705 1315 3751 ae
1339 3682 1483 3772 prunido

350 3791 574 3879 disponuntur,
595 3793 726 3860 firmiori
742 3791 863 3861 debent
877 3792 993 3862 robore
1015 3791 1167 3878 stabilirj.
1190 3791 1330 3862 Proinde
1346 3790 1389 3860 ad
1406 3793 1478 3860 uni-

349 3917 517 3970 uersorum
542 3901 697 3970 notioiam
713 3902 885 3989 peruenire
909 3902 1059 3971 nolumus
1083 3900 1289 3988 preseneinm
1305 3921 1364 3987 per
1389 3908 1479 3968 teno-

348 4029 427 4095 rem,
444 4009 531 4096 qnod
548 4029 620 4076 enm
637 4031 697 4079 nes
713 4011 747 4076 in
764 4010 1104 4098 reeompensaeionem
1115 4007 1283 4078 fidelitatis
1299 4014 1332 4078 et
1346 4007 1480 4094 sernieij

348 4117 479 4186 Beoend
504 4117 639 4187 Comitis
660 4117 718 4206 filij
734 4118 873 4206 Nioolai,
897 4119 954 4203 qni
979 4124 1113 4207 propter
1127 4117 1299 4188 innumera
1325 4115 1480 4186 uirtutum

347 4225 466 4293 merita
490 4245 600 4295 eoram
636 4226 740 4294 oeulis
764 4233 875 4295 nostre
900 4225 1084 4294 Maiestatis
1110 4224 1228 4294 meruit
1257 4222 1483 4293 eommendari

348 4353 388 4400 ex
414 4331 585 4420 condigno,
612 4333 776 4420 quandam
802 4345 921 4404 terram
946 4336 1077 4405 nomine
1103 4333 1230 4421 Wyoap
1257 4334 1291 4402 in
1313 4331 1479 4402 Gemitatn

347 4441 584 4510 Trinehiniensi
601 4444 803 4528 existentem,
823 4444 886 4512 sibi
901 4463 1008 4531 anper
1024 4443 1178 4513 eumenis
1195 4439 1374 4509 heredibus
1389 4441 1480 4508 here·

347 4548 488 4634 dumque
498 4553 741 4623 suecessoribus
752 4554 961 4621 duxissemus
971 4559 1128 4640 perpetuo
1137 4547 1381 4633 eonferendam3
1389 4567 1481 4616 aere-

347 4657 499 4731 dentibus
515 4659 723 4745 postmodnm
740 4661 783 4728 ad
799 4660 1004 4747 presenciam
1020 4667 1167 4728 nostram
1187 4655 1358 4727 saeerdote
1375 4655 1479 4724 Rach-
