3226 5194
880 887 957 955 370.

352 1069 382 1134 A
401 1071 547 1135 celaveri
561 1069 746 1135 koueeatnelr
763 1070 1029 1156 biaonysdfieuele,
1053 1071 1134 1156 hoqy
1150 1069 1266 1155 Lepcne
1284 1072 1363 1131 nemi
1381 1066 1494 1132 toret.

599 1177 714 1244 Hohclt
728 1178 892 1242 meatorum
907 1179 1117 1244 statudltutctt.
1134 1179 1232 1242 1259.

458 1373 529 1440 Nos
544 1372 674 1439 Blasius
691 1372 904 1440 miseracione
920 1372 1042 1439 Diuina
1057 1373 1171 1438 Abbas
1196 1372 1235 1438 de
1251 1373 1335 1439 Zala
1351 1371 1491 1437 uniuer-

351 1480 397 1549 sis
413 1480 456 1548 ad
473 1501 554 1566 quos
574 1487 740 1567 presentes
757 1481 864 1548 littere
881 1479 1071 1568 peuenerint
1092 1482 1232 1547 salutem
1249 1481 1282 1545 in
1299 1497 1378 1546 uero
1395 1479 1490 1544 salu-

351 1591 425 1656 tari.
441 1591 669 1676 Signifieamus
681 1589 887 1656 uniuersitati
904 1595 1022 1674 cestre,
1040 1589 1128 1673 qued
1139 1590 1327 1656 mandatnm
1338 1585 1489 1655 Iilnstris

352 1697 473 1764 domini
488 1697 567 1765 Bele
583 1695 683 1782 Regis
700 1695 868 1782 Hungaric
882 1697 915 1762 in
931 1697 1048 1764 litteris
1064 1696 1247 1783 recepimus
1264 1695 1297 1762 in
1312 1696 1399 1763 hunc
1417 1715 1487 1760 mo·

351 1804 438 1891 dum,
463 1812 498 1871 ut
512 1805 632 1872 iremus
648 1823 745 1891 snper
771 1809 891 1870 terram
906 1805 1047 1890 Legene,
1074 1825 1172 1888 qnam
1189 1804 1374 1870 Demetrius
1395 1802 1487 1869 filius

351 1913 518 1998 Salomenj
535 1911 678 1996 tenebat,
696 1917 728 1977 et
744 1912 934 1980 conuocatis
951 1913 1068 1978 uicinis
1079 1917 1112 1979 et
1128 1910 1362 1980 commetaneis
1381 1929 1486 1996 super

352 2021 473 2088 dietam
487 2025 619 2106 terram,
645 2021 672 2088 si
689 2019 943 2089 contradictores
959 2043 1023 2089 nen
1040 2020 1214 2104 extiterint,
1231 2022 1336 2108 ipsam
1358 2025 1485 2085 terram

351 2129 509 2212 Magistro
524 2127 647 2196 Hoholt
670 2133 896 2196 statueremus.
922 2131 964 2197 Et
981 2150 1052 2197 cum
1067 2131 1101 2196 in
1117 2130 1289 2214 assignato
1308 2127 1361 2195 die
1379 2127 1486 2194 emni-

351 2236 412 2303 bus
428 2235 545 2303 uicinis
561 2243 594 2302 et
609 2237 840 2304 commetaneis
858 2259 956 2325 super
971 2239 1077 2324 ipsam
1093 2246 1212 2304 terram
1229 2235 1482 2318 exhistentibus,

351 2343 445 2409 nobis
462 2350 494 2409 et
508 2342 702 2428 Magistrum
719 2345 759 2410 Η.
777 2345 1000 2412 contradicere
1017 2366 1081 2413 non
1098 2344 1318 2430 intenderent,
1335 2363 1397 2409 nec
1412 2343 1481 2409 uel-

350 2451 437 2537 lent,
463 2471 523 2518 nos
540 2457 752 2518 memoratam
769 2459 890 2518 terram
908 2458 1061 2539 precepto
1083 2451 1225 2519 Illustris
1240 2451 1340 2534 Regis
1357 2451 1395 2515 B.
1414 2457 1481 2516 sta·

353 2559 470 2626 tuimur
486 2559 645 2645 Magistro
661 2559 701 2626 Η.
717 2559 750 2626 in
766 2570 958 2647 perpetuum
982 2560 1227 2649 possidendam.
1252 2561 1375 2627 Datum
1393 2578 1481 2625 anno

352 2667 463 2751 gracie
479 2669 525 2734 Μο
536 2665 601 2733 00⁰
612 2667 730 2734 L⁰IX⁰.

352 2861 492 2938 (Bradetia
503 2863 678 2936 berhtaytn.
692 2882 709 2918 a
722 2867 794 2933 rajta
808 2867 893 2932 fdggd
907 2865 997 2932 pecode
1010 2869 1181 2922 stromateo
1198 2867 1279 2920 budai
1294 2867 1344 2916 hir.
1357 2865 1481 2916 kamarai

798 2953 985 3024 lcvdltrirban.)

781 3236 1044 3252 ss*-

880 3717 958 3786 atr.

353 3890 374 3958 l
379 3891 412 3958 V.
436 3893 519 3962 Bato
542 3895 707 3984 leirdtpaak
733 3896 916 3966 Glamre‘oku
944 3901 1079 3968 birtokcit
1108 3906 1259 3989 tdrppaeo'
1289 3902 1473 3990 udomdnpu,

633 4005 801 4072 Perediam
817 4029 914 4072 comas
929 4010 1084 4074 ειάηιάνα.
1100 4013 1198 4076 1260.

461 4199 542 4266 Bcia
565 4200 628 4266 Dei
653 4199 767 4286 gracia
792 4199 968 4286 Hungaric,
989 4203 1170 4289 Dalmaeie,
1197 4205 1344 4290 Oroacie,
1365 4209 1469 4290 Rame,

351 4304 473 4388 Seruie,
491 4306 638 4390 Gallicie,
657 4305 857 4392 Lodomerie,
876 4307 1096 4394 Cumanicquc
1111 4313 1180 4378 Rex
1197 4311 1469 4382 omnibuschristi

351 4408 502 4480 fidelibus
529 4419 710 4500 presentem
726 4415 881 4502 paginam
909 4417 1106 4504 inspecturis
1131 4420 1270 4486 salutem
1286 4419 1320 4486 in
1336 4425 1469 4490 omnium

352 4518 528 4587 calcatore.
543 4521 660 4608 Regali
675 4522 809 4609 dignum
826 4531 876 4593 cst
892 4533 924 4592 et
934 4526 1125 4613 expediens,
1143 4529 1191 4594 cis
1208 4528 1312 4613 quiin
1329 4527 1468 4612 seruicijs

353 4623 526 4695 dominicis
542 4634 576 4698 et
591 4629 797 4721 obsequiosis
822 4631 1034 4706 famulatibus
1055 4655 1091 4705 se
1108 4644 1267 4724 exercent,
1294 4637 1466 4705 munificen-
