3168 5186
841 923 920 994 308.

330 1111 447 1180 Tantos
461 1113 598 1177 kalocaoc'
620 1111 702 1175 e'rselr
715 1116 746 1174 e's
761 1110 862 1174 tdraua'
886 1111 965 1172 mint
982 1106 1132 1172 lublldou
1156 1105 1273 1190 lsrolyi
1296 1104 1446 1170 birdlrnok

325 1221 474 1302 Zoenoe,
497 1245 517 1285 α
542 1220 684 1304 Bodroga'
707 1219 823 1284 verbor
847 1219 966 1282 lartozd
990 1215 1124 1280 birtolrru
1150 1214 1314 1278 oouotloro
1342 1214 1446 1278 idlae.

839 1323 935 1389 1256.

432 1523 501 1591 Nos
517 1521 661 1592 Thomas
677 1523 738 1589 Dei
756 1521 868 1607 gracia
878 1522 1150 1609 Archiepisccpus
1166 1520 1361 1605 colocensis,
1382 1522 1447 1589 Oli-

325 1633 436 1700 uerius
451 1631 567 1699 eadem
583 1634 698 1718 gracia
708 1631 890 1718 Episcopus
907 1628 1104 1714 Sirmiensis,
1122 1638 1154 1696 et
1163 1629 1312 1697 Andreas
1329 1629 1447 1698 Comes

325 1741 515 1809 Baehiensis
531 1741 751 1824 significamus
776 1745 960 1824 presentem
976 1738 1170 1824 inspecturis
1189 1739 1341 1824 litteram,
1358 1737 1446 1824 quod

325 1870 397 1918 cum
412 1851 572 1920 Roraldus
582 1851 764 1933 Palatinus,
781 1847 897 1916 Comes
913 1850 1131 1936 Posonieusis,
1148 1870 1189 1918 ex
1205 1849 1341 1937 speciali
1357 1869 1448 1916 man·

326 1958 403 2026 dato
420 1957 541 2025 domini
557 1959 636 2024 Bele
651 1956 791 2025 illustris
807 1959 905 2042 Regis
922 1957 1075 2042 ungarie,
1099 1965 1284 2025 castrenses
1300 1977 1321 2023 e
1337 1963 1447 2025 castm

324 2066 468 2152 Budrug,
485 2075 518 2134 et
533 2073 636 2134 terras
655 2069 755 2134 castri
774 2063 917 2133 indebite
936 2067 1098 2133 alienatas
1113 2071 1288 2152 reuocaret,
1315 2073 1348 2133 et
1363 2067 1449 2133 iuter

325 2181 432 2243 cetera
457 2181 577 2242 terram
593 2177 736 2258 Zouunc,
764 2194 826 2259 que
843 2177 942 2242 castri
959 2173 999 2241 de
1017 2174 1150 2262 Budrug
1163 2176 1233 2261 luit,
1260 2181 1292 2242 et
1307 2177 1446 2243 eandem

324 2282 511 2350 Alexander
535 2285 621 2352 lilius
640 2283 774 2351 Comitis
791 2283 948 2350 Deninius
965 2301 1004 2348 ex
1028 2282 1208 2351 donacione
1225 2286 1368 2370 gloriose
1385 2305 1447 2351 me-

325 2391 427 2458 morie
444 2393 543 2475 Regis
559 2391 730 2459 colomani
745 2391 946 2479 possederat,
973 2397 1081 2457 castro
1098 2392 1231 2477 Budrug
1248 2393 1446 2460 restituisset

325 2500 509 2586 antedict03
536 2506 752 2585 conquerente
777 2499 923 2586 predicto
939 2503 978 2566 A.
996 2500 1096 2583 Regie
1113 2499 1332 2585 Excellencie,
1358 2499 1447 2570 idem

324 2607 473 2674 domiuus
488 2607 524 2673 B.
534 2608 603 2674 Rex
620 2607 906 2694 supranominatus
921 2606 1015 2674 uobis
1032 2606 1122 2674 dedit
1140 2607 1273 2692 firmiter
1287 2627 1348 2693 per
1363 2608 1450 2674 lible-

324 2737 379 2785 ras
396 2720 429 2784 in
446 2717 619 2800 mandatis,
645 2723 814 2784 ulterram
831 2718 943 2784 llll-or
959 2726 1139 2784 aratrorum
1166 2717 1309 2785 deterre
1325 2737 1447 2805 preno-

324 2827 457 2911 minata,
485 2844 664 2912 superque
681 2825 914 2891 monasterium
939 2823 1085 2891 eiusdem
1101 2827 1277 2895 Alexandri
1298 2827 1359 2895 luit
1376 2847 1448 2896 con-

326 2943 492 3019 structum,
509 2933 654 3021 predicto
665 2934 704 3000 A.
716 2932 931 3000 mensurando
944 2941 977 2999 el
992 2935 1088 3002 certis
1099 2935 1194 3001 metis
1214 2936 1447 3005 circumdatam

324 3046 495 3114 restituere
520 3042 677 3112 debemus
701 3044 936 3131 perpetualiter
961 3042 1202 3130 possidendam.
1229 3047 1348 3113 Verum
1369 3049 1449 3130 quia

323 3157 426 3240 Regio
437 3153 590 3222 mundato
603 3172 770 3220 occurrere
786 3153 967 3237 debuimus,
983 3160 1019 3218 ut
1030 3152 1176 3238 decebat,
1194 3153 1312 3221 dictam
1325 3165 1448 3223 terram

323 3265 437 3331 IIHor
455 3265 635 3329 aratrorum
661 3281 681 3327 a
705 3260 801 3328 terris
826 3260 903 3327 dieti
920 3259 1019 3326 castri
1042 3281 1101 3346 per
1127 3267 1232 3327 metas
1257 3269 1449 3350 separatam

325 3387 403 3456 sepe
420 3369 506 3438 dicto
516 3365 554 3434 Α.
572 3369 744 3436 statuimus
759 3368 792 3434 iu
807 3387 889 3454 pace
904 3372 1060 3454 perpetuo
1072 3367 1304 3454 possidendam
1318 3397 1326 3456 ;
1348 3371 1449 3439 bomi-
1573 3390 1574 3422 1

328 3476 423 3544 nibus
447 3477 568 3544 nostris
583 3476 801 3564 presentibus,
827 3474 980 3542 videlieet
996 3475 1171 3560 Demetrio,
1195 3476 1330 3545 Andrea
1346 3485 1378 3545 et
1394 3481 1448 3548 Jo-

326 3583 443 3668 banne,
461 3605 500 3650 uc
517 3585 633 3652 ceteris
644 3585 878 3670 jobagiouibus
894 3585 994 3651 castri
1009 3584 1209 3673 Baehieusis,
1234 3587 1290 3672 qui
1306 3589 1448 3656 eandem

324 3699 445 3759 terram
472 3693 506 3759 in
523 3712 653 3760 causum
678 3699 857 3779 traxerant,
874 3693 1026 3760 uidelicet
1042 3693 1160 3779 Petku,
1186 3695 1359 3782 Septimus,
1384 3699 1448 3784 ay-

327 3821 418 3891 necc,
435 3801 529 3868 Ruda
545 3800 743 3868 etGereone.
760 3801 802 3867 ut
816 3807 853 3866 vt
867 3799 936 3886 hee,
954 3821 1016 3885 quc
1032 3820 1090 3888 per
1104 3822 1164 3870 nos
1180 3812 1255 3871 acta
1272 3816 1357 3895 snnt,
1374 3827 1447 3892 per-

326 3910 502 3995 petualiter
526 3911 659 3976 ualeant
683 3907 833 3995 stabiliri,
860 3909 987 3977 litteras
1003 3917 1132 3978 nostras
1157 3913 1306 3982 dedimus
1326 3917 1448 3987 uostris
1502 3943 1505 3950 ·

324 4017 446 4104 sigillis
462 4019 637 4086 firmantes.
657 4016 750 4085 Anno
766 4017 877 4102 gracie
892 4019 937 4084 Mu
947 4017 1013 4084 00⁰
1023 4019 1061 4086 [θ
1077 4021 1143 4088 Vl⁰.

324 4217 462 4284 (Eredelie
474 4213 648 4284 blirlrtrtydn,
668 4232 685 4268 a
697 4213 797 4281 hdrom,
811 4218 967 4271 leulonulon
980 4220 1065 4288 tuggo
1077 4221 1170 4289 peesdt
1188 4224 1270 4276 lrtlalil
1284 4226 1360 4280 kettd
1373 4231 1445 4284 slve·

338 4315 403 4371 nott,
424 4325 442 4361 a
453 4307 650 4361 barmsdilrnak
664 4308 729 4360 crak
742 4305 870 4360 tureddlre
881 4323 933 4360 usn
946 4325 1025 4376 meg3
1048 4326 1064 4364 a
1077 4310 1149 4363 mdlt.
1164 4311 1228 4366 etro
1241 4315 1336 4386 Rdray
1349 4319 1444 4373 caaldd

778 4395 981 4468 lerdltdrdban.)

744 4621 1005 4636 m·—
