3186 5188
908 377 1061 478 Ei...

420 579 579 660 sectores,
595 580 716 640 terram
731 571 853 658 limsr,
870 581 902 642 et
927 579 1046 642 terram
1072 592 1136 657 que
1162 580 1297 642 uocatur
1313 575 1450 660 llsgns
1464 571 1567 658 Uilla,

421 701 442 746 a
458 686 565 748 castro
581 680 740 750 Suoboleh
763 686 944 772 exemptae,
969 687 1002 749 et
1016 688 1136 749 terram
1152 683 1236 768 Goa,
1252 701 1316 767 qne
1330 681 1397 750 fuit
1409 679 1567 767 jobsgio

421 808 498 856 num
515 785 614 854 castri
630 787 785 874 ciusdem,
807 787 962 857 uidelicet
975 789 1146 858 Michaelis
1156 791 1336 876 ctllorout
1352 789 1485 874 quibus
1495 787 1566 855 sine

420 895 541 963 herede
557 893 721 963 defunctis
736 895 779 962 ad
795 915 911 964 manus
927 903 1056 966 nostras
1066 896 1156 964 diets
1164 902 1252 963 terra
1262 896 1370 964 extitit
1380 895 1564 980 denolnta3

421 1005 481 1073 has
494 1022 608 1073 omnes
632 1003 667 1068 in
692 999 855 1072 comitatu
872 1001 913 1070 de
933 1005 1092 1073 Suebolelr
1118 1005 1296 1072 existentes
1312 1003 1424 1072 eidem
1444 999 1564 1070 (tomis

420 1111 586 1198 Stephano
602 1110 710 1177 Judiai
726 1109 810 1177 Aule
822 1116 944 1197 nostre,
960 1115 993 1177 et
1013 1131 1073 1197 per
1088 1131 1162 1179 sum
1177 1110 1246 1179 suis
1262 1110 1446 1180 heredibus
1463 1115 1500 1176 et
1514 1110 1565 1177 he

420 1218 534 1286 redum
549 1218 792 1287 successoribus
817 1218 1012 1286 contulimus
1036 1225 1069 1286 et
1093 1218 1290 1287 conterimus
1309 1219 1564 1306 inperpetuum

419 1327 516 1414 pleno
532 1325 613 1393 iure.
637 1326 675 1392 ln
699 1344 835 1411 quarum
858 1326 1101 1412 possessionem
1126 1328 1328 1416 corporalem
1347 1323 1564 1415 perfidelem

423 1439 567 1503 nostrum
583 1432 688 1501 Kcled
701 1434 804 1502 filium
818 1433 906 1502 Petri
921 1435 1029 1523 ipsum
1050 1435 1186 1504 fecimus
1199 1435 1371 1505 introduci.
1387 1435 1446 1502 Ne
1462 1433 1562 1520 igitur

422 1542 510 1609 ldem
524 1543 559 1610 S.
585 1540 700 1610 Comes
724 1543 778 1610 uel
802 1562 863 1610 suu
886 1545 1063 1631 posteritas
1081 1551 1261 1633 temporum
1277 1544 1446 1612 cuniculo
1464 1559 1563 1626 super

423 1651 517 1718 terris
533 1649 656 1720 eisdem
672 1670 731 1739 per
744 1653 932 1739 qnempiam
947 1651 1121 1737 inquietari
1135 1655 1257 1737 calcet,
1277 1670 1333 1721 seu
1344 1651 1560 1736 aliquatenus

423 1759 600 1848 molestari,
615 1766 786 1846 presentes
800 1761 835 1828 in
850 1767 1043 1849 perpetuam
1066 1761 1278 1830 stabilitatem
1292 1759 1494 1828 donacionis
1509 1775 1560 1824 no

424 1873 490 1936 stre
505 1867 700 1937 tradidimus
725 1868 851 1937 litteras
878 1869 913 1936 in
941 1876 1133 1958 perpetuum
1157 1869 1364 1957 priuilegium
1389 1864 1559 1954 dupplieis

423 1975 525 2060 sigilli
548 1977 651 2045 nostri
676 1977 851 2045 munimine
875 1978 1057 2048 roboratas.
1085 1981 1207 2046 Datum
1231 1979 1324 2046 iuxta
1347 1977 1436 2044 Bors
1461 1991 1558 2061 super

424 2083 570 2150 Granum
585 2103 670 2153 anno
686 2083 856 2153 Dominiee
879 2085 1122 2155 Incaruseienis
1141 2085 1315 2156 millesime
1330 2082 1557 2153 ducentesimo

424 2189 627 2276 XL⁰quintn

423 2405 566 2474 (Eredetie
580 2405 753 2477 bethsayda.
766 2410 879 2476 melyrdl
888 2407 1131 2478 sirus-violentus
1141 2411 1368 2478 selysmssinoron
1377 2425 1397 2462 a
1409 2408 1507 2480 pectit
1517 2414 1552 2462 td

623 2496 722 2554 roecke
735 2499 810 2570 fflgg,
831 2515 848 2552 a
861 2501 943 2556 budsi
956 2501 1008 2554 ldr.
1022 2502 1147 2556 lamanai
1160 2497 1352 2568 levtltdrban.)

479 3583 501 3649 1
506 3583 539 3649 V.
556 3585 637 3651 Bata
651 3588 825 3674 oseqerdsits'
843 3585 931 3652 Trou
944 3587 1034 3670 odrae
1049 3585 1240 3672 ezobadadqs'
1254 3585 1384 3651 outaot
1400 3579 1499 3648 1245.

530 3799 571 3865 In
586 3800 715 3869 nomine
731 3799 852 3869 Sancte
871 3801 1043 3870 Trinitatis
1060 3808 1093 3869 et
1107 3796 1281 3868 Indiuidua
1295 3797 1451 3868 Unitetie.
1469 3792 1547 3862 Bele

424 3908 488 3976 Dei
497 3909 612 3994 gracia
621 3907 800 3994 Hungarie‚
817 3915 878 3976 etc.
889 3910 1031 3978 Rsxste.
1047 3907 1101 3976 Ad
1108 3908 1260 3976 notitiam
1270 3906 1370 3992 igitur
1384 3904 1546 3972 uniuerso·

424 4036 496 4084 rum
506 4015 705 4102 presentium
717 4016 802 4084 serie
816 4015 966 4084 volumus
979 4017 1159 4104 peruenire,
1171 4013 1341 4097 quodcum
1358 4009 1473 4080 arduis
1482 4006 1545 4094 qui·

424 4123 563 4194 bnsdam
584 4123 718 4212 impulsi
736 4124 879 4212 negotijs
899 4123 943 4193 ad
961 4131 1072 4211 partes
1097 4121 1352 4192 accessissemus
1371 4119 1546 4186 maritimas

424 4233 605 4318 tractaturi,
617 4251 703 4320 quae
712 4251 834 4302 causas
844 4232 985 4319 qualitas
995 4239 1027 4301 et
1037 4229 1180 4301 conditio
1190 4227 1344 4317 temporis
1354 4227 1546 4313 requirebat,

424 4348 457 4408 et
466 4342 510 4408 ad
519 4341 683 4410 ciuitatem
692 4348 836 4409 nestram
849 4339 1002 4427 Tragurij
1014 4340 1232 4425 venissemus;
1248 4335 1447 4405 venerabilis
1463 4339 1546 4423 pater

424 4449 803 4537 Treguanusllpiscopus
814 4446 1289 4535 ipsiustliuitatisparitercum
1300 4442 1547 4530 succlamante

423 4578 489 4627 non
504 4557 609 4626 fidelis
624 4563 734 4627 noster
750 4557 896 4626 Ghmnoe
920 4555 1081 4624 Carbonis
1099 4555 1217 4624 Rector
1235 4559 1269 4622 et
1283 4551 1392 4622 ludex
1409 4557 1443 4620 et
1458 4549 1545 4618 ciues

424 4663 574 4735 uniuersi
588 4663 778 4738 fidelitatem
794 4662 1001 4736 reddolentes
1019 4661 1250 4751 omnimodam,
1268 4664 1545 4750 qusmstempore
