3210 5194
864 327 1021 430 ,tm

378 521 494 607 oensis,
520 531 551 589 ct
567 543 649 590 uror
666 524 732 590 Bas
748 524 883 590 Comitis
898 524 1117 609 personaliter
1142 545 1214 591 oum
1230 524 1297 594 lilio
1320 547 1378 593 sno
1395 525 1509 611 Gbalr,

378 649 417 694 ac
442 630 629 717 Capitulum
655 632 827 716 prelatum,
853 633 992 700 anobis
1017 633 1177 700 instanter
1203 635 1390 719 petierunt:
1414 641 1449 701 nt
1475 636 1509 702 si

377 744 522 822 possent,
548 739 632 806 iuter
647 760 682 808 so
702 747 779 806 ante
805 760 965 826 responsa
989 742 1120 809 testium
1136 761 1267 809 suorum
1290 742 1508 828 composicio·

376 865 450 911 nem
475 846 697 914 reformarent.
724 849 879 916 Admisso
894 855 1002 917 autem
1019 871 1131 918 eorum
1156 851 1329 936 peticione,
1350 858 1416 918 tarn
1432 852 1505 917 bla-

376 953 477 1036 gister
501 954 685 1024 Demetrius
709 977 781 1022 oum
808 957 885 1043 slijs
911 957 1146 1043 prenominatis
1172 957 1377 1042 bominibus,
1400 979 1506 1040 quam

376 1059 572 1146 Capitulum,
597 1064 640 1132 ad
660 1083 720 1131 nos
746 1066 928 1150 redeuntes,
956 1066 1117 1149 dixerunt,
1143 1066 1243 1132 talem
1266 1064 1352 1134 inter
1376 1085 1412 1132 se
1436 1065 1504 1132 for-

375 1188 483 1235 masse
507 1170 788 1256 composicionem,
813 1179 849 1238 nt
865 1174 898 1240 in
922 1173 985 1238 lide
1001 1180 1033 1238 ct
1058 1171 1223 1240 intellectu
1250 1191 1309 1238 sex
1332 1172 1505 1239 bominum

374 1277 693 1362 comprouiuoialium
710 1281 842 1347 deberet
856 1281 1009 1349 satisfieri
1020 1281 1147 1366 utrique
1163 1281 1265 1366 parti;
1282 1300 1420 1364 quorum
1435 1299 1501 1346 sex

375 1385 539 1454 bominum
553 1393 620 1454 tres
636 1387 821 1474 Capitulum
838 1388 936 1456 debet
951 1388 1122 1473 adducere,
1140 1387 1294 1456 videlicet
1313 1387 1502 1455 Achilloum

375 1498 407 1558 ct
421 1494 508 1560 Deos
525 1494 566 1561 de
590 1515 711 1580 genere
726 1498 880 1580 Hermon,
906 1503 939 1562 et
955 1495 1022 1562 Jak
1037 1495 1080 1562 dc
1093 1513 1212 1580 genere
1227 1495 1315 1580 latr,
1333 1503 1401 1562 tres
1416 1514 1502 1564 nero

373 1599 432 1685 filij
449 1600 534 1668 Pons
559 1608 591 1668 et
606 1601 740 1671 Comitis
756 1604 834 1688 Bas,
861 1602 985 1670 scilicet
1010 1604 1124 1688 lludry
1143 1602 1243 1668 tilium
1270 1601 1416 1687 Boebolr,
1437 1603 1502 1670 Zu-

374 1707 448 1774 dam
465 1714 497 1775 et
512 1708 632 1777 Sebum
658 1708 699 1776 de
715 1727 837 1794 genero
852 1709 935 1794 latr,
964 1716 998 1776 et
1012 1709 1040 1776 si
1063 1729 1177 1778 omncs
1201 1709 1251 1776 illi
1266 1729 1325 1776 sex
1349 1709 1501 1778 homiues

373 1816 530 1884 accedero
555 1817 598 1884 ad
614 1823 733 1884 terrum
749 1817 839 1884 illam
864 1839 928 1886 nou
945 1824 1090 1904 possent,
1106 1817 1333 1886 nichilominus
1357 1817 1421 1885 duo
1437 1837 1500 1903 pro

373 1921 533 2012 Cupitulo,
559 1931 592 1991 et
607 1925 672 1993 duo
695 1947 754 2013 pro
770 1924 846 2011 filijs
863 1929 949 1994 Pous
973 1929 1007 1993 et
1021 1927 1088 1993 Bos
1108 1924 1245 1993 Comitis
1268 1922 1438 2013 accedunt,
1464 1933 1501 1992 ct

372 2030 420 2097 illi
446 2030 531 2116 parti
547 2037 694 2102 statuant
717 2039 839 2100 terram
855 2034 926 2101 sine
951 2033 1062 2118 aliqua
1081 2032 1353 2118 contradicoioue,
1379 2030 1432 2100 oui
1449 2033 1498 2100 in·

370 2137 554 2206 tollererint
568 2158 640 2232 esee
657 2143 875 2230 statuendam,
885 2143 1071 2229 obligantes
1086 2163 1122 2210 se
1137 2141 1375 2229 insuperambc
1384 2148 1498 2228 partes

370 2247 431 2314 tali
447 2248 561 2335 modo,
579 2257 615 2316 ut
631 2250 659 2316 si
675 2271 741 2334 qua
756 2271 834 2338 pars
858 2250 1006 2319 homines
1023 2271 1083 2338 pro
1099 2269 1136 2318 se
1161 2253 1342 2319 nominatos
1357 2271 1423 2318 non
1439 2249 1497 2316 utl-

372 2354 512 2440 duceret,
529 2355 582 2422 rel
599 2355 640 2422 de
655 2356 823 2425 intellectu
842 2355 1000 2424 dictorum
1017 2358 1259 2444 scrhominum,
1277 2365 1334 2426 unt
1349 2358 1497 2444 ipsorum

371 2468 518 2548 quatuor,
544 2464 627 2531 sicut
652 2464 799 2552 superins
825 2463 946 2532 dictum
976 2472 1034 2551 est,
1061 2465 1089 2533 si
1109 2484 1221 2534 omues
1245 2466 1403 2534 iuteresse
1428 2487 1496 2534 uon

371 2577 514 2656 possent,
540 2572 690 2658 resiliret,
716 2580 844 2659 terram,
872 2593 970 2661 super
984 2595 1050 2659 qua
1073 2580 1122 2642 cst
1148 2574 1326 2659 contencio,
1352 2574 1494 2660 amittat,

371 2687 404 2746 et
420 2677 462 2747 de
477 2685 583 2748 cetero
599 2700 697 2768 snper
711 2701 751 2748 ea
766 2681 834 2749 litis
848 2682 1032 2768 ingressum
1048 2682 1170 2750 babere
1189 2703 1253 2750 nou
1269 2683 1384 2769 possit.
1410 2681 1495 2763 Quo·

369 2804 440 2854 rum
467 2805 526 2853 sex
550 2787 714 2856 bominum
746 2788 898 2875 quinque,
924 2788 1075 2858 videlicet
1099 2791 1200 2875 Zuda,
1226 2792 1342 2859 Comes
1370 2789 1495 2876 unury,

369 2895 546 2982 Achilleus,
570 2894 636 2964 Jak
653 2903 686 2962 et
701 2897 798 2982 Deos,
814 2899 847 2964 iu
863 2898 1003 2966 termino
1020 2919 1041 2964 a
1056 2898 1204 2985 partibus
1219 2899 1387 2983 assignato
1404 2915 1495 2963 acoe-

370 3003 495 3090 dentos,
512 3003 689 3073 secundum
700 3005 785 3089 quod
802 3006 834 3071 iu
845 3005 961 3073 litteris
977 3011 1044 3072 tam
1055 3007 1174 3092 sigillis
1183 3007 1327 3094 ipsorum
1339 3003 1493 3096 propriis,

369 3131 469 3200 quam
483 3111 649 3179 Abbatum
675 3110 715 3176 de
732 3109 798 3179 Jak
814 3118 848 3177 et
864 3112 904 3178 de
920 3112 1097 3198 Oopumulr
1120 3113 1279 3200 inpressis
1297 3111 1425 3200 plenius
1441 3131 1494 3177 oo-

369 3219 553 3309 guouimus,
577 3225 698 3287 terram
724 3218 956 3305 supradictam,
984 3219 1069 3286 siout
1092 3239 1151 3306 per
1177 3241 1214 3287 se
1238 3227 1271 3287 et
1298 3239 1356 3307 per
1380 3237 1494 3286 omnes

368 3329 651 3416 conproniuciales
675 3328 761 3396 scire
786 3327 960 3415 potuerint,
993 3329 1140 3396 Ecclesia
1165 3327 1395 3396 intellexerunt
1421 3346 1495 3394 csse

368 3435 572 3504 statuendam
588 3455 698 3504 coram
714 3435 979 3521 procuratoribus
1002 3437 1138 3504 liliorum
1156 3436 1243 3504 Pons
1259 3441 1292 3503 et
1306 3435 1372 3503 Bas
1388 3433 1496 3503 eomi-

366 3544 420 3611 tis.
447 3543 541 3611 Vnde
555 3543 632 3610 licet
646 3543 738 3609 iuxta
763 3544 1036 3629 composicionem
1053 3543 1173 3612 iactam
1198 3543 1355 3632 parcium,
1381 3561 1493 3610 secun·

367 3648 444 3716 dum
469 3651 669 3718 intellectum
694 3650 852 3717 dictorum
868 3651 1010 3736 quinque
1035 3651 1201 3718 bominum
1225 3649 1378 3722 satisfieri
1393 3648 1493 3737 (lupi-

364 3760 435 3828 tulo
452 3755 637 3843 debuissem
664 3767 784 3845 tamen,
802 3759 951 3843 quamuis
966 3757 1119 3826 iniuriam
1134 3757 1327 3826 uidebamus
1343 3757 1493 3826 Ecclesia

366 3866 498 3951 inferre,
522 3865 700 3934 secuudum
717 3873 749 3934 et
764 3867 898 3935 tercium
914 3868 1087 3935 terminum
1104 3865 1347 3953 assignarimus
1363 3866 1493 3951 utrique

365 3974 453 4062 parti
469 3973 513 4040 ud
527 3979 648 4040 terram
664 3973 755 4040 illam
772 3973 960 4057 accedendi,
984 3994 1058 4041 cnm
1074 3974 1199 4042 eisdem
1214 3994 1274 4042 sex
1293 3973 1492 4060 hominibus,

364 4083 419 4150 uel
434 4082 578 4170 ipsorum
589 4088 745 4167 quatuor5
761 4081 795 4147 iu
811 4083 931 4166 quibus
937 4083 1084 4150 terminis
1094 4102 1154 4149 nco
1170 4087 1396 4168 procuratores
1413 4081 1493 4151 lilio·

364 4210 436 4258 rum
451 4190 538 4258 Povs
563 4195 596 4254 et
610 4189 675 4254 Bas
702 4189 838 4256 Oomitis
863 4196 1080 4275 accesserunt,
1106 4209 1166 4257 nee
1192 4189 1338 4256 homiues
1366 4209 1427 4276 pro
1453 4207 1491 4256 se

364 4297 550 4366 nominatos
575 4296 620 4363 ud
636 4296 861 4364 terramillam
878 4297 1094 4365 adduxerunt.
1122 4295 1216 4364 Vnde
1232 4315 1293 4365 nos
1313 4295 1492 4365 secundum

363 4409 431 4476 litis
455 4425 645 4497 processum
672 4413 792 4474 terram
813 4404 1026 4493 sepedictum,
1051 4413 1147 4492 prout
1169 4404 1302 4472 iusticia
1325 4403 1491 4488 exigebat,

363 4516 512 4585 Ecclesie
526 4517 700 4585 statuimus
710 4523 887 4586 memorate
901 4537 960 4603 per
969 4517 1133 4585 homiuem
1149 4521 1296 4584 nostrum
1306 4511 1492 4582 Enrerioum

363 4624 468 4694 lilium
491 4625 639 4696 Bethlem
664 4623 706 4696 (te
721 4626 804 4696 villa
826 4627 983 4720 Tbelkus,
1009 4632 1113 4697 metm
1138 4643 1242 4695 nouas
1265 4623 1492 4708 circumoaquc
