<?xml version="1.0" encoding="UTF-8"?>
<!DOCTYPE html PUBLIC "-//W3C//DTD XHTML 1.0 Transitional//EN"
    "http://www.w3.org/TR/xhtml1/DTD/xhtml1-transitional.dtd">
<html xmlns="http://www.w3.org/1999/xhtml" xml:lang="en" lang="en">
 <head>
  <title>
</title>
<meta http-equiv="Content-Type" content="text/html;charset=utf-8" />
  <meta name='ocr-system' content='tesseract 3.04.00' />
  <meta name='ocr-capabilities' content='ocr_page ocr_carea ocr_par ocr_line ocrx_word'/>
</head>
<body>
  <div class='ocr_page' id='page_1' title='image "./codexdiplomatic18wenzgoog_0531.png"; bbox 0 0 3226 5194; ppageno 0'>
   <div class='ocr_carea' id='block_1_1' title="bbox 586 309 748 418">
    <p class='ocr_par' dir='ltr' id='par_1_1' title="bbox 586 309 748 418">
     <span class='ocr_line' id='line_1_1' title="bbox 586 309 748 418; baseline 0 -38"><span class='ocrx_word' id='word_1_1' title='bbox 586 309 748 418; x_wconf 42' lang='lat' dir='ltr'><strong>*scr-</strong></span> 
     </span>
    </p>
   </div>
   <div class='ocr_carea' id='block_1_2' title="bbox 98 501 1231 814">
    <p class='ocr_par' dir='ltr' id='par_1_2' title="bbox 98 501 1231 814">
     <span class='ocr_line' id='line_1_2' title="bbox 98 501 1231 602; baseline 0.013 -35"><span class='ocrx_word' id='word_1_2' title='bbox 98 501 219 570; x_wconf 84' lang='lat' dir='ltr'><strong>fratres</strong></span> <span class='ocrx_word' id='word_1_3' title='bbox 245 504 297 574; x_wconf 91' lang='lat' dir='ltr'><strong>sui</strong></span> <span class='ocrx_word' id='word_1_4' title='bbox 312 505 461 593; x_wconf 75' lang='lat' dir='ltr'><strong>predicti,</strong></span> <span class='ocrx_word' id='word_1_5' title='bbox 491 530 552 576; x_wconf 89' lang='lat' dir='ltr'><strong>nec</strong></span> <span class='ocrx_word' id='word_1_6' title='bbox 568 512 743 596; x_wconf 81' lang='lat' dir='ltr'><strong>quisquam</strong></span> <span class='ocrx_word' id='word_1_7' title='bbox 758 509 801 578; x_wconf 95' lang='lat' dir='ltr'><strong>de</strong></span> <span class='ocrx_word' id='word_1_8' title='bbox 825 514 974 598; x_wconf 77' lang='lat' dir='ltr'><strong>cognatis</strong></span> <span class='ocrx_word' id='word_1_9' title='bbox 996 513 1141 602; x_wconf 89' lang='lat' dir='ltr'><strong>ipsorum</strong></span> <span class='ocrx_word' id='word_1_10' title='bbox 1159 534 1231 602; x_wconf 87' lang='lat' dir='ltr'><strong>pre·</strong></span> 
     </span>
     <span class='ocr_line' id='line_1_3' title="bbox 99 609 1230 708; baseline 0.012 -32"><span class='ocrx_word' id='word_1_11' title='bbox 99 609 208 681; x_wconf 91' lang='lat' dir='ltr'><strong>dictos</strong></span> <span class='ocrx_word' id='word_1_12' title='bbox 229 612 314 682; x_wconf 88' lang='lat' dir='ltr'><strong>filios</strong></span> <span class='ocrx_word' id='word_1_13' title='bbox 328 615 440 683; x_wconf 79' lang='lat' dir='ltr'><strong>Misia</strong></span> <span class='ocrx_word' id='word_1_14' title='bbox 455 617 593 686; x_wconf 78' lang='lat' dir='ltr'><strong>Comitis</strong></span> <span class='ocrx_word' id='word_1_15' title='bbox 608 620 740 687; x_wconf 75' lang='lat' dir='ltr'>racione</span> <span class='ocrx_word' id='word_1_16' title='bbox 755 620 842 688; x_wconf 87' lang='lat' dir='ltr'><strong>dotis</strong></span> <span class='ocrx_word' id='word_1_17' title='bbox 859 628 893 688; x_wconf 92' lang='lat' dir='ltr'><strong>et</strong></span> <span class='ocrx_word' id='word_1_18' title='bbox 907 641 1014 689; x_wconf 90' lang='lat' dir='ltr'><strong>rerum</strong></span> <span class='ocrx_word' id='word_1_19' title='bbox 1036 623 1230 708; x_wconf 82' lang='lat' dir='ltr'><strong>pereierne·</strong></span> 
     </span>
     <span class='ocr_line' id='line_1_4' title="bbox 100 719 1230 814; baseline 0.01 -28"><span class='ocrx_word' id='word_1_20' title='bbox 100 719 181 786; x_wconf 91' lang='lat' dir='ltr'><strong>lium</strong></span> <span class='ocrx_word' id='word_1_21' title='bbox 198 721 324 808; x_wconf 80' lang='lat' dir='ltr'><strong>prefate</strong></span> <span class='ocrx_word' id='word_1_22' title='bbox 349 722 480 791; x_wconf 89' lang='lat' dir='ltr'><strong>domine</strong></span> <span class='ocrx_word' id='word_1_23' title='bbox 503 727 625 812; x_wconf 89' lang='lat' dir='ltr'><strong>poterit</strong></span> <span class='ocrx_word' id='word_1_24' title='bbox 652 728 809 814; x_wconf 81' lang='lat' dir='ltr'><strong>impetere</strong></span> <span class='ocrx_word' id='word_1_25' title='bbox 824 749 883 796; x_wconf 90' lang='lat' dir='ltr'><strong>seu</strong></span> <span class='ocrx_word' id='word_1_26' title='bbox 902 731 1084 800; x_wconf 78' lang='lat' dir='ltr'><strong>molestare.</strong></span> <span class='ocrx_word' id='word_1_27' title='bbox 1112 733 1230 799; x_wconf 79' lang='lat' dir='ltr'><strong>Datum</strong></span> 
     </span>
    </p>
   </div>
   <div class='ocr_carea' id='block_1_3' title="bbox 99 829 1231 1006">
    <p class='ocr_par' dir='ltr' id='par_1_3' title="bbox 99 829 1231 1006">
     <span class='ocr_line' id='line_1_5' title="bbox 99 829 1231 934; baseline 0.011 -43"><span class='ocrx_word' id='word_1_28' title='bbox 99 835 221 912; x_wconf 82' lang='lat' dir='ltr'><strong>quarte</strong></span> <span class='ocrx_word' id='word_1_29' title='bbox 247 829 330 897; x_wconf 82' lang='lat' dir='ltr'><strong>teria</strong></span> <span class='ocrx_word' id='word_1_30' title='bbox 358 831 508 916; x_wconf 81' lang='lat' dir='ltr'><strong>proxime</strong></span> <span class='ocrx_word' id='word_1_31' title='bbox 532 843 607 934; x_wconf 90' lang='lat' dir='ltr'><strong>post</strong></span> <span class='ocrx_word' id='word_1_32' title='bbox 632 842 766 903; x_wconf 78' lang='lat' dir='ltr'><strong>octenas</strong></span> <span class='ocrx_word' id='word_1_33' title='bbox 796 837 908 904; x_wconf 81' lang='lat' dir='ltr'><strong>Sancti</strong></span> <span class='ocrx_word' id='word_1_34' title='bbox 943 837 1112 906; x_wconf 73' lang='lat' dir='ltr'><strong>Michaelis</strong></span> <span class='ocrx_word' id='word_1_35' title='bbox 1144 857 1231 906; x_wconf 76' lang='lat' dir='ltr'><strong>anno</strong></span> 
     </span>
     <span class='ocr_line' id='line_1_6' title="bbox 99 935 564 1006; baseline 0.015 -6"><span class='ocrx_word' id='word_1_36' title='bbox 99 935 236 1002; x_wconf 89' lang='lat' dir='ltr'><strong>Domini</strong></span> <span class='ocrx_word' id='word_1_37' title='bbox 250 938 297 1003; x_wconf 86' lang='lat' dir='ltr'><strong>M⁰</strong></span> <span class='ocrx_word' id='word_1_38' title='bbox 307 937 372 1004; x_wconf 79' lang='lat'><strong>00⁰</strong></span> <span class='ocrx_word' id='word_1_39' title='bbox 385 939 422 1003; x_wconf 57' lang='grc' dir='ltr'><strong>[Β</strong></span> <span class='ocrx_word' id='word_1_40' title='bbox 437 946 564 1006; x_wconf 82' lang='lat' dir='ltr'><strong>octeno.</strong></span> 
     </span>
    </p>
   </div>
   <div class='ocr_carea' id='block_1_4' title="bbox 193 1098 1176 1189">
    <p class='ocr_par' dir='ltr' id='par_1_4' title="bbox 193 1098 1176 1189">
     <span class='ocr_line' id='line_1_7' title="bbox 193 1098 1176 1189; baseline 0.009 -25"><span class='ocrx_word' id='word_1_41' title='bbox 193 1101 311 1167; x_wconf 73' lang='lat' dir='ltr'><strong>Kiosit:</strong></span> <span class='ocrx_word' id='word_1_42' title='bbox 326 1098 432 1187; x_wconf 85' lang='lat' dir='ltr'><strong>Super</strong></span> <span class='ocrx_word' id='word_1_43' title='bbox 448 1101 662 1189; x_wconf 78' lang='lat' dir='ltr'><strong>expedicione</strong></span> <span class='ocrx_word' id='word_1_44' title='bbox 678 1102 765 1171; x_wconf 85' lang='lat' dir='ltr'><strong>dotiu</strong></span> <span class='ocrx_word' id='word_1_45' title='bbox 783 1103 892 1172; x_wconf 76' lang='lat' dir='ltr'><strong>uxoris</strong></span> <span class='ocrx_word' id='word_1_46' title='bbox 907 1106 1016 1174; x_wconf 78' lang='lat' dir='ltr'><strong>Misius</strong></span> <span class='ocrx_word' id='word_1_47' title='bbox 1032 1105 1176 1175; x_wconf 82' lang='lat' dir='ltr'><strong>Comitis.</strong></span> 
     </span>
    </p>
   </div>
   <div class='ocr_carea' id='block_1_5' title="bbox 101 1295 1231 1462">
    <p class='ocr_par' dir='ltr' id='par_1_5' title="bbox 101 1295 1231 1462">
     <span class='ocr_line' id='line_1_8' title="bbox 101 1295 1231 1372; baseline 0.006 -23"><span class='ocrx_word' id='word_1_48' title='bbox 101 1295 241 1364; x_wconf 73' lang='lat' dir='ltr'><strong>(medens</strong></span> <span class='ocrx_word' id='word_1_49' title='bbox 253 1297 420 1367; x_wconf 78' lang='lat' dir='ltr'><strong>borhtrtytn</strong></span> <span class='ocrx_word' id='word_1_50' title='bbox 432 1299 509 1354; x_wconf 73' lang='lat' dir='ltr'><strong>hetti</strong></span> <span class='ocrx_word' id='word_1_51' title='bbox 522 1301 698 1366; x_wconf 82' lang='lat' dir='ltr'><strong>oduuyomott</strong></span> <span class='ocrx_word' id='word_1_52' title='bbox 715 1301 854 1372; x_wconf 71' lang='lat' dir='ltr'><strong>pecsdttel,</strong></span> <span class='ocrx_word' id='word_1_53' title='bbox 867 1304 995 1359; x_wconf 70' lang='lat' dir='ltr'><strong>sfdmelt.</strong></span> <span class='ocrx_word' id='word_1_54' title='bbox 1015 1305 1062 1372; x_wconf 76' lang='lat' dir='ltr'><strong>hg·</strong></span> <span class='ocrx_word' id='word_1_55' title='bbox 1081 1302 1231 1372; x_wconf 71' lang='lat' dir='ltr'><strong>Batthytni</strong></span> 
     </span>
     <span class='ocr_line' id='line_1_9' title="bbox 512 1389 823 1462; baseline 0.01 -19"><span class='ocrx_word' id='word_1_56' title='bbox 512 1389 605 1445; x_wconf 78' lang='lat' dir='ltr'><strong>occlto</strong></span> <span class='ocrx_word' id='word_1_57' title='bbox 618 1391 823 1462; x_wconf 74' lang='lat' dir='ltr'><strong>levtlttrtbnn.)</strong></span> 
     </span>
    </p>
   </div>
   <div class='ocr_carea' id='block_1_6' title="bbox 539 1682 803 1693">
    <p class='ocr_par' dir='ltr' id='par_1_6' title="bbox 539 1682 803 1693">
     <span class='ocr_line' id='line_1_10' title="bbox 539 1682 803 1693; baseline 0.004 -2"><span class='ocrx_word' id='word_1_58' title='bbox 539 1682 803 1693; x_wconf 76' lang='lat'><em>——-—-.</em></span> 
     </span>
    </p>
   </div>
   <div class='ocr_carea' id='block_1_7' title="bbox 632 2163 711 2231">
    <p class='ocr_par' dir='ltr' id='par_1_7' title="bbox 632 2163 711 2231">
     <span class='ocr_line' id='line_1_11' title="bbox 632 2163 711 2231; baseline 0 -1"><span class='ocrx_word' id='word_1_59' title='bbox 632 2163 711 2231; x_wconf 80' lang='lat'><strong>350.</strong></span> 
     </span>
    </p>
   </div>
   <div class='ocr_carea' id='block_1_8' title="bbox 104 2342 1234 2536">
    <p class='ocr_par' dir='ltr' id='par_1_8' title="bbox 104 2342 1234 2536">
     <span class='ocr_line' id='line_1_12' title="bbox 104 2342 1234 2434; baseline 0.009 -27"><span class='ocrx_word' id='word_1_60' title='bbox 104 2343 136 2407; x_wconf 80' lang='lat' dir='ltr'><em>A</em></span> <span class='ocrx_word' id='word_1_61' title='bbox 154 2342 335 2428; x_wconf 61' lang='lat' dir='ltr'><strong>occupetis·</strong></span> <span class='ocrx_word' id='word_1_62' title='bbox 344 2345 553 2429; x_wconf 73' lang='lat' dir='ltr'><strong>aperscptoob</strong></span> <span class='ocrx_word' id='word_1_63' title='bbox 568 2346 709 2431; x_wconf 81' lang='lat' dir='ltr'><strong>noezlcpi</strong></span> <span class='ocrx_word' id='word_1_64' title='bbox 720 2347 862 2432; x_wconf 61' lang='lat' dir='ltr'><strong>occipitio</strong></span> <span class='ocrx_word' id='word_1_65' title='bbox 872 2347 1118 2414; x_wconf 80' lang='lat' dir='ltr'><strong>embereitnemes</strong></span> <span class='ocrx_word' id='word_1_66' title='bbox 1124 2349 1234 2434; x_wconf 74' lang='lat' dir='ltr'><strong>jodoc-</strong></span> 
     </span>
     <span class='ocr_line' id='line_1_13' title="bbox 462 2451 889 2536; baseline 0 -20"><span class='ocrx_word' id='word_1_67' title='bbox 462 2455 538 2536; x_wconf 67' lang='lat' dir='ltr'><strong>pyui</strong></span> <span class='ocrx_word' id='word_1_68' title='bbox 550 2451 767 2536; x_wconf 74' lang='lat' dir='ltr'><strong>iiize&#39;fcloeszi.</strong></span> <span class='ocrx_word' id='word_1_69' title='bbox 790 2453 889 2518; x_wconf 79' lang='lat'><strong><em>1258.</em></strong></span> 
     </span>
    </p>
   </div>
   <div class='ocr_carea' id='block_1_9' title="bbox 105 2646 1238 3714">
    <p class='ocr_par' dir='ltr' id='par_1_9' title="bbox 105 2646 1238 3714">
     <span class='ocr_line' id='line_1_14' title="bbox 216 2646 1235 2721; baseline 0.007 -7"><span class='ocrx_word' id='word_1_70' title='bbox 216 2649 286 2716; x_wconf 83' lang='lat' dir='ltr'><strong>Nos</strong></span> <span class='ocrx_word' id='word_1_71' title='bbox 313 2647 413 2715; x_wconf 78' lang='lat' dir='ltr'><strong>irater</strong></span> <span class='ocrx_word' id='word_1_72' title='bbox 430 2646 575 2714; x_wconf 87' lang='lat' dir='ltr'><strong>Jecobns</strong></span> <span class='ocrx_word' id='word_1_73' title='bbox 601 2649 817 2717; x_wconf 80' lang='lat' dir='ltr'><strong>miseracione</strong></span> <span class='ocrx_word' id='word_1_74' title='bbox 842 2649 963 2718; x_wconf 84' lang='lat' dir='ltr'><strong>Dininn</strong></span> <span class='ocrx_word' id='word_1_75' title='bbox 989 2652 1102 2720; x_wconf 81' lang='lat' dir='ltr'><strong>Abbes</strong></span> <span class='ocrx_word' id='word_1_76' title='bbox 1123 2654 1235 2721; x_wconf 80' lang='lat' dir='ltr'><strong>Sancti</strong></span> 
     </span>
     <span class='ocr_line' id='line_1_15' title="bbox 106 2755 1235 2842; baseline 0.003 -16"><span class='ocrx_word' id='word_1_77' title='bbox 106 2757 260 2842; x_wconf 82' lang='lat' dir='ltr'><strong>Mauricij</strong></span> <span class='ocrx_word' id='word_1_78' title='bbox 277 2756 408 2824; x_wconf 87' lang='lat' dir='ltr'><strong>deBeel</strong></span> <span class='ocrx_word' id='word_1_79' title='bbox 424 2762 457 2823; x_wconf 93' lang='lat' dir='ltr'><strong>et</strong></span> <span class='ocrx_word' id='word_1_80' title='bbox 474 2755 658 2824; x_wconf 82' lang='lat' dir='ltr'><strong>Oouuontus</strong></span> <span class='ocrx_word' id='word_1_81' title='bbox 675 2757 820 2825; x_wconf 88' lang='lat' dir='ltr'><strong>eiusdem</strong></span> <span class='ocrx_word' id='word_1_82' title='bbox 837 2758 1060 2842; x_wconf 83' lang='lat' dir='ltr'><strong>significemus</strong></span> <span class='ocrx_word' id='word_1_83' title='bbox 1075 2762 1235 2829; x_wconf 80' lang='lat' dir='ltr'><strong>uniuersis</strong></span> 
     </span>
     <span class='ocr_line' id='line_1_16' title="bbox 105 2864 1237 2958; baseline 0.004 -22"><span class='ocrx_word' id='word_1_84' title='bbox 105 2875 175 2936; x_wconf 86' lang='lat' dir='ltr'><strong>tem</strong></span> <span class='ocrx_word' id='word_1_85' title='bbox 194 2866 397 2954; x_wconf 79' lang='lat' dir='ltr'><strong>presentibus</strong></span> <span class='ocrx_word' id='word_1_86' title='bbox 423 2886 521 2952; x_wconf 86' lang='lat' dir='ltr'><strong>qnam</strong></span> <span class='ocrx_word' id='word_1_87' title='bbox 537 2864 655 2933; x_wconf 77' lang='lat' dir='ltr'><strong>intutis</strong></span> <span class='ocrx_word' id='word_1_88' title='bbox 670 2867 874 2952; x_wconf 89' lang='lat' dir='ltr'><strong>presencium</strong></span> <span class='ocrx_word' id='word_1_89' title='bbox 890 2889 949 2955; x_wconf 91' lang='lat' dir='ltr'><strong>per</strong></span> <span class='ocrx_word' id='word_1_90' title='bbox 969 2875 1125 2958; x_wconf 89' lang='lat' dir='ltr'><strong>tenorem,</strong></span> <span class='ocrx_word' id='word_1_91' title='bbox 1150 2871 1237 2954; x_wconf 86' lang='lat' dir='ltr'><strong>qnod</strong></span> 
     </span>
     <span class='ocr_line' id='line_1_17' title="bbox 107 2972 1236 3068; baseline 0.001 -25"><span class='ocrx_word' id='word_1_92' title='bbox 107 2977 269 3063; x_wconf 84' lang='lat' dir='ltr'><strong>quosdam</strong></span> <span class='ocrx_word' id='word_1_93' title='bbox 285 2975 425 3062; x_wconf 90' lang='lat' dir='ltr'><strong>populos</strong></span> <span class='ocrx_word' id='word_1_94' title='bbox 440 2975 588 3042; x_wconf 84' lang='lat' dir='ltr'><strong>Ecclesie</strong></span> <span class='ocrx_word' id='word_1_95' title='bbox 604 2972 645 3042; x_wconf 92' lang='lat' dir='ltr'><strong>de</strong></span> <span class='ocrx_word' id='word_1_96' title='bbox 661 2973 741 3041; x_wconf 81' lang='lat' dir='ltr'><strong>villu</strong></span> <span class='ocrx_word' id='word_1_97' title='bbox 757 2977 960 3068; x_wconf 83' lang='lat' dir='ltr'><strong>antuppro</strong></span> <span class='ocrx_word' id='word_1_98' title='bbox 976 2975 1118 3060; x_wconf 85' lang='lat' dir='ltr'><strong>quodem</strong></span> <span class='ocrx_word' id='word_1_99' title='bbox 1134 2977 1236 3045; x_wconf 90' lang='lat' dir='ltr'><strong>fideli·</strong></span> 
     </span>
     <span class='ocr_line' id='line_1_18' title="bbox 106 3081 1237 3170; baseline 0.002 -20"><span class='ocrx_word' id='word_1_100' title='bbox 106 3085 188 3153; x_wconf 82' lang='lat' dir='ltr'><strong>tntis</strong></span> <span class='ocrx_word' id='word_1_101' title='bbox 205 3084 298 3151; x_wconf 90' lang='lat' dir='ltr'><strong>titulo</strong></span> <span class='ocrx_word' id='word_1_102' title='bbox 314 3081 388 3170; x_wconf 84' lang='lat' dir='ltr'><strong>puri</strong></span> <span class='ocrx_word' id='word_1_103' title='bbox 404 3101 563 3151; x_wconf 87' lang='lat' dir='ltr'><strong>consensu</strong></span> <span class='ocrx_word' id='word_1_104' title='bbox 575 3081 711 3149; x_wconf 80' lang='lat' dir='ltr'><strong>fratrum</strong></span> <span class='ocrx_word' id='word_1_105' title='bbox 727 3089 761 3148; x_wconf 88' lang='lat' dir='ltr'><strong>ct</strong></span> <span class='ocrx_word' id='word_1_106' title='bbox 770 3082 989 3166; x_wconf 83' lang='lat' dir='ltr'><strong>jobugionnm</strong></span> <span class='ocrx_word' id='word_1_107' title='bbox 1003 3092 1237 3154; x_wconf 85' lang='lat' dir='ltr'><strong>nostrorumex</strong></span> 
     </span>
     <span class='ocr_line' id='line_1_19' title="bbox 107 3189 1237 3280; baseline 0.003 -21"><span class='ocrx_word' id='word_1_108' title='bbox 107 3192 210 3280; x_wconf 86' lang='lat' dir='ltr'><strong>priori</strong></span> <span class='ocrx_word' id='word_1_109' title='bbox 235 3189 427 3258; x_wconf 90' lang='lat' dir='ltr'><strong>condicione</strong></span> <span class='ocrx_word' id='word_1_110' title='bbox 452 3190 634 3275; x_wconf 87' lang='lat' dir='ltr'><strong>eximimus,</strong></span> <span class='ocrx_word' id='word_1_111' title='bbox 660 3199 728 3257; x_wconf 87' lang='lat' dir='ltr'><strong>tem</strong></span> <span class='ocrx_word' id='word_1_112' title='bbox 753 3190 854 3278; x_wconf 88' lang='lat' dir='ltr'><strong>ipsos,</strong></span> <span class='ocrx_word' id='word_1_113' title='bbox 880 3211 978 3275; x_wconf 84' lang='lat' dir='ltr'><strong>quum</strong></span> <span class='ocrx_word' id='word_1_114' title='bbox 997 3193 1101 3259; x_wconf 84' lang='lat' dir='ltr'><strong>eciam</strong></span> <span class='ocrx_word' id='word_1_115' title='bbox 1126 3213 1237 3262; x_wconf 89' lang='lat' dir='ltr'><strong>eorum</strong></span> 
     </span>
     <span class='ocr_line' id='line_1_20' title="bbox 108 3299 1238 3388; baseline 0.004 -21"><span class='ocrx_word' id='word_1_116' title='bbox 108 3320 319 3369; x_wconf 87' lang='lat' dir='ltr'><strong>successores</strong></span> <span class='ocrx_word' id='word_1_117' title='bbox 349 3299 383 3366; x_wconf 92' lang='lat' dir='ltr'><strong>in</strong></span> <span class='ocrx_word' id='word_1_118' title='bbox 408 3299 554 3366; x_wconf 89' lang='lat' dir='ltr'><strong>ordinem</strong></span> <span class='ocrx_word' id='word_1_119' title='bbox 585 3306 618 3366; x_wconf 88' lang='lat' dir='ltr'><strong>et</strong></span> <span class='ocrx_word' id='word_1_120' title='bbox 643 3318 812 3366; x_wconf 88' lang='lat' dir='ltr'><strong>numerum</strong></span> <span class='ocrx_word' id='word_1_121' title='bbox 841 3299 997 3367; x_wconf 86' lang='lat' dir='ltr'><strong>nobilium</strong></span> <span class='ocrx_word' id='word_1_122' title='bbox 1023 3301 1238 3388; x_wconf 82' lang='lat' dir='ltr'><strong>jobegionum</strong></span> 
     </span>
     <span class='ocr_line' id='line_1_21' title="bbox 108 3407 1237 3488; baseline 0.004 -13"><span class='ocrx_word' id='word_1_123' title='bbox 108 3409 260 3476; x_wconf 79' lang='lat' dir='ltr'><strong>Ecclesie</strong></span> <span class='ocrx_word' id='word_1_124' title='bbox 283 3416 393 3476; x_wconf 90' lang='lat' dir='ltr'><strong>nostre</strong></span> <span class='ocrx_word' id='word_1_125' title='bbox 419 3407 602 3475; x_wconf 85' lang='lat' dir='ltr'><strong>statuendo.</strong></span> <span class='ocrx_word' id='word_1_126' title='bbox 629 3407 773 3488; x_wconf 85' lang='lat' dir='ltr'><strong>Quorum</strong></span> <span class='ocrx_word' id='word_1_127' title='bbox 799 3408 932 3475; x_wconf 85' lang='lat' dir='ltr'><strong>nomina</strong></span> <span class='ocrx_word' id='word_1_128' title='bbox 956 3417 1031 3480; x_wconf 90' lang='lat' dir='ltr'><strong>sunt</strong></span> <span class='ocrx_word' id='word_1_129' title='bbox 1045 3410 1125 3477; x_wconf 91' lang='lat' dir='ltr'><strong>hec:</strong></span> <span class='ocrx_word' id='word_1_130' title='bbox 1145 3411 1237 3480; x_wconf 77' lang='lat' dir='ltr'><strong>Elias</strong></span> 
     </span>
     <span class='ocr_line' id='line_1_22' title="bbox 110 3513 1238 3603; baseline 0.004 -19"><span class='ocrx_word' id='word_1_131' title='bbox 110 3537 186 3584; x_wconf 92' lang='lat' dir='ltr'><strong>cum</strong></span> <span class='ocrx_word' id='word_1_132' title='bbox 202 3516 362 3584; x_wconf 82' lang='lat' dir='ltr'><strong>frutribus</strong></span> <span class='ocrx_word' id='word_1_133' title='bbox 373 3513 452 3602; x_wconf 87' lang='lat' dir='ltr'><strong>suis,</strong></span> <span class='ocrx_word' id='word_1_134' title='bbox 468 3514 585 3582; x_wconf 89' lang='lat' dir='ltr'><strong>Budou</strong></span> <span class='ocrx_word' id='word_1_135' title='bbox 598 3514 753 3584; x_wconf 88' lang='lat' dir='ltr'><strong>uidelicet</strong></span> <span class='ocrx_word' id='word_1_136' title='bbox 769 3515 948 3603; x_wconf 87' lang='lat' dir='ltr'><strong>ctJecobo,</strong></span> <span class='ocrx_word' id='word_1_137' title='bbox 966 3515 1156 3588; x_wconf 82' lang='lat' dir='ltr'><strong>Ledekerus</strong></span> <span class='ocrx_word' id='word_1_138' title='bbox 1166 3541 1238 3589; x_wconf 89' lang='lat' dir='ltr'><strong>oum</strong></span> 
     </span>
     <span class='ocr_line' id='line_1_23' title="bbox 109 3623 1236 3714; baseline 0.003 -21"><span class='ocrx_word' id='word_1_139' title='bbox 109 3627 212 3693; x_wconf 85' lang='lat' dir='ltr'><strong>fratre</strong></span> <span class='ocrx_word' id='word_1_140' title='bbox 227 3645 286 3692; x_wconf 90' lang='lat' dir='ltr'><strong>sno</strong></span> <span class='ocrx_word' id='word_1_141' title='bbox 302 3623 444 3709; x_wconf 83' lang='lat' dir='ltr'><strong>Matheo,</strong></span> <span class='ocrx_word' id='word_1_142' title='bbox 460 3623 576 3692; x_wconf 89' lang='lat' dir='ltr'><strong>Petrus</strong></span> <span class='ocrx_word' id='word_1_143' title='bbox 594 3623 698 3691; x_wconf 84' lang='lat' dir='ltr'><strong>eciem</strong></span> <span class='ocrx_word' id='word_1_144' title='bbox 716 3630 748 3692; x_wconf 88' lang='lat' dir='ltr'><strong>ct</strong></span> <span class='ocrx_word' id='word_1_145' title='bbox 763 3625 866 3692; x_wconf 85' lang='lat' dir='ltr'><strong>anu.</strong></span> <span class='ocrx_word' id='word_1_146' title='bbox 882 3627 935 3693; x_wconf 87' lang='lat' dir='ltr'><strong>Ite</strong></span> <span class='ocrx_word' id='word_1_147' title='bbox 950 3633 1071 3712; x_wconf 71' lang='lat' dir='ltr'><strong>tamem</strong></span> <span class='ocrx_word' id='word_1_148' title='bbox 1088 3635 1123 3695; x_wconf 88' lang='lat' dir='ltr'><strong>ut</strong></span> <span class='ocrx_word' id='word_1_149' title='bbox 1138 3649 1236 3714; x_wconf 83' lang='lat' dir='ltr'><strong>quun·</strong></span> 
     </span>
    </p>
   </div>
   <div class='ocr_carea' id='block_1_10' title="bbox 15 3733 1238 3820">
    <p class='ocr_par' dir='ltr' id='par_1_10' title="bbox 15 3733 1238 3820">
     <span class='ocr_line' id='line_1_24' title="bbox 15 3733 1238 3820; baseline -0.001 -15"><span class='ocrx_word' id='word_1_150' title='bbox 15 3783 25 3805; x_wconf 90' lang='lat'><strong>.</strong></span> <span class='ocrx_word' id='word_1_151' title='bbox 109 3735 293 3817; x_wconf 86' lang='lat' dir='ltr'><strong>ducumque</strong></span> <span class='ocrx_word' id='word_1_152' title='bbox 308 3754 369 3802; x_wconf 90' lang='lat' dir='ltr'><strong>nos</strong></span> <span class='ocrx_word' id='word_1_153' title='bbox 395 3733 448 3801; x_wconf 91' lang='lat' dir='ltr'><strong>uel</strong></span> <span class='ocrx_word' id='word_1_154' title='bbox 464 3733 567 3802; x_wconf 88' lang='lat' dir='ltr'><strong>nostri</strong></span> <span class='ocrx_word' id='word_1_155' title='bbox 583 3751 790 3802; x_wconf 89' lang='lat' dir='ltr'><strong>successores</strong></span> <span class='ocrx_word' id='word_1_156' title='bbox 809 3734 854 3800; x_wconf 82' lang='lat' dir='ltr'><strong>od</strong></span> <span class='ocrx_word' id='word_1_157' title='bbox 870 3734 1047 3802; x_wconf 84' lang='lat' dir='ltr'><strong>exercitum</strong></span> <span class='ocrx_word' id='word_1_158' title='bbox 1066 3735 1238 3820; x_wconf 85' lang='lat' dir='ltr'><strong>Regelium</strong></span> 
     </span>
    </p>
   </div>
   <div class='ocr_carea' id='block_1_11' title="bbox 109 3840 1240 4784">
    <p class='ocr_par' dir='ltr' id='par_1_11' title="bbox 109 3840 1240 4784">
     <span class='ocr_line' id='line_1_25' title="bbox 112 3840 1240 3932; baseline 0.002 -22"><span class='ocrx_word' id='word_1_159' title='bbox 112 3844 200 3932; x_wconf 82' lang='lat' dir='ltr'><strong>(tgy)</strong></span> <span class='ocrx_word' id='word_1_160' title='bbox 217 3842 335 3910; x_wconf 88' lang='lat' dir='ltr'><strong>irenei</strong></span> <span class='ocrx_word' id='word_1_161' title='bbox 359 3841 488 3910; x_wconf 86' lang='lat' dir='ltr'><strong>mittere</strong></span> <span class='ocrx_word' id='word_1_162' title='bbox 513 3840 704 3928; x_wconf 87' lang='lat' dir='ltr'><strong>tenebimur,</strong></span> <span class='ocrx_word' id='word_1_163' title='bbox 729 3862 826 3910; x_wconf 85' lang='lat' dir='ltr'><strong>vnum</strong></span> <span class='ocrx_word' id='word_1_164' title='bbox 843 3862 885 3908; x_wconf 84' lang='lat' dir='ltr'><strong>ex</strong></span> <span class='ocrx_word' id='word_1_165' title='bbox 900 3841 982 3928; x_wconf 89' lang='lat' dir='ltr'><strong>ipsis</strong></span> <span class='ocrx_word' id='word_1_166' title='bbox 1008 3859 1081 3908; x_wconf 89' lang='lat' dir='ltr'><strong>cum</strong></span> <span class='ocrx_word' id='word_1_167' title='bbox 1106 3861 1190 3927; x_wconf 90' lang='lat' dir='ltr'><strong>equo</strong></span> <span class='ocrx_word' id='word_1_168' title='bbox 1206 3853 1240 3912; x_wconf 89' lang='lat' dir='ltr'><strong>et</strong></span> 
     </span>
     <span class='ocr_line' id='line_1_26' title="bbox 109 3947 1239 4020; baseline 0 -2"><span class='ocrx_word' id='word_1_169' title='bbox 109 3951 177 4019; x_wconf 85' lang='lat' dir='ltr'><strong>ulio</strong></span> <span class='ocrx_word' id='word_1_170' title='bbox 204 3949 392 4020; x_wconf 76' lang='lat' dir='ltr'><strong>necessario</strong></span> <span class='ocrx_word' id='word_1_171' title='bbox 417 3948 540 4018; x_wconf 91' lang='lat' dir='ltr'><strong>utiliter</strong></span> <span class='ocrx_word' id='word_1_172' title='bbox 557 3968 628 4015; x_wconf 89' lang='lat' dir='ltr'><strong>cum</strong></span> <span class='ocrx_word' id='word_1_173' title='bbox 647 3948 776 4016; x_wconf 88' lang='lat' dir='ltr'><strong>domino</strong></span> <span class='ocrx_word' id='word_1_174' title='bbox 800 3947 930 4014; x_wconf 84' lang='lat' dir='ltr'><strong>Abbete</strong></span> <span class='ocrx_word' id='word_1_175' title='bbox 946 3947 999 4015; x_wconf 90' lang='lat' dir='ltr'><strong>uel</strong></span> <span class='ocrx_word' id='word_1_176' title='bbox 1024 3967 1084 4018; x_wconf 91' lang='lat' dir='ltr'><strong>sno</strong></span> <span class='ocrx_word' id='word_1_177' title='bbox 1108 3948 1239 4018; x_wconf 89' lang='lat' dir='ltr'><strong>homine</strong></span> 
     </span>
     <span class='ocr_line' id='line_1_27' title="bbox 110 4055 1239 4146; baseline 0 -20"><span class='ocrx_word' id='word_1_178' title='bbox 110 4058 241 4127; x_wconf 87' lang='lat' dir='ltr'><strong>mittere</strong></span> <span class='ocrx_word' id='word_1_179' title='bbox 255 4060 470 4145; x_wconf 75' lang='lat' dir='ltr'><strong>tenebuntur,</strong></span> <span class='ocrx_word' id='word_1_180' title='bbox 497 4059 609 4146; x_wconf 89' lang='lat' dir='ltr'><strong>plures</strong></span> <span class='ocrx_word' id='word_1_181' title='bbox 626 4057 739 4142; x_wconf 86' lang='lat' dir='ltr'><strong>eciem,</strong></span> <span class='ocrx_word' id='word_1_182' title='bbox 756 4057 858 4141; x_wconf 89' lang='lat' dir='ltr'><strong>siqui</strong></span> <span class='ocrx_word' id='word_1_183' title='bbox 874 4075 915 4122; x_wconf 83' lang='lat' dir='ltr'><strong>ex</strong></span> <span class='ocrx_word' id='word_1_184' title='bbox 931 4055 1012 4142; x_wconf 90' lang='lat' dir='ltr'><strong>ipsis</strong></span> <span class='ocrx_word' id='word_1_185' title='bbox 1032 4057 1156 4140; x_wconf 84' lang='lat' dir='ltr'><strong>equites</strong></span> <span class='ocrx_word' id='word_1_186' title='bbox 1173 4057 1239 4126; x_wconf 85' lang='lat' dir='ltr'><strong>snc-</strong></span> 
     </span>
     <span class='ocr_line' id='line_1_28' title="bbox 110 4163 1238 4254; baseline -0.002 -18"><span class='ocrx_word' id='word_1_187' title='bbox 110 4170 186 4254; x_wconf 92' lang='lat' dir='ltr'><strong>rint,</strong></span> <span class='ocrx_word' id='word_1_188' title='bbox 203 4177 237 4237; x_wconf 93' lang='lat' dir='ltr'><strong>et</strong></span> <span class='ocrx_word' id='word_1_189' title='bbox 252 4169 402 4236; x_wconf 90' lang='lat' dir='ltr'><strong>dominus</strong></span> <span class='ocrx_word' id='word_1_190' title='bbox 412 4168 527 4236; x_wconf 85' lang='lat' dir='ltr'><strong>Abbes</strong></span> <span class='ocrx_word' id='word_1_191' title='bbox 543 4167 658 4234; x_wconf 85' lang='lat' dir='ltr'><strong>iuuare</strong></span> <span class='ocrx_word' id='word_1_192' title='bbox 668 4185 725 4235; x_wconf 93' lang='lat' dir='ltr'><strong>eos</strong></span> <span class='ocrx_word' id='word_1_193' title='bbox 741 4165 892 4252; x_wconf 91' lang='lat' dir='ltr'><strong>potnerit,</strong></span> <span class='ocrx_word' id='word_1_194' title='bbox 908 4183 974 4229; x_wconf 90' lang='lat' dir='ltr'><strong>non</strong></span> <span class='ocrx_word' id='word_1_195' title='bbox 991 4183 1064 4230; x_wconf 90' lang='lat' dir='ltr'><strong>cum</strong></span> <span class='ocrx_word' id='word_1_196' title='bbox 1074 4163 1160 4253; x_wconf 84' lang='lat' dir='ltr'><strong>elijs,</strong></span> <span class='ocrx_word' id='word_1_197' title='bbox 1180 4165 1238 4234; x_wconf 91' lang='lat' dir='ltr'><strong>sed</strong></span> 
     </span>
     <span class='ocr_line' id='line_1_29' title="bbox 110 4269 1239 4357; baseline -0.006 -11"><span class='ocrx_word' id='word_1_198' title='bbox 110 4299 185 4346; x_wconf 91' lang='lat' dir='ltr'><strong>cnm</strong></span> <span class='ocrx_word' id='word_1_199' title='bbox 202 4277 334 4348; x_wconf 90' lang='lat' dir='ltr'><strong>domiuo</strong></span> <span class='ocrx_word' id='word_1_200' title='bbox 351 4278 480 4346; x_wconf 86' lang='lat' dir='ltr'><strong>Abbute</strong></span> <span class='ocrx_word' id='word_1_201' title='bbox 496 4276 550 4344; x_wconf 92' lang='lat' dir='ltr'><strong>uel</strong></span> <span class='ocrx_word' id='word_1_202' title='bbox 566 4295 625 4343; x_wconf 93' lang='lat' dir='ltr'><strong>suo</strong></span> <span class='ocrx_word' id='word_1_203' title='bbox 640 4273 756 4341; x_wconf 88' lang='lat' dir='ltr'><strong>Judiee</strong></span> <span class='ocrx_word' id='word_1_204' title='bbox 773 4271 973 4357; x_wconf 80' lang='lat' dir='ltr'><strong>equitabunt.</strong></span> <span class='ocrx_word' id='word_1_205' title='bbox 990 4271 1070 4338; x_wconf 79' lang='lat' dir='ltr'><strong>Idtsi</strong></span> <span class='ocrx_word' id='word_1_206' title='bbox 1089 4269 1239 4340; x_wconf 89' lang='lat' dir='ltr'><strong>dominus</strong></span> 
     </span>
     <span class='ocr_line' id='line_1_30' title="bbox 112 4378 1238 4470; baseline -0.004 -17"><span class='ocrx_word' id='word_1_207' title='bbox 112 4387 224 4454; x_wconf 83' lang='lat' dir='ltr'><strong>Abbas</strong></span> <span class='ocrx_word' id='word_1_208' title='bbox 240 4387 293 4454; x_wconf 84' lang='lat' dir='ltr'><strong>nel</strong></span> <span class='ocrx_word' id='word_1_209' title='bbox 309 4386 417 4455; x_wconf 86' lang='lat' dir='ltr'><strong>Jndex</strong></span> <span class='ocrx_word' id='word_1_210' title='bbox 432 4384 580 4452; x_wconf 84' lang='lat' dir='ltr'><strong>Ecclesic</strong></span> <span class='ocrx_word' id='word_1_211' title='bbox 604 4404 665 4470; x_wconf 92' lang='lat' dir='ltr'><strong>pro</strong></span> <span class='ocrx_word' id='word_1_212' title='bbox 682 4381 792 4465; x_wconf 84' lang='lat' dir='ltr'><strong>eliqno</strong></span> <span class='ocrx_word' id='word_1_213' title='bbox 813 4378 950 4462; x_wconf 80' lang='lat' dir='ltr'><strong>negocio</strong></span> <span class='ocrx_word' id='word_1_214' title='bbox 967 4379 1157 4464; x_wconf 74' lang='lat' dir='ltr'><strong>Monesterij</strong></span> <span class='ocrx_word' id='word_1_215' title='bbox 1182 4400 1238 4448; x_wconf 89' lang='lat' dir='ltr'><strong>ecs</strong></span> 
     </span>
     <span class='ocr_line' id='line_1_31' title="bbox 112 4488 1238 4583; baseline -0.005 -20"><span class='ocrx_word' id='word_1_216' title='bbox 112 4497 309 4583; x_wconf 84' lang='lat' dir='ltr'><strong>euoceuerit,</strong></span> <span class='ocrx_word' id='word_1_217' title='bbox 325 4516 390 4564; x_wconf 91' lang='lat' dir='ltr'><strong>non</strong></span> <span class='ocrx_word' id='word_1_218' title='bbox 406 4514 443 4563; x_wconf 90' lang='lat' dir='ltr'><strong>se</strong></span> <span class='ocrx_word' id='word_1_219' title='bbox 459 4493 645 4578; x_wconf 71' lang='lat' dir='ltr'><strong>retrahunt,</strong></span> <span class='ocrx_word' id='word_1_220' title='bbox 663 4490 722 4558; x_wconf 92' lang='lat' dir='ltr'><strong>sed</strong></span> <span class='ocrx_word' id='word_1_221' title='bbox 738 4488 913 4558; x_wconf 89' lang='lat' dir='ltr'><strong>conuenire</strong></span> <span class='ocrx_word' id='word_1_222' title='bbox 927 4494 1109 4572; x_wconf 81' lang='lat' dir='ltr'><strong>teneantur,</strong></span> <span class='ocrx_word' id='word_1_223' title='bbox 1136 4489 1166 4555; x_wconf 92' lang='lat' dir='ltr'><strong>si</strong></span> <span class='ocrx_word' id='word_1_224' title='bbox 1182 4490 1238 4575; x_wconf 87' lang='lat' dir='ltr'><strong>qni</strong></span> 
     </span>
     <span class='ocr_line' id='line_1_32' title="bbox 112 4595 1238 4694; baseline -0.007 -20"><span class='ocrx_word' id='word_1_225' title='bbox 112 4607 226 4676; x_wconf 87' lang='lat' dir='ltr'><strong>uenire</strong></span> <span class='ocrx_word' id='word_1_226' title='bbox 237 4607 389 4694; x_wconf 89' lang='lat' dir='ltr'><strong>poterint.</strong></span> <span class='ocrx_word' id='word_1_227' title='bbox 406 4603 451 4673; x_wconf 91' lang='lat' dir='ltr'><strong>Vt</strong></span> <span class='ocrx_word' id='word_1_228' title='bbox 466 4609 575 4670; x_wconf 83' lang='lat' dir='ltr'><strong>antem</strong></span> <span class='ocrx_word' id='word_1_229' title='bbox 591 4600 651 4667; x_wconf 87' lang='lat' dir='ltr'><strong>hec</strong></span> <span class='ocrx_word' id='word_1_230' title='bbox 661 4597 828 4667; x_wconf 79' lang='lat' dir='ltr'><strong>ordinacio</strong></span> <span class='ocrx_word' id='word_1_231' title='bbox 844 4597 1053 4684; x_wconf 87' lang='lat' dir='ltr'><strong>inposterum</strong></span> <span class='ocrx_word' id='word_1_232' title='bbox 1068 4595 1101 4663; x_wconf 89' lang='lat' dir='ltr'><strong>in</strong></span> <span class='ocrx_word' id='word_1_233' title='bbox 1112 4595 1238 4666; x_wconf 84' lang='lat' dir='ltr'><strong>irritum</strong></span> 
     </span>
     <span class='ocr_line' id='line_1_33' title="bbox 157 4713 1077 4784; baseline -0.014 -2"><span class='ocrx_word' id='word_1_234' title='bbox 157 4745 262 4784; x_wconf 75' lang='lat' dir='ltr'><strong>uom-</strong></span> <span class='ocrx_word' id='word_1_235' title='bbox 277 4741 359 4784; x_wconf 76' lang='lat' dir='ltr'><strong>uuue.</strong></span> <span class='ocrx_word' id='word_1_236' title='bbox 375 4739 444 4779; x_wconf 74' lang='lat' dir='ltr'><strong>men.</strong></span> <span class='ocrx_word' id='word_1_237' title='bbox 466 4747 503 4758; x_wconf 94' lang='lat'>-</span> <span class='ocrx_word' id='word_1_238' title='bbox 516 4737 587 4774; x_wconf 78' lang='lat' dir='ltr'><strong>nuru.</strong></span> <span class='ocrx_word' id='word_1_239' title='bbox 601 4729 632 4768; x_wconf 77' lang='lat'><strong>12.</strong></span> <span class='ocrx_word' id='word_1_240' title='bbox 1037 4713 1077 4770; x_wconf 77' lang='lat'><strong>32</strong></span> 
     </span>
    </p>
   </div>
   <div class='ocr_carea' id='block_1_12' title="bbox 0 0 1633 5194">
    <p class='ocr_par' dir='ltr' id='par_1_12' title="bbox 0 0 1633 5194">
     <span class='ocr_line' id='line_1_34' title="bbox 0 0 1633 5194; baseline 0 0"><span class='ocrx_word' id='word_1_241' title='bbox 0 0 1633 5194; x_wconf 95' lang='lat' dir='ltr'><strong> </strong></span> 
     </span>
    </p>
   </div>
  </div>
 </body>
</html>
