3252 5198
898 316 988 418 56α

355 523 474 584 extunc
490 513 699 600 solempniter
714 513 886 599 publicari.
916 514 957 579 Et
971 515 1049 596 quia
1065 513 1097 578 ln
1114 519 1204 580 tento
1229 515 1361 597 negotio
1378 512 1483 580 arduo

354 626 465 708 utiquc
491 630 524 689 et
539 621 695 708 implicito
721 629 790 690 tam
807 642 866 688 nos
883 641 981 706 quam
998 622 1070 708 ipse
1096 619 1281 705 indigemus
1298 621 1423 688 meritis
1450 630 1484 687 et

352 730 555 799 orationibus
572 728 732 814 adiuvari,
758 728 1005 797 universitatem
1022 735 1166 796 vestram
1182 749 1347 814 rogamus,
1373 749 1485 798 mone-

352 861 423 908 mus
440 846 474 906 et
482 839 649 905 hortamur
663 842 796 920 attente,
815 857 854 903 ao
870 857 928 922 per
939 835 1130 921 Apostolica
1145 837 1240 903 vobis
1259 838 1383 922 scripta
1393 857 1484 902 man-

352 949 478 1029 damus,
505 946 715 1010 obsecrantes
742 943 952 1028 perviscera
979 941 1200 1011 misericordie
1222 944 1285 1010 Dei
1308 946 1422 1030 nostri,
1449 945 1484 1010 in

352 1075 417 1141 qua
432 1052 579 1120 visitavit
603 1072 664 1118 nos
681 1052 788 1117 oriens
805 1053 941 1135 exalto,
968 1057 1128 1134 quatenus
1154 1051 1261 1118 eidem
1277 1053 1361 1138 Regi
1377 1053 1410 1118 in
1426 1053 1482 1118 bu-

351 1160 493 1230 iusmodi
503 1161 679 1227 certamine
695 1159 860 1228 laboranti
876 1159 1021 1227 caritatis
1031 1167 1137 1226 vestre
1154 1159 1346 1244 suffragium
1356 1161 1477 1245 impen-

353 1271 450 1352 datis,
468 1276 500 1334 et
515 1273 689 1355 postquam
705 1267 792 1334 idem
808 1269 878 1333 Rex
894 1287 966 1333 cum
982 1268 1127 1334 exercitu
1152 1287 1210 1333 suo
1226 1265 1346 1333 Assani
1362 1275 1482 1333 terram

356 1376 532 1446 intraverit,
559 1375 717 1441 facientes
743 1372 986 1460 processionem
1003 1373 1204 1460 solempnem
1224 1373 1371 1456 qualibet
1387 1383 1484 1441 sexta

354 1485 436 1551 feria
450 1483 588 1567 singulis
613 1482 814 1570 septimanis,
839 1481 1013 1548 devotione
1039 1481 1155 1548 sedula
1178 1480 1282 1569 illum,
1306 1481 1361 1565 qui
1376 1482 1483 1548 ventis

354 1601 387 1659 et
403 1591 485 1658 mari
501 1591 651 1676 imperat,
676 1589 866 1675 suppliciter
881 1588 1034 1672 exoretis,
1062 1597 1097 1654 ut
1109 1609 1168 1675 per
1185 1609 1277 1655 suam
1301 1589 1484 1656 misericor-

354 1699 443 1765 diam
468 1697 627 1770 infinitam
653 1714 749 1783 super
766 1695 904 1763 eundem
925 1697 1047 1780 Regem
1063 1702 1095 1762 et
1119 1715 1196 1762 suos
1211 1696 1399 1763 illuminans
1415 1696 1483 1763 vul-

354 1813 423 1873 tum
439 1825 542 1889 suum,
569 1807 714 1891 ipsorum
730 1823 939 1891 progressum
963 1803 1114 1888 dignetur
1132 1805 1385 1871 misericorditer
1411 1824 1485 1889 pro-

355 1933 506 2000 sperare;
524 1932 563 1979 ac
578 1911 702 1996 singuli
718 1909 904 1978 sacerdotes
929 1913 1030 1978 semel
1047 1913 1192 1996 qualibet
1215 1912 1399 1999 septimana
1420 1933 1484 1997 pro

354 2021 441 2090 felici
455 2028 544 2087 statu
560 2018 720 2087 exercitus
736 2020 858 2085 munda
882 2019 1082 2086 conscicntia
1094 2027 1126 2088 et
1142 2019 1232 2106 puris
1242 2020 1393 2088 manibus
1406 2019 1485 2087 offe-

357 2133 431 2194 rant
447 2128 641 2194 sacrificium
657 2129 796 2194 Domino
812 2130 883 2195 Deo
899 2134 1021 2212 nostro,
1049 2136 1081 2194 et
1096 2129 1287 2196 commissos
1301 2129 1363 2195 sibi
1380 2148 1483 2214 popu-

357 2237 407 2303 los
424 2235 468 2302 ad
492 2236 743 2321 supplicandum
760 2239 830 2303 Deo
856 2257 915 2322 pro
932 2235 1005 2324 ipsc
1022 2239 1165 2304 exercitu
1185 2240 1307 2306 crebris
1332 2239 1484 2304 exhorta-

357 2343 500 2411 tionibus
517 2352 667 2411 moneant
692 2344 867 2412 efficaciter
883 2352 915 2412 ct
929 2345 1094 2413 inducant.
1120 2348 1160 2412 Et
1176 2354 1212 2412 ut
1227 2347 1341 2414 fideles
1359 2343 1482 2411 Obristi

356 2451 472 2519 lortius
498 2450 680 2518 animentur
704 2451 748 2517 ad
771 2451 911 2538 prelium
925 2453 1058 2519 Domini
1083 2453 1297 2540 preliandum,
1322 2451 1486 2520 universis

356 2558 622 2644 Arcbiepiscopis
646 2565 679 2624 et
694 2559 888 2645 Episcopis,
915 2561 970 2645 qui
988 2561 1167 2628 intererunt
1191 2562 1346 2630 exercitui
1372 2580 1473 2647 supra

357 2664 464 2752 dicto,
490 2667 715 2751 concedimus,
742 2674 778 2734 ut
801 2667 835 2734 in
860 2669 1084 2756 solempnibus
1108 2670 1386 2754 predicationibus
1415 2669 1487 2736 suis

357 2771 558 2840 moderatam
584 2773 709 2860 aliquot
732 2773 856 2840 dierum
881 2776 1120 2862 indulgentiam
1152 2776 1345 2845 auctoritate
1371 2783 1488 2844 nostra

357 2900 433 2947 vere
457 2879 679 2966 penitentibus
704 2889 736 2948 et
752 2882 921 2967 confessis,
946 2892 1044 2968 prout
1068 2885 1224 2971 expedire
1244 2885 1395 2970 viderint,
1421 2885 1488 2949 lar-

357 2987 498 3070 giantur.
515 2989 637 3054 Datum
646 2988 798 3072 Anagnia
808 2991 863 3056 VI.
881 2986 955 3056 idus
965 2992 1106 3074 Augusti
1122 2989 1352 3078 (l'ontilicatus
1367 2991 1488 3078 nostri)

357 3115 442 3162 anno
457 3095 660 3164 duodecimo.

393 3309 529 3376 (Theiner,
538 3312 640 3365 Vetera
648 3315 824 3366 Monumenta
832 3315 973 3366 Historiae
982 3315 1153 3381 Hungariam
1162 3315 1272 3367 Sacram
1283 3315 1451 3368 illustrantia

813 3406 835 3456 1.
849 3405 906 3456 lot.
922 3405 981 3456 164.
994 3403 1024 3470 l.)
