3186 5188
609 326 770 430 Q..

82 519 354 606 possidendas,
372 522 529 592 tenendos
546 543 587 591 uo
602 523 781 609 habendus,
797 523 883 593 sieut
899 530 997 593 erunt
1008 525 1043 592 in
1060 533 1167 612 antee,
1188 548 1256 614 per·

103 631 220 714 petuo
237 630 467 715 reliquissent;
495 633 599 700 saluis
615 633 823 718 monasteriis
839 640 871 701 et
888 634 964 719 uiijs
980 637 1254 722 possessionibus,

101 756 199 821 quas
229 757 305 806 oum
331 759 392 806 sun
417 740 637 824 genereeione
660 742 696 808 in
712 738 868 826 predictis
884 739 1102 810 Oomitstibns
1127 748 1161 810 et
1177 744 1254 829 otiis

101 845 228 932 Regni
254 847 406 933 partibus
438 849 652 917 communiter
676 848 857 916 dinosoitnr
883 849 1064 936 possidere.
1094 851 1165 920 Hoe
1188 872 1254 921 non

101 953 345 1042 pretermisso,
372 956 460 1040 quod
476 956 594 1024 Comes
613 956 686 1024 Iseo
710 964 862 1043 presente
879 956 1005 1026 comite
1023 958 1206 1044 Pengrouio
1223 967 1256 1027 et

102 1058 253 1128 homine
268 1068 379 1131 vestro
405 1063 569 1151 prelibato
584 1062 679 1152 dixit,
705 1065 794 1150 quod
810 1067 889 1152 quin
911 1071 987 1133 sunt
1000 1064 1130 1152 iratres,
1156 1087 1254 1155 quun-

104 1175 320 1255 tnmounque
337 1173 594 1241 reumbulenerit
617 1173 844 1260 possessiones
858 1193 937 1242 suus
963 1180 1167 1261 perveteres
1191 1196 1254 1244 mo

108 1283 165 1344 tas
183 1279 255 1346 sibi
273 1279 519 1368 appropriando
544 1280 642 1349 nullis
658 1281 974 1368 contradicentibus,
998 1283 1209 1352 nihilominus
1224 1289 1253 1355 si

106 1385 264 1452 alterum
281 1386 386 1454 altero
402 1388 475 1458 siue
491 1387 612 1456 herede
627 1388 771 1475 premoti
791 1390 970 1476 eontinget,
988 1411 1054 1458 non
1071 1391 1128 1479 ulij
1144 1391 1186 1458 de
1200 1413 1253 1478 ge·

106 1494 297 1562 neraoione
308 1514 370 1562 suu
385 1495 703 1584 inpossessionibus,
721 1516 785 1581 que
794 1497 829 1564 in
839 1497 1012 1566 cuiuslibet
1020 1505 1113 1586 porte
1132 1509 1251 1586 essent,

107 1602 309 1690 snoeedant,
327 1603 387 1671 sed
403 1605 499 1692 olins,
527 1605 583 1693 qui
598 1611 763 1693 superstes
778 1604 877 1672 inerit
893 1603 935 1672 de
950 1605 1074 1673 eisdem
1095 1627 1168 1674 oum
1183 1606 1252 1676 suis

109 1707 286 1778 iratribus.
313 1712 436 1780 Dutum
462 1713 496 1780 in
522 1712 694 1797 quindenis
719 1712 984 1783 Resurreooionis
1011 1715 1141 1783 Domini
1165 1736 1252 1785 enno

110 1817 255 1884 Domini
271 1817 446 1889 millesimo
464 1820 685 1891 dueentesimo
701 1821 953 1910 quadragesimo
972 1822 1121 1908 septimo.

149 2014 289 2084 (Bithory
300 2016 397 2070 Istvdn
410 2019 513 2086 erdelyi
525 2020 609 2088 vsjds
624 2022 737 2074 sets-ki
750 2019 851 2076 itirute
864 2023 965 2074 suerint
976 2041 983 2085 ς
997 2022 1077 2074 ukir.
1091 2022 1214 2075 inmersi

590 2107 781 2178 levdltdrbun.)

651 2837 728 2909 1'10.

117 3021 168 3086 Az
186 3021 257 3106 apri
273 3018 487 3104 inputantes
505 3019 773 3107 bizonpudpleuelu,
795 3025 878 3109 dopy
893 3023 989 3090 Moza
1020 3023 1252 3111 Vuttduuulnfia

190 3126 289 3194 Oumd
303 3129 383 3192 neoti
398 3125 529 3192 teretur
543 3125 642 3213 Noqy
660 3125 768 3194 Olaezu'
783 3127 950 3216 Eyyedoek
965 3131 1077 3197 clauso„
1093 3128 1191 3198 1247.

231 3321 390 3391 Omnibus
415 3319 535 3389 Christi
559 3320 709 3391 fidelibus
724 3329 893 3410 presentes
912 3325 1038 3394 litteras
1057 3326 1251 3415 inspecturis

119 3431 296 3518 Agriensis
318 3428 465 3498 Euolesie
490 3428 643 3498 deuotum
668 3429 854 3517 Capitulum
879 3432 1018 3502 sulutem
1048 3435 1082 3502 in
1109 3438 1251 3505 omnium

121 3541 302 3608 sslnstore.
318 3535 532 3604 Vniuersiteti
549 3539 665 3606 vestre
681 3543 792 3606 tenore
805 3541 1014 3625 presencium
1035 3541 1249 3636 deoiurumus,

121 3647 209 3734 qnod
228 3645 364 3713 veniens
388 3643 432 3712 ed
455 3651 601 3714 nostrum
626 3646 829 3732 presencium
855 3645 992 3734 tigidius
1016 3649 1104 3720 filins
1128 3653 1251 3723 Thomu

122 3754 163 3823 de
188 3752 271 3821 villu
295 3752 444 3838 Nogolou
469 3771 510 3819 ex
534 3771 600 3821 vno
624 3760 727 3842 purte,
754 3760 852 3840 utque
876 3757 980 3838 tiozo,
1005 3761 1062 3842 qui
1088 3777 1125 3829 se
1149 3763 1251 3831 filium

120 3861 246 3930 votthe
263 3859 402 3946 dioebut,
419 3879 462 3927 ex
477 3861 594 3947 ultera,
617 3861 787 3948 proposuit
803 3883 912 3932 eorum
928 3866 1024 3935 nobis
1043 3868 1129 3935 idem
1145 3871 1249 3959 Mons,

124 3968 212 4057 quod
230 3987 270 4037 ex
283 3986 444 4036 eonsensu
462 3975 494 4036 et
509 3968 676 4037 voluntate
693 3971 862 4040 oonetunei
880 3969 967 4060 (igy)
983 3973 1034 4040 sui
1050 3976 1126 4061 Mog
1143 3976 1251 4045 Abbo-

122 4080 164 4146 tis
180 4075 372 4162 Monusterij
391 4073 432 4142 de
447 4076 621 4162 Soereneh,
637 4097 698 4144 nee
712 4098 777 4146 non
793 4085 826 4146 et
840 4081 1055 4149 Patrononum
1071 4082 1174 4170 ipsius
1185 4085 1251 4154 iio·

122 4185 272 4272 nesterij,
298 4204 357 4272 pro
374 4184 491 4270 quibus
506 4185 621 4254 Abbus
638 4185 809 4272 respondit
823 4194 1031 4274 memoratus,
1048 4189 1249 4260 vendidisset

123 4293 291 4382 quondam
306 4299 426 4361 terrum
443 4312 537 4362 suem
551 4292 794 4379 hereditoriam,
821 4313 884 4379 que
901 4295 1007 4365 Ownd
1022 4303 1166 4385 vocetur,
1191 4321 1251 4389 pro

123 4426 186 4474 vna
202 4423 315 4472 morou
330 4403 458 4488 urgenti
482 4410 515 4470 et
530 4402 634 4472 tribus
656 4403 847 4489 fertonibus,
872 4410 905 4471 et
919 4425 978 4491 pro
993 4405 1252 4493 vigintiquinque

125 4512 250 4582 oubuiis
267 4510 336 4577 vini
351 4510 592 4598 inperpetuum
608 4511 841 4600 possidendum
856 4513 975 4600 Egidio
992 4523 1170 4585 memorato
1190 4519 1251 4586 sub

123 4622 186 4690 iiiis
201 4621 314 4704 metis,
343 4618 404 4685 sub
428 4621 546 4705 quibus
571 4627 638 4689 tum
655 4622 736 4707 ipse,
766 4640 865 4705 quum
883 4623 1000 4692 iratres
1024 4623 1074 4692 sui
1097 4625 1249 4709 possedis
