3186 5188
615 299 770 398 „mm

110 511 207 560 nem.
227 491 311 562 Oum
323 493 406 562 tede
416 499 523 562 cetere
539 493 715 582 specialem
728 493 814 562 inter
823 492 960 562 devotos
970 495 1119 564 llcolesie
1128 497 1253 582 repnte-

111 617 203 686 mus,
224 603 403 690 petitiones
422 609 503 688 tuas,
519 606 675 690 quantum
695 621 768 672 cum
778 603 848 672 Deo
859 623 1041 690 possumus,
1058 604 1195 672 libenter
1214 598 1257 668 ad

109 708 268 793 gratiam
278 709 498 781 exauditionis
512 710 723 796 admittimus,
740 717 773 778 et
787 711 872 781 votis
887 711 952 780 tuis
967 711 1112 781 favorem
1127 710 1256 778 benivo-

109 816 184 884 lum
201 818 420 906 impertimur.
437 819 631 906 lleprupter,
648 817 816 888 cadesime
831 819 865 886 in
882 817 1012 888 Christo
1027 819 1086 903 lili,
1098 817 1164 886 tuis
1180 837 1254 904 sup·

109 923 359 1011 plicationibus
369 925 526 1011 inclinati,
541 925 714 1012 Episcopio
724 932 758 993 et
768 924 842 993 aliis
861 924 1254 1012 presbyterisdeltussie,

109 1038 148 1099 ut
164 1031 274 1100 liceat
289 1033 338 1101 cis
357 1053 446 1103 more
460 1051 519 1103 suo
534 1052 577 1104 ex
591 1031 787 1104 tormentata
803 1031 971 1118 conficere,
992 1041 1025 1101 et
1039 1033 1124 1101 alios
1141 1052 1254 1100 eorum

108 1139 211 1221 ritus,
241 1142 298 1228 qni
314 1141 391 1208 fidei
407 1141 577 1228 catholice,
603 1161 701 1229 quem
726 1141 877 1209 Ecclesia
900 1144 1047 1211 Romana
1066 1146 1163 1224 tenet,
1188 1160 1253 1209 non

109 1246 270 1335 obviant,
288 1249 473 1334 observare,
497 1249 691 1318 auctoritate
706 1249 906 1337 presentium
921 1249 1138 1335 indulgemus.
1164 1247 1254 1316 Nulli

110 1374 199 1440 erge
212 1354 348 1425 omnino
357 1355 523 1425 hominum
537 1356 732 1424 liceathanc
747 1356 903 1444 peginam
913 1362 1022 1426 nostre
1033 1355 1252 1426 concessionis

111 1469 146 1530 et
163 1461 318 1531 indultus
327 1463 515 1552 infringere,
532 1463 632 1534 uslei
656 1484 738 1534 ausu
753 1464 927 1534 temerarie
943 1463 1114 1534 conueire.
1128 1465 1165 1534 Si
1179 1464 1252 1551 quis

110 1578 235 1640 antem
251 1573 314 1643 hoc
329 1579 526 1661 attemptare
549 1573 786 1663 presumpserit
802 1573 1073 1659 indignationem.
1099 1573 1250 1662 Omnipo·

110 1679 223 1749 tentis
240 1681 314 1766 Dei,
341 1687 374 1750 et
388 1681 563 1751 Beatorum
587 1683 676 1750 Petri
701 1688 734 1749 et
757 1681 852 1750 Pauli
867 1682 1098 1769 Apostolorum
1116 1682 1187 1766 ejus
1215 1701 1252 1748 se

1 1787 2 1800 ¹
110 1788 252 1855 noverit
266 1789 477 1857 incursurum.
497 1791 620 1858 Datum
628 1789 781 1876 Lugduni
796 1789 850 1858 Vl.
861 1787 1025 1858 kalendas
1042 1787 1251 1876 Septembris,

1 1991 2 1994 Ἴ
112 1893 456 1964 Pontificatusnostri
472 1895 699 1982 annoquinto.

296 2091 453 2160 (Turgenee
475 2092 655 2147 Monnmeuts
668 2093 739 2147 Hist.
754 2095 870 2148 auriae
882 2095 905 2146 1.
921 2093 977 2146 lrdt.
991 2093 1034 2146 ol.
1047 2091 1077 2159 l.)

652 2898 730 2972 lou.

118 3096 142 3160 I
145 3097 180 3162 V.
198 3097 290 3165 Ionae
303 3105 393 3187 pcipe
404 3099 525 3166 Duciel
536 3100 686 3185 palicziue‘
694 3105 725 3166 eir
742 3099 896 3166 Waeztlto
905 3100 1249 3188 ledomeriue'loirdlyok·

118 3204 180 3269 nale
196 3205 383 3291 cupedelmet
397 3204 451 3289 od,
476 3207 558 3292 lropp
573 3229 611 3271 az
627 3207 693 3272 dket
707 3207 791 3273 illem
806 3205 934 3272 birtokot
948 3207 1075 3273 miudes
1093 3207 1161 3273 moe
1170 3205 1249 3294 feje-

380 3311 520 3380 clelcmtdl
534 3311 857 3400 oimzosoplcilrueedk.
871 3307 972 3379 ⁴12l7.

226 3506 437 3576 Innocentius
446 3507 630 3596 spiscopus
640 3527 754 3578 servus
774 3529 942 3579 servorum
951 3510 1015 3579 Dei
1025 3508 1152 3579 dilectis
1171 3511 1248 3580 liliis

1 3695 2 3698 Ἴ
119 3614 311 3684 lllustribus
329 3615 459 3684 Danieli
473 3616 594 3685 Russie
609 3622 641 3684 et
656 3617 708 3684 W.
724 3615 937 3686 Laudcmerie
951 3617 1044 3687 fratri
1068 3619 1138 3704 eius
1153 3621 1248 3706 Regi·

122 3722 195 3806 bus,
208 3726 243 3788 et
257 3729 336 3791 nato
345 3721 492 3808 ejusdem
507 3723 658 3792 Danielis
669 3725 852 3794 salutemet
866 3726 1089 3813 Apostolicam
1099 3727 1247 3796 benedie-

119 3812 253 3880 tionem.
272 3810 385 3880 Guma
400 3811 495 3882 nobis
511 3813 641 3901 petitur,
657 3815 745 3900 quod
753 3815 873 3884 iustum
883 3817 1164 3904 estcthonestnm,
1178 3824 1247 3886 tam

117 3920 212 4006 vigor
227 3919 392 4006 equitatis,
408 3941 507 4008 quem
523 3920 604 3990 ordo
614 3921 873 4011 exigitrationis,
890 3931 926 3992 ut
939 3923 975 3991 id
984 3945 1043 4011 per
1058 3925 1246 3994 sollicitudi-

116 4048 188 4096 nem
198 4027 297 4098 officii
312 4027 416 4099 nostri
430 4027 474 4097 ad
490 4029 634 4100 debiturn
649 4029 864 4119 perdonamus
874 4033 1033 4102 ellectum.
1052 4035 1245 4122 llapropter,

117 4137 281 4205 carissimi
290 4136 324 4202 in
335 4137 462 4206 Christo
472 4137 542 4226 lilii,
552 4139 671 4209 vestris
679 4141 773 4210 iustis
783 4141 935 4228 precibus
943 4140 1102 4225 inclinati,
1113 4159 1245 4228 recupe-

116 4245 212 4314 randi
223 4245 460 4333 possessiones,
477 4253 592 4336 terres,
609 4250 719 4317 etalia
734 4249 822 4320 bone
837 4248 881 4316 ed
897 4269 955 4317 vos
971 4248 1178 4334 hereditario,
1194 4251 1246 4318 vel

114 4355 179 4423 ulie
191 4354 267 4441 jnro
284 4353 477 4441 spectantia,
493 4375 557 4441 que
573 4355 630 4425 alii
646 4358 774 4444 Reges,
790 4357 846 4441 qui
861 4357 896 4424 in
911 4355 1058 4426 llcclesie
1072 4356 1245 4427 devotione

113 4481 177 4529 non
185 4466 389 4548 permanent,
409 4467 521 4530 centra
539 4461 698 4533 iustitiam
714 4462 868 4547 detinent,
894 4469 927 4529 et
941 4461 1079 4548 injurias
1104 4463 1245 4533 seculari

1 4629 2 4660 3
114 4568 260 4657 potentia
270 4568 494 4660 propulsandi,
505 4570 644 4641 liberam
652 4573 745 4642 robis
756 4569 963 4642 concedimus
972 4571 1166 4642 auctoritate
1175 4591 1244 4658 pre
