3226 5194
653 928 731 996 363.

270 1110 301 1174 Α
317 1107 379 1176 Jdk
394 1109 654 1195 eemzeeeptettet
669 1108 735 1176 kozt
750 1112 862 1178 terrem
877 1111 1000 1197 osettp.
1020 1109 1119 1178 1259.

237 1305 358 1372 Datum
374 1325 433 1392 pro
450 1305 627 1386 memoria,
647 1305 882 1389 quodbiertino
900 1305 1026 1376 Gemite
1042 1307 1110 1375 titio
1123 1309 1259 1378 Comitis

125 1412 262 1479 Martini
279 1432 319 1478 ex
330 1433 394 1479 unu
411 1419 513 1500 purte,
533 1422 565 1480 et
575 1413 739 1498 Tristeno,
754 1416 864 1500 nyss,
881 1416 1020 1484 Mertino
1034 1436 1075 1483 eo
1085 1417 1257 1503 Reynoldo

126 1519 170 1585 de
188 1521 406 1605 generatione
423 1520 488 1587 tau
506 1541 547 1587 ex
568 1522 672 1588 alteru
692 1541 802 1588 eorem
823 1523 919 1592 nobis
938 1523 1139 1611 eonstitutis;
1159 1524 1258 1612 ijdem

125 1647 230 1714 super
254 1627 414 1696 diuisione
431 1637 514 1696 terre
540 1649 597 1696 sue
614 1629 820 1717 hereditarie,
848 1651 946 1718 super
966 1651 1032 1716 qua
1058 1635 1142 1700 inter
1165 1634 1256 1721 ipsos

125 1737 352 1806 controuersia
377 1738 565 1805 vertebatur
590 1757 698 1804 eoram
724 1737 830 1821 nobis,
859 1757 896 1806 se
920 1740 1098 1808 retulerunt
1122 1740 1166 1808 ad
1191 1743 1259 1810 tsle

126 1846 223 1929 pseis
241 1846 442 1913 commodum
460 1845 650 1913 deuenisse:
669 1845 763 1924 Quod
780 1846 944 1934 predietus
959 1845 1076 1918 Comes
1098 1849 1256 1917 Martinus

127 1951 275 2021 dedisset
290 1952 445 2041 predictis
461 1955 626 2039 Tristeno,
644 1953 752 2038 Myke,
769 1954 909 2023 Murtino
935 1973 974 2022 ee
991 1954 1161 2040 Rsynoldo
1186 1977 1256 2043 por·

127 2061 253 2128 eiouem
279 2068 365 2129 terre
390 2062 608 2148 Dubrapetsk
635 2067 767 2145 veeste,
798 2069 963 2149 receptum
989 2084 1009 2128 s
1033 2064 1201 2150 Stephano
1225 2071 1258 2133 et

126 2169 334 2237 Bertolomeo
351 2171 427 2256 fitijs
439 2169 556 2237 Jseobi
567 2170 702 2237 Comitis
713 2170 745 2236 in
762 2170 1159 2257 ooneambiumporeionis
1173 2177 1258 2240 terre

128 2295 188 2343 sue
199 2278 474 2363 nomineKorpna
491 2277 550 2343 sub
567 2277 684 2362 ijsdem
702 2278 807 2362 metis,
825 2277 1150 2362 quibusvenersbtlts
1166 2286 1259 2367 puter

126 2382 371 2472 espiscopus
397 2384 581 2451 tauriensis
608 2383 649 2450 de
672 2389 785 2453 nostro
811 2385 986 2470 mundato,
1013 2406 1086 2454 oum
1111 2390 1258 2472 eognitor

127 2497 218 2559 esset
243 2511 341 2559 eause
367 2490 584 2578 predietorum
610 2491 776 2576 nobilium,
804 2492 948 2579 predioto
975 2490 1093 2562 Comiti
1118 2495 1256 2564 Martino

127 2621 189 2688 per
204 2599 379 2668 Custodem
396 2601 544 2667 Euelesie
560 2601 671 2667 Ferrei
689 2600 795 2668 Casiri
819 2599 941 2668 iecerat
957 2601 1129 2686 assignari.
1157 2604 1257 2674 Cuius

127 2709 262 2792 quidem
287 2715 372 2776 terre
398 2709 571 2777 collationi
589 2707 823 2792 bartolomeus,
851 2710 989 2794 quitum
1012 2730 1071 2797 pro
1088 2730 1132 2797 se,
1158 2732 1257 2795 quem

126 2839 188 2906 pro
205 2817 371 2904 Stephano
398 2817 499 2885 tratre
515 2835 573 2886 suo
592 2817 704 2904 antiit,
732 2819 773 2884 de
788 2819 906 2903 quibus
921 2816 1071 2903 prediets
1094 2825 1181 2885 terra
1196 2819 1255 2886 Co-

126 2926 199 2993 miti
216 2927 355 2994 Murtino
372 2927 557 3013 deuoueret,
574 2927 740 2996 consensit
755 2925 1000 3013 presencialiter
1016 2944 1124 2992 eorem
1140 2928 1256 3014 nobis;

125 3031 190 3100 hoe
216 3054 383 3121 expresso,
411 3035 499 3120 quod
525 3057 583 3123 pro
610 3035 771 3122 particula
795 3039 881 3101 terre
905 3034 1067 3118 predicte,
1095 3034 1173 3101 dote
1197 3057 1257 3122 per

128 3141 287 3209 Comitem
313 3142 488 3209 Martinum
515 3142 593 3208 viris
610 3139 816 3228 supradietis,
841 3157 939 3223 quum
958 3139 1154 3227 partieulum
1173 3142 1256 3211 Jurk

125 3252 214 3318 titius
230 3249 336 3318 Cethe
364 3251 514 3336 inhibuit,
530 3251 690 3318 Martinus
717 3247 834 3318 Comes
850 3248 941 3316 iuxta
964 3267 1067 3317 nouus
1083 3256 1189 3318 metes
1205 3271 1257 3319 oo·

10 3443 13 3451 y
126 3379 201 3428 ram
225 3358 355 3427 homine
372 3357 516 3445 Capituli
533 3357 645 3425 Ferrei
662 3355 770 3424 Castri
786 3364 931 3443 ereetss3
958 3375 1073 3425 uersus
1093 3357 1256 3447 Zurnupu·

127 3467 186 3534 tok
202 3485 224 3532 u
239 3475 331 3554 perte
347 3465 545 3534 oeeidenteli
561 3464 738 3532 seeundum
755 3463 925 3530 arbitrium
934 3463 1040 3532 Pouse
1057 3472 1090 3533 et
1106 3465 1256 3536 Situestri

127 3575 298 3662 Comitum,
325 3574 378 3641 uei
394 3573 528 3642 alterius
545 3591 667 3658 eorum,
692 3571 721 3640 si
738 3573 835 3639 ambo
852 3571 1010 3641 interesse
1030 3595 1095 3643 nou
1111 3585 1256 3662 possent,

128 3683 336 3752 considerate
345 3685 505 3769 qualitate
521 3690 553 3750 et
569 3682 750 3767 quantitate
766 3682 925 3750 dictarum
944 3691 1101 3750 terrerum
1117 3685 1256 3754 subbato

127 3793 274 3880 proximo
289 3799 363 3879 poet
383 3793 488 3860 Pasea
504 3813 613 3858 eoram
632 3790 857 3878 prenominato
872 3789 1013 3859 Custode
1030 3792 1139 3859 Persei
1150 3795 1257 3862 Cestri

127 3903 273 3970 deterre
290 3921 350 3970 sne
377 3902 506 3989 pignori
524 3901 702 3985 obligabit3
729 3901 787 3985 ita,
805 3899 892 3986 quod
909 3899 937 3967 si
953 3899 1044 3967 illem
1061 3902 1255 3986 partientem

127 4010 300 4078 inhibitam
318 4031 339 4077 a
355 4011 501 4077 Jurkone
526 4011 671 4097 predicto
689 4010 805 4077 Comes
821 4009 978 4076 Martinus
996 4009 1146 4076 euincere
1162 4015 1255 4098 potu·

128 4121 200 4200 erit,
226 4118 325 4204 ijdem
341 4118 403 4186 uiri
421 4126 557 4206 eoeepts
582 4118 645 4185 sibi
662 4119 777 4186 eadem
798 4118 970 4205 pertieulu,
994 4117 1115 4185 dietum
1134 4124 1255 4186 terrem

127 4226 259 4315 pignori
282 4227 463 4313 obligatum
480 4227 620 4294 Murtiuo
637 4225 755 4310 Comitj
772 4225 995 4310 resignabunt.
1021 4225 1055 4293 Si
1072 4245 1149 4293 vero
1167 4227 1254 4295 idem

127 4336 211 4403 Jurk
227 4335 363 4402 eandem
383 4343 502 4402 terram
520 4335 676 4402 aComite
687 4333 827 4400 Mertino
843 4332 924 4400 iuris
942 4334 1056 4401 ordine
1067 4336 1255 4422 optinuerit,

127 4443 247 4511 dietum
264 4451 386 4512 terrum
402 4446 654 4530 inpignoratam
672 4440 810 4527 predieti
825 4440 887 4506 viri
904 4441 975 4508 sine
993 4441 1255 4515 eontrediooioue

127 4553 240 4638 alique
250 4561 406 4640 perpetuo
418 4551 640 4641 possidebunt.
657 4550 811 4618 Pretereu
823 4550 983 4635 obligauit
997 4571 1033 4618 se
1043 4550 1128 4620 idem
1140 4552 1255 4622 Comes

126 4662 303 4744 Martinus,
321 4660 408 4746 quod
424 4662 452 4728 si
468 4659 613 4748 predicto
640 4655 777 4724 subbato
792 4659 940 4746 proximo
964 4666 1039 4745 post
1053 4661 1168 4748 Pesea,
1193 4669 1254 4733 ter·
