3186 5188
589 370 748 471 Q

85 561 335 649 possidendum
354 600 991 618 -----------
1013 569 1108 638 nobis
1133 571 1230 638 lirmi-

84 678 136 736 ter
153 667 316 738 ordinate
338 669 372 737 in
388 671 504 756 elapsu
519 676 700 758 temporum
727 676 795 737 torn
811 691 874 758 pur
888 673 1032 760 eosdem,
1058 696 1156 763 quern
1171 699 1230 765 por

83 774 315 860 heredumque
331 795 556 861 seeoessores,
573 783 685 863 posset
697 775 733 842 iu
750 777 894 846 doterirm
910 782 1100 867 rebrueteri‚
1118 783 1170 850 litt
1186 821 1230 832 —

84 918 379 934 —————
395 883 573 950 munimine
597 883 748 950 duximus
768 885 1009 972 imperpetuum
1029 891 1229 958 eommuniri.

83 990 216 1054 Datum
247 989 289 1056 eb
314 989 548 1058 Inearneoione
564 990 697 1057 Domini
721 989 1040 1082 M⁰CO⁰XL⁰VIlI⁰,
1056 997 1090 1064 in
1115 1005 1233 1066 oeture

85 1095 291 1164 Natiuitatis
305 1098 409 1165 Beete
424 1097 570 1184 Virginis
586 1135 985 1153 -------

173 1311 230 1374 (Ae
245 1311 349 1363 eredeti
362 1308 430 1364 utin
442 1309 515 1364 Beth
524 1309 627 1379 Kiroly
639 1315 729 1366 Huzai
743 1314 915 1384 Okmtnytrir
926 1319 974 1370 1v.
988 1321 1043 1371 lritt.
1057 1324 1100 1373 oe.
1114 1321 1145 1389 l.)

534 1651 789 1666 -----——

594 2281 595 2284 ,
618 2220 696 2288 leo.

91 2420 139 2484 Az
167 2422 356 2506 eeztergemi
379 2419 592 2505 lepteleueele
615 2421 891 2509 bizenperipleeele,
921 2423 1004 2509 kopp
1032 2425 1225 2492 Ondereeele

89 2527 179 2590 Peter
205 2527 362 2592 eooeeeeele
387 2531 515 2613 ‹izeeppe
539 2527 685 2591 littoreis
709 2534 798 2594 ee'zee
822 2530 855 2594 lt
878 2531 941 2596 uolt
965 2532 1098 2616 ele'qitee.
1125 2533 1223 2597 1248.

361 2725 390 2790 A
554 2722 580 2787 B
743 2721 769 2790 C
930 2727 960 2792 D

197 2919 259 2989 Ph.
277 2919 467 3006 Propositus
483 2925 516 2984 et
533 2917 721 3005 capitulum
743 2918 977 3006 strigoniensis
993 2923 1140 2992 Eeolesie
1156 2944 1222 2991 em-

93 3026 185 3095 nibus
201 3032 374 3115 presentes
398 3027 526 3094 littores
542 3026 739 3112 inspecturis
764 3027 905 3095 sulutem
929 3029 964 3095 in
980 3029 1120 3098 Domino
1139 3031 1222 3098 Jesu

92 3134 233 3202 Christo.
261 3132 391 3202 Netinis
408 3135 552 3202 omnium
567 3141 680 3202 tenore
705 3134 910 3220 presencium
934 3132 1085 3204 duximus
1101 3132 1220 3220 signifi·

93 3241 242 3327 eandnm,
267 3240 354 3326 quod
371 3241 504 3307 domiue
520 3239 720 3308 Ondnruueh
738 3241 872 3309 Comitis
889 3240 929 3308 de
946 3259 1065 3326 genere
1081 3243 1221 3331 Cuplun‚

93 3348 205 3414 reliota
220 3347 312 3414 Petri
325 3347 459 3415 Comitis
475 3348 535 3434 filij
546 3349 667 3432 Perrh,
684 3349 718 3416 iu
733 3355 846 3416 nostra
862 3347 1039 3416 constituta
1048 3352 1222 3438 presenoiu

91 3457 263 3542 proposuit
278 3465 311 3524 et
326 3457 478 3525 confesse
493 3463 552 3541 est,
580 3455 668 3542 quod
684 3477 704 3522 e
720 3457 787 3526 filio
803 3476 863 3524 suo
880 3457 1012 3524 Andree
1038 3479 1148 3526 eorem
1164 3481 1218 3528 ne-

93 3563 140 3629 bis
155 3573 233 3630 tune
248 3572 408 3648 presente,
427 3585 522 3648 quem
538 3562 579 3630 de
596 3563 709 3632 eodem
719 3566 816 3632 Petro
833 3563 957 3631 Gemite
970 3575 1139 3652 genuerat,
1157 3590 1221 3655 pro

93 3669 164 3736 dote
178 3689 242 3736 sue
256 3672 379 3756 reoepit
395 3670 566 3740 duodecim
593 3691 720 3738 mareas
736 3672 875 3758 ergentj,
901 3681 933 3739 et
948 3673 1113 3741 residuum
1130 3675 1219 3743 debi-

93 3775 128 3858 tj,
151 3774 185 3842 in
196 3796 261 3860 quo
278 3776 455 3844 seeundum
473 3777 579 3862 Regni
596 3776 862 3847 consuetudinem
877 3800 935 3865 pro
946 3780 1021 3847 dote
1040 3801 1102 3850 sue
1112 3781 1219 3848 eidem

94 3885 273 3968 tenebatur,
300 3884 481 3952 liberaliter
505 3893 607 3952 totum
626 3886 763 3954 remisit.
789 3887 840 3953 Ite
855 3894 974 3974 temen,
1000 3889 1088 3973 quod
1113 3909 1218 3974 neque

95 3987 178 4058 dioto
202 3991 344 4077 demine,
371 4013 432 4060 nee
448 3993 568 4078 aliquis
595 3994 635 4060 tle
650 3989 902 4078 consanguineis
926 3995 1071 4062 eiusdem
1096 3994 1220 4062 dietum

96 4097 254 4167 lndreem
270 4121 330 4187 pro
347 4100 424 4168 dote
439 4101 629 4188 supradicte
644 4103 756 4168 valeat
767 4102 967 4187 inposterum
978 4104 1161 4170 molestare.
1179 4105 1221 4171 Et

95 4203 150 4271 hoe
165 4229 225 4293 pre
242 4208 326 4276 boue
343 4209 435 4294 paeis
451 4215 483 4275 et
499 4229 611 4278 amore
626 4211 696 4294 filij,
714 4210 840 4294 etipse
855 4229 927 4275 eum
947 4211 1061 4276 eodem
1073 4209 1221 4296 predioto

96 4311 164 4398 tilio,
190 4322 223 4383 et
238 4315 323 4383 lilius
348 4336 422 4384 eum
447 4315 562 4385 eedem
587 4318 724 4404 peeifiee
749 4321 781 4382 et
804 4316 874 4383 sine
899 4317 1011 4400 alique
1040 4317 1221 4388 offensione

96 4430 200 4500 posset
225 4423 430 4492 commereri.
462 4423 531 4492 Nos
556 4425 656 4509 igitur
680 4423 723 4490 ed
748 4422 942 4490 insteneiem
968 4432 1000 4489 et
1025 4424 1219 4508 peticionem

98 4526 234 4596 eiusdem
251 4528 392 4616 demine,
417 4531 484 4598 filio
500 4551 559 4599 sno
584 4529 772 4617 supradieto
789 4530 919 4597 Andree
934 4529 1062 4598 litteras
1088 4539 1220 4600 nostres

96 4635 324 4708 testimoniales
350 4639 570 4707 eonoessimus
595 4637 696 4724 sigilli
711 4636 813 4704 nestri
837 4637 1013 4705 munimine
1030 4639 1215 4710 roboratos.
