3226 5194
856 353 1015 456 An.

375 547 554 633 stringitur,
571 549 626 615 ubi
642 554 727 617 meto
743 556 903 618 terrarum
918 549 1139 637 predictarum
1148 549 1296 636 Thelegd
1314 548 1500 618 etZaboleh

374 663 442 723 tam
468 655 577 742 lignee
602 677 700 743 qnam
718 663 825 726 terrae
849 658 1071 726 terminantur.
1100 659 1142 725 Et
1166 657 1249 726 dixit
1272 657 1360 725 idem
1384 656 1504 725 (tomes

376 764 507 851 Paulus,
526 767 613 850 quod
629 787 740 835 omncs
756 774 841 835 meto
856 768 926 837 siue
936 775 1041 836 terroe
1056 767 1127 836 siue
1143 767 1261 853 lignee,
1277 788 1342 854 quc
1357 788 1399 834 ex
1410 775 1501 852 parte

376 879 535 942 terrarum
551 875 701 960 Thelcgd
716 883 749 944 et
764 876 908 944 Zabolch
925 882 1001 945 sunt
1016 877 1102 944 inter
1118 883 1224 944 metue
1240 885 1274 945 et
1287 874 1412 943 limitas
1426 895 1500 962 prc-

376 984 526 1071 scriptae,
542 984 629 1053 false
644 993 763 1071 essent,
789 994 823 1053 et
838 987 926 1073 qnod
941 987 1103 1072 quondam
1123 987 1196 1075 ipse
1217 1006 1276 1054 eas
1292 984 1446 1071 iecisset3
1471 989 1504 1050 et

376 1097 576 1160 contestatus
592 1099 651 1182 cst,
670 1115 812 1164 ensesue
821 1094 1090 1180 annichiluudus3
1111 1096 1248 1183 posthoc
1264 1093 1503 1162 autemdumen

376 1199 482 1286 Onysij
499 1207 549 1269 est
564 1207 661 1289 meta,
678 1210 712 1271 et
726 1203 818 1273 radit
833 1223 961 1272 sursum
977 1204 1021 1271 ad
1038 1205 1204 1289 orientem,
1228 1211 1261 1272 et
1275 1201 1431 1291 peruenit
1445 1221 1503 1289 per

375 1315 515 1377 meatum
534 1309 680 1378 eiusdem
697 1311 804 1398 Orysij
820 1313 865 1379 ad
880 1321 1001 1380 terram
1012 1310 1149 1400 coeka,
1166 1311 1259 1378 etad
1274 1309 1417 1380 eandem
1432 1329 1504 1397 per·

376 1419 525 1504 tinentes,
555 1438 618 1504 que
643 1425 696 1486 cst
720 1419 857 1488 comitis
881 1421 1049 1508 Lamperti
1073 1421 1134 1507 filij
1159 1420 1288 1490 Nicolui
1316 1421 1505 1507 degenere

372 1529 463 1595 Hnnt
481 1529 634 1612 Pannan;
661 1534 694 1595 et
718 1530 836 1597 exinde
860 1549 919 1618 per
944 1536 1085 1599 meatum
1111 1528 1258 1599 eiusdem
1284 1529 1385 1615 Grisij
1410 1528 1505 1596 uadit

375 1655 476 1720 supra
491 1635 535 1702 ad
551 1636 731 1722 predictum
746 1645 867 1706 terram
883 1639 1036 1708 Berthem
1048 1648 1081 1708 ct
1095 1639 1215 1707 transit
1229 1639 1337 1707 adhuc
1351 1636 1505 1726 superius

374 1765 433 1832 per
449 1743 587 1812 eundem
610 1751 751 1814 meatum
768 1747 876 1834 Grysij
895 1749 981 1816 inter
1006 1748 1130 1818 medios
1153 1753 1280 1817 montes
1294 1753 1329 1814 et
1347 1747 1456 1834 alpes,
1472 1749 1507 1810 et

363 1855 525 1942 ,peruenit
548 1856 593 1923 ad
607 1856 700 1924 illnm
715 1857 832 1942 locum,
857 1857 912 1926 rbi
928 1859 1061 1945 qnidam
1076 1857 1211 1945 munius,
1236 1859 1292 1944 qni
1306 1853 1502 1941 Mehsedpo

375 1960 478 2030 thoka
499 1971 646 2050 vocatur,
671 1963 786 2032 defluit
801 1965 833 2032 in
850 1964 1011 2052 styriam,
1037 1972 1070 2034 et
1083 1965 1129 2033 ibi
1147 1965 1340 2033 terminetur
1363 1971 1456 2031 meta
1470 1961 1505 2028 in

376 2071 511 2161 Grysi03
529 2082 561 2140 et
578 2081 695 2160 postea
710 2093 769 2162 per
785 2073 926 2142 rinnlum
941 2075 1131 2162 predictum,
1151 2076 1207 2161 qni
1222 2070 1506 2161 Mehsedpothoka

375 2184 520 2264 vocetur,
546 2179 613 2246 exit
628 2181 663 2247 in
678 2185 808 2266 terram,
835 2186 870 2248 et
883 2181 975 2249 uadit
990 2201 1048 2269 per
1073 2180 1211 2249 eundem
1235 2181 1379 2248 riuulnm
1397 2178 1445 2245 ad
1459 2180 1505 2247 lo·

377 2305 459 2372 cum,
486 2288 541 2355 ubi
565 2287 653 2356 idem
669 2289 794 2358 rinulns
819 2288 976 2357 diuiditur
999 2291 1034 2357 in
1050 2291 1131 2358 duos
1155 2309 1282 2374 ramos3
1309 2295 1343 2355 et
1367 2288 1507 2376 posthac

377 2415 475 2482 snper
499 2396 591 2463 illum
616 2417 741 2464 ramum
765 2395 1033 2484 eiusdemmodi,
1059 2399 1117 2484 qui
1132 2406 1183 2466 est
1203 2403 1333 2486 aperte
1357 2395 1507 2482 orientis,

376 2503 467 2571 vadit
482 2524 583 2592 snpra
599 2525 701 2591 usque
717 2507 761 2575 ad
779 2505 939 2592 quondam
956 2515 1106 2592 montem
1126 2509 1182 2592 qni
1198 2508 1397 2574 Vamusreae
1412 2523 1507 2572 noca·

377 2620 440 2696 tur,
456 2611 514 2681 vbi
529 2614 695 2700 predictus
710 2615 837 2683 riuulus
852 2617 1062 2702 terminatum
1078 2623 1111 2683 et
1124 2615 1262 2703 posthoc
1276 2613 1398 2683 transit
1413 2611 1509 2679 illum

377 2728 531 2808 montem,
556 2730 587 2790 et
604 2722 755 2812 vadit-ad
768 2726 865 2792 finem
890 2725 1059 2794 cniusdam
1075 2726 1191 2812 campi,
1216 2725 1272 2809 qui
1286 2725 1412 2791 Vamns
1427 2741 1509 2788 nun-

379 2836 526 2918 cupatur,
543 2839 575 2901 et
591 2834 648 2903 ille
664 2854 799 2921 campus
814 2841 902 2903 totus
912 2840 1060 2903 remanet
1075 2833 1118 2900 ab
1133 2836 1267 2922 oriente,
1285 2840 1318 2901 ct
1327 2831 1376 2899 ibi
1391 2833 1427 2898 in
1440 2831 1510 2897 fine

361 2939 524 3010 ‘eiusdem
549 2943 657 3029 campi
673 2943 797 3012 Vumus
822 2944 931 3014 vocati
946 2945 1148 3030 terminatur,
1172 2950 1205 3011 et
1219 2943 1282 3011 hoe
1303 2941 1403 3011 modo
1418 2947 1511 3008 terra

379 3050 532 3118 Berthem
547 3051 769 3137 distinguitur,
786 3053 870 3122 sicut
884 3053 1030 3140 prefatus
1045 3051 1162 3120 Comes
1178 3050 1302 3119 Paulus
1317 3057 1350 3118 et
1365 3048 1432 3118 duo
1446 3045 1509 3132 filii

380 3160 431 3227 sui
440 3160 607 3247 antedicti,
624 3159 943 3230 rideliectNicolaus
959 3165 991 3228 et
1000 3160 1186 3247 Stephanus
1195 3159 1328 3246 proprio
1344 3154 1511 3224 orenobis

381 3266 552 3336 contestati
569 3267 782 3337 affirmarunt.
810 3268 986 3337 Confessus
1003 3273 1053 3337 est
1067 3268 1173 3335 eciam
1188 3264 1300 3353 sepius
1318 3265 1511 3333 nominatus

381 3375 497 3445 Comes
511 3377 634 3444 Paulus
650 3384 682 3444 et
698 3377 755 3461 filij
772 3377 823 3446 sui
839 3376 1012 3465 prenotati,
1037 3375 1124 3462 quod
1139 3372 1278 3441 dimidia
1292 3393 1372 3461 pars
1393 3370 1512 3440 tributi

380 3483 421 3551 dc
444 3482 604 3568 Berthcm,
630 3483 717 3569 quod
741 3485 776 3550 in
801 3491 897 3570 portu
921 3482 1031 3570 Orysij
1056 3481 1258 3567 exigebatur,
1284 3479 1363 3565 quia
1387 3477 1511 3548 flumen

382 3591 488 3677 Grysij
512 3610 680 3660 commune
696 3600 756 3674 est,
782 3591 853 3660 nine
870 3591 925 3659 via
950 3593 992 3658 do
1006 3590 1150 3660 Kalatha
1175 3588 1328 3676 patuerit,
1353 3587 1425 3656 siue
1440 3607 1510 3656 non

380 3704 502 3788 patent,
519 3699 611 3767 cedet
626 3699 723 3787 pleno
748 3701 818 3768 iuro
832 3699 991 3768 Ladiulao
1007 3707 1039 3768 et
1054 3699 1178 3767 Thome
1198 3695 1384 3780 antedictis,
1409 3703 1442 3764 st
1458 3717 1512 3765 eo-

381 3828 453 3876 rum
468 3808 653 3894 heredibus,
672 3809 757 3876 sicut
771 3815 865 3895 pater
881 3829 993 3877 corum
1006 3815 1038 3877 et
1053 3807 1111 3893 alij
1127 3813 1353 3875 antecessores
1362 3804 1416 3872 sui
1431 3811 1513 3873 unte

379 3927 508 4007 tempus
524 3921 733 3988 Turterornm
758 3918 973 4006 possederant
988 3917 1031 3984 ab
1047 3917 1191 4010 antiqno.
1215 3916 1299 3982 Item
1317 3913 1513 3982 adiecerunt

380 4027 507 4116 pretate
530 4033 652 4114 partos,
680 4027 767 4111 qnod
792 4045 984 4111 quecunque
1007 4025 1116 4092 littere
1141 4030 1174 4091 ct
1196 4022 1373 4110 priuilegia
1394 4027 1512 4090 eontm

380 4135 465 4204 hanc
489 4135 732 4205 ordinacionem
748 4140 780 4203 et
803 4153 916 4202 cursus
932 4153 971 4201 ac
986 4133 1216 4202 distincciones
1240 4138 1413 4216 metarum,
1437 4132 1510 4200 vbi·

382 4264 510 4329 cunque
524 4250 556 4312 et
570 4243 828 4330 quandocunque
842 4246 1027 4330 presentate
1039 4241 1169 4324 inerint,
1193 4239 1323 4326 penitus
1339 4257 1436 4308 casse
1450 4240 1509 4306 ha·

381 4354 520 4421 beantur
535 4358 568 4419 ct
592 4351 838 4420 annichilcntnr.
862 4349 981 4420 Actum
1004 4371 1089 4418 anno
1105 4349 1238 4417 Domini
1259 4347 1434 4418 millesimo
1450 4348 1510 4414 dn-

381 4459 557 4531 centesimo
572 4459 841 4545 quinquagesimo
857 4459 1005 4546 septimo.

490 4605 547 4670 (tv.
561 4603 659 4658 Lisald
673 4603 817 4671 urrsrynan
833 4607 943 4657 rtet-ki
956 4601 1120 4672 megerb'sito'
1132 4595 1391 4669 privileginmdbdl.)

834 4749 1064 4760 ---——---=--
