3162 5188
550 393 703 502 „egr-

48 587 90 655 de
105 585 216 676 Bana,
242 592 337 680 btoys
362 595 579 681 Meriscalco,
604 597 672 665 Ben
680 599 787 666 edicto
813 601 1022 686 Musuniensi,
1058 604 1194 672 Nicotao

49 697 171 767 Ferrei
189 701 307 789 (bostri,
323 705 458 773 Detrioo
476 706 675 796 Janrincnsi,
693 711 804 796 limey
816 709 1047 798 Worosdiensi,
1065 718 1099 781 ct
1115 713 1190 781 aliis

46 825 150 890 qaam
185 807 334 894 pluribus
359 811 572 899 Magistratus
602 823 634 884 et
661 816 843 885 Comitatus
870 819 1065 888 tenentibus.
1094 820 1191 891 Anno

47 913 188 983 Domini
203 916 352 985 diceb.
362 918 468 1006 primo
484 921 540 988 lX.
559 923 722 992 kalendas
738 925 942 1012 Decembris,
957 929 1065 1014 Regni
1079 936 1191 998 antem

48 1021 157 1089 nostri
174 1041 264 1091 anno
285 1025 387 1094 XVP.

48 1219 156 1290 (Egyik
179 1224 284 1278 erodeti
302 1222 469 1292 pelddnyaa
488 1224 634 1296 kirtlynsk
653 1244 739 1296 arany
760 1230 880 1298 pecsdtje
899 1232 977 1298 alsit,
996 1249 1066 1287 ans.
1086 1233 1187 1304 Klilay

49 1311 206 1366 csalddnak
219 1311 415 1370 lovdltdrdbsn.
433 1318 508 1369 Eaen
522 1315 642 1386 olrmdny
654 1319 783 1388 subroget
796 1319 856 1374 mir
867 1320 975 1376 lrdtssds
994 1323 1072 1378 drrol
1088 1327 1186 1379 eneldtt

49 1403 155 1456 Lucius
169 1403 236 1456 adta
250 1405 289 1469 lri,
299 1407 342 1458 De
354 1405 450 1474 Regno
461 1407 616 1462 Dalmatiae
626 1416 654 1462 ot
667 1409 793 1463 croatiae
806 1411 853 1463 1v.
866 1411 958 1480 ttnyv
972 1415 996 1468 9.
1011 1411 1065 1478 iej.;
1077 1431 1089 1465 s
1102 1413 1188 1468 nttna

50 1491 216 1560 Fejdrcod.
230 1494 365 1562 Dipl.1V.
380 1498 437 1548 troc.
458 1503 482 1550 2.
497 1513 518 1551 r.
535 1501 593 1551 lod.
607 1497 623 1549 l.
643 1499 680 1550 itt
692 1506 737 1552 sat
755 1501 817 1566 njra
830 1501 1026 1555 ieiresndbnek
1045 1503 1120 1557 azert
1134 1511 1186 1558 tar·

49 1582 152 1645 tottak,
166 1592 239 1637 mert
249 1599 318 1638 saon
329 1589 432 1642 eredeti
443 1585 569 1656 pelddny‚
579 1591 651 1656 mely
661 1589 923 1645 kdnndtdtelttnknelr
934 1593 1027 1661 aiapdl
1036 1592 1160 1660 ssolgdlt
1174 1611 1191 1647 a

216 1675 296 1730 husi
308 1677 540 1745 diplomaticdnalr
559 1681 642 1748 egyilr
655 1682 783 1748 legsaebb
797 1680 1009 1751 disspdlddnya.)

439 2481 442 2490 ·
581 2455 660 2524 228.

58 2651 77 2716 I
80 2652 114 2718 V.
129 2652 214 2720 Belo
237 2653 404 2742 ltrttyoak
428 2679 448 2720 a
467 2656 599 2722 omosdi
622 2655 744 2722 odrook
770 2659 882 2724 bdrom
897 2657 1009 2744 sciscit
1032 2657 1185 2745 tdrpyasd

175 2761 355 2849 admnonpa
371 2763 457 2829 Eme
472 2763 769 2851 oorasdifdiepciop
784 2765 941 2833 esdmddo.
962 2763 1060 2830 1251.

158 2958 245 3028 Beia
270 2959 332 3028 Dei
358 2959 472 3047 gracia
496 2959 673 3048 Hungarie,
692 2961 876 3049 Dalmacie,
901 2961 1047 3048 Oroacie,
1073 2964 1184 3047 Ramo,

57 3065 174 3155 Seruio,
193 3065 559 3156 Gallicie,Lodomerie,
580 3069 800 3156 Cumanieqne
810 3071 880 3138 Rex
896 3070 1045 3138 omnibns
1062 3069 1183 3137 Christi

56 3172 206 3245 idelibns
216 3183 386 3264 presentes
401 3175 530 3246 litteras
545 3177 742 3267 inspecturis
751 3179 891 3248 satalon
911 3179 946 3246 in
961 3177 1104 3248 omnium
1118 3178 1182 3246 sal-

57 3289 175 3352 uatore.
190 3285 334 3354 Pronida
343 3285 446 3372 Regio
461 3285 655 3355 serenitatis
672 3286 926 3375 circumspeccio
945 3286 1093 3373 diligenti
1109 3306 1182 3354 con·

58 3390 258 3464 sideracione
283 3395 381 3464 debet
396 3393 502 3463 metiri
528 3397 646 3464 merita
662 3394 874 3482 singulorum,
901 3403 934 3465 et
948 3395 1087 3480 singulis
1115 3395 1182 3481 qni·

57 3499 178 3590 bosque
194 3524 253 3593 pro
268 3503 392 3574 meritis
407 3504 619 3592 respondere.
645 3502 788 3574 Proinde
803 3504 846 3571 ad
862 3502 1086 3573 vninersorum
1103 3504 1182 3570 noti-

57 3608 147 3697 ciam,
162 3620 233 3680 tam
243 3611 448 3698 presencium
458 3630 557 3697 quam
574 3618 788 3698 posterorum,
807 3612 923 3680 barum
933 3611 1017 3678 serie
1031 3611 1181 3680 nolumus

58 3718 241 3806 peruenire,
258 3718 496 3806 quoddilectns
513 3726 547 3787 et
556 3718 661 3786 tidelis
676 3726 788 3790 noster
797 3719 956 3805 Magister
967 3719 1053 3786 Erne
1063 3717 1180 3787 (lomes

59 3824 293 3914 Vorosdiensis,
320 3847 393 3896 cnm
409 3827 553 3908 barbara
577 3847 660 3913 gens
682 3827 893 3898 sanatorum
919 3825 1041 3894 insulto
1063 3826 1181 3894 bellico

58 3930 200 4018 Regnum
215 3941 361 4004 nostrum
378 3932 462 4021 odijt
477 3939 510 4004 et
525 3933 658 4022 inuasit,
676 3933 834 4022 preclaris
845 3933 1010 4003 fidelitatis
1031 3933 1181 4019 insigniis

59 4059 161 4110 coram
176 4043 297 4113 Nostro
314 4043 496 4112 Maiestatis
511 4043 616 4111 oculis
632 4049 700 4112 tam
725 4041 1028 4112 commendabiliter
1054 4040 1178 4127 enituit,

61 4155 92 4214 nt
114 4169 184 4219 cum
209 4151 433 4221 innolescente
462 4151 665 4222 aduersitate
689 4150 853 4221 deiectam
878 4168 1034 4236 equorum
1058 4148 1181 4217 babere

61 4275 116 4325 nos
137 4260 339 4347 contigisset,
366 4263 439 4351 ipse
465 4261 577 4332 viuere
601 4268 822 4350 postponens,
849 4266 882 4328 et
906 4259 1009 4328 vitam
1031 4263 1180 4326 nostram

63 4373 157 4436 morte
171 4389 233 4440 sua
256 4368 417 4440 redimere
440 4369 645 4458 desiderans,
671 4389 800 4456 equam,
827 4386 924 4453 quem
939 4389 997 4456 pro
1018 4363 1180 4434 sulcanda

63 4489 118 4542 sca
140 4497 281 4564 persona
300 4479 456 4566 habebat,
483 4498 542 4566 pro
567 4475 758 4547 sainaeione
783 4495 924 4563 persone
949 4480 1060 4543 nostre
1085 4472 1179 4542 nobis

65 4583 171 4654 obtolit
184 4588 408 4674 conitendum,
436 4588 510 4674 ipse
525 4607 602 4656 nero
617 4606 689 4655 cnm
713 4585 847 4667 eisdem,
873 4583 1005 4670 quinos
1030 4583 1178 4664 inseque-

66 4687 173 4763 bantur
186 4696 360 4786 plurimum
385 4693 572 4764 certaminis
588 4693 702 4779 iniens,
729 4699 803 4782 post
821 4693 930 4778 plures
946 4695 1084 4777 punctus
1112 4689 1179 4756 lan·

103 4828 197 4872 lotus.
214 4834 297 4871 nuso.
314 4835 383 4870 nrsr.
400 4833 471 4870 nrrrr.
494 4841 526 4850 --
551 4823 581 4862 tt.
976 4809 1013 4864 21
