3186 5188
855 309 1010 413 ..mg

370 509 460 578 dicta
485 509 683 577 facultatem.
719 507 810 576 Nulli
836 527 914 592 ergo
940 506 1069 576 omnino
1093 505 1259 575 hominum
1287 503 1386 571 liceat
1410 500 1507 570 banc

370 619 528 709 peginam
543 623 654 686 nostre
670 614 890 707 concessionis
907 615 1094 702 intringere,
1110 614 1163 683 vel
1178 615 1209 683 ei
1226 634 1308 685 ausu
1322 609 1506 683 temerario

369 725 543 796 contraire.
559 724 596 792 Si
606 722 681 810 quis
691 731 801 791 autem
811 721 875 791 hoc
883 727 1079 808 attemptare
1089 721 1331 811 presumpserit,
1348 720 1506 809 indigna-

369 833 490 902 tionem
505 830 746 918 Omnipotentis
762 830 834 918 Dei,
861 834 894 897 et
908 829 1085 898 Beatorum
1100 829 1188 897 Petri
1200 835 1233 898 ct
1247 828 1342 900 Pauli
1357 828 1506 920 Aposto-

368 942 472 1010 lorum
488 942 559 1028 eJos
575 959 612 1008 sc
625 938 752 1010 noverit
765 937 977 1007 incursurum.
1005 939 1127 1006 Datum
1143 937 1294 1023 Lugduni
1310 939 1365 1009 Vl.
1382 941 1503 1012 kalen-

367 1049 428 1118 das
444 1047 656 1136 Septembris,
673 1046 885 1116 Pontificatus
899 1045 1004 1115 nostri
1020 1065 1106 1115 anno
1125 1047 1247 1133 quinto.

695 1244 1055 1313 (insenescentem
1072 1246 1116 1300 σι.
1128 1245 1139 1298 1
1149 1244 1176 1312 )1

798 1528 1059 1542 Μ-

888 2025 964 2094 160.

366 2203 426 2270 IV.
443 2204 532 2272 Iocze
543 2211 632 2294 pcipe
647 2207 856 2296 belecyyoze'sdt
869 2208 956 2294 adju,
974 2209 1056 2295 kopp
1072 2206 1190 2274 Ddoiel
1202 2202 1356 2291 Gallesio,
1371 2212 1402 2270 eb
1421 2204 1498 2270 Wa-

363 2313 459 2378 eaillco
474 2313 661 2380 Lodomem'a
670 2315 870 2403 kirdlyaioulc
879 2316 1075 2402 orosdpdban
1086 2314 1349 2400 atmeelztesoapy
1364 2314 1499 2379 mouba-

361 2421 451 2488 rdtok
469 2423 541 2489 ceals
549 2425 863 2511 enpedslmrikmellett
871 2424 1075 2491 birbassanulc
1084 2421 1376 2510 sekodjdszdyoleot.
1394 2417 1499 2489 1247.

473 2619 683 2690 Innocentius
700 2621 884 2711 Episcopus
894 2640 1009 2690 servus
1021 2637 1189 2688 servorum
1198 2617 1261 2686 Dei
1278 2616 1407 2685 dilectis
1417 2616 1498 2686 filiis

366 2725 555 2797 Illustribns
570 2728 702 2798 Danieli
717 2729 834 2800 Russie
849 2736 884 2798 et
897 2730 951 2797 W.
967 2725 1182 2798 Laudemerie
1203 2723 1297 2794 fratri
1312 2723 1382 2792 eius
1397 2725 1498 2810 Regi-

364 2835 436 2918 bus,
454 2841 487 2902 et
501 2843 579 2905 nato
589 2835 736 2922 ejusdem
745 2837 894 2906 Danielis
904 2837 1044 2906 salutem
1054 2842 1088 2903 ct
1097 2832 1323 2924 Apostolieam
1338 2829 1495 2901 benedic·

361 2941 491 3011 tionem.
501 2944 717 3030 Exigentibus
729 2951 836 3015 vestre
846 2944 1028 3017 devotionis
1038 2942 1162 3012 meritis
1172 2939 1381 3012 votisvestris
1391 2940 1497 3009 liben-

363 3054 413 3116 ter
430 3051 614 3140 annuimus,
632 3060 665 3122 et
679 3052 855 3143 petitiones
870 3060 1010 3140 vestras,
1030 3058 1188 3140 quantum
1202 3069 1275 3118 eum
1292 3050 1365 3118 Deo
1378 3065 1497 3136 possu-

362 3176 447 3243 mus,
460 3157 683 3230 favorabiliter
699 3159 900 3230 exaudimus.
917 3160 1045 3229 Vestris
1067 3159 1179 3246 itaque
1194 3153 1493 3245 supplicationibus

367 3265 524 3352 inelimati,
545 3267 960 3354 utnullustlrncilerornm,
976 3267 1030 3336 vel
1048 3267 1187 3335 aliorum
1206 3263 1433 3350 religiosorum
1458 3263 1496 3331 in

365 3371 584 3441 vestristerris
593 3374 771 3460 acquisitis,
791 3381 824 3443 et
832 3371 1051 3461 acquirendis,
1068 3371 1110 3441 de
1126 3372 1238 3458 aliquo
1252 3369 1495 3440 seinbomitte·

362 3499 409 3567 re,
418 3480 471 3549 vel
486 3481 727 3568 possessionem
736 3484 882 3568 aliquam
892 3481 1061 3568 acquirere
1069 3481 1195 3565 absque
1210 3478 1416 3564 beneplacito
1438 3499 1496 3547 ve·

362 3596 430 3657 stro
444 3588 567 3674 valeat,
583 3591 778 3659 auctoritate
792 3591 887 3660 robis
902 3588 1053 3678 predicta
1068 3588 1287 3674 indulgemus.
1306 3585 1398 3654 Nulli
1411 3606 1495 3674 ergo

362 3696 491 3765 omnino
503 3695 670 3766 hominum
689 3698 789 3766 boeot
804 3699 889 3767 hunc
903 3697 1061 3786 paginam
1078 3703 1188 3766 nostre
1202 3693 1427 3765 concessionis
1446 3695 1496 3762 in·

360 3804 514 3892 fringere,
540 3806 594 3875 vel
609 3805 640 3873 ei
659 3825 741 3874 ausu
756 3805 929 3874 temerario
945 3804 1115 3873 contraire.
1145 3805 1180 3873 Si
1196 3805 1271 3889 quis
1296 3809 1405 3871 autem
1430 3800 1497 3872 boe

361 3917 559 4001 attemptare
574 3912 818 4001 presumpserit,
835 3911 1095 3998 indignationem
1110 3909 1349 3997 omnipotentis
1365 3908 1440 3997 Dei,
1459 3915 1494 3976 et

361 4022 537 4092 Bestornm
553 4023 642 4090 Petri
657 4030 690 4091 et
704 4021 800 4090 Pauli
818 4021 1048 4110 Apostolorum
1063 4020 1135 4107 cJos
1151 4038 1188 4087 se
1206 4017 1335 4088 noverit
1348 4019 1496 4086 memsu-

360 4149 442 4196 rnm.
468 4131 591 4197 Datum
607 4128 760 4215 Lugduni
775 4129 830 4198 VI.
850 4127 1014 4198 kalendas
1039 4126 1251 4215 Septembris,
1277 4125 1493 4196 Pontificatns

361 4237 465 4307 nostri
481 4257 566 4308 anno
582 4237 705 4323 quinto.

699 4432 863 4505 (Turgemev
875 4435 955 4488 idm.
969 4436 991 4490 1.
1005 4435 1062 4489 loct.
1075 4435 1118 4484 62.
1128 4431 1157 4502 l.)
