3168 5186
596 353 754 456 aa..

108 549 218 616 tulum
236 551 278 617 ad
295 552 412 618 sedem
428 551 533 638 ipsam
549 551 707 626 babentes
720 569 893 633 recursum,
918 550 1023 617 felicis
1043 551 1234 620 recordatio·

107 653 166 721 nis
182 658 209 722 I.
226 659 318 744 Pape
333 658 573 745 predecessoris
589 657 691 726 nostri
708 657 751 724 ad
766 664 798 724 te
813 657 939 724 litteras
954 658 1177 746 impetrarunt,
1202 666 1238 728 ut

108 762 275 850 inquisita
291 765 333 833 de
348 766 443 832 modo
459 765 638 850 electionis,
659 765 849 850 eligentium
868 765 994 852 studiis,
1011 773 1044 834 et
1059 768 1154 836 electi
1172 787 1235 834 me-

105 872 186 940 ritis
201 873 390 959 diligentius
409 875 558 958 veritate,
585 874 776 944 electionem
791 874 909 961 ipsam,
937 877 965 942 sl
981 897 1054 943 eam
1072 877 1235 945 inveneris

104 981 151 1048 de
168 999 310 1068 persona
335 983 455 1051 idonea
470 983 626 1050 canonice
650 983 858 1068 celebratam,
884 1002 949 1053 uon
975 985 1125 1054 obstante
1141 1003 1235 1052 vaca

104 1089 203 1158 tione
219 1089 345 1159 diutina
361 1091 508 1178 predicte
523 1091 681 1175 Ecclesie,
701 1111 764 1177 que
778 1111 916 1160 vacasse
930 1115 989 1180 per
1004 1095 1069 1161 XX
1085 1113 1188 1161 annos
1203 1101 1236 1162 et

105 1198 256 1284 amplius
282 1198 485 1284 credebatur,
510 1199 701 1268 confirmare
726 1218 868 1268 curares.
895 1201 961 1268 Sed
984 1207 1020 1270 tu
1045 1221 1084 1270 ex
1109 1222 1148 1270 eo
1163 1202 1234 1270 solu

103 1305 304 1375 electionem
330 1307 521 1377 confirmare
539 1307 693 1376 differens
718 1306 949 1396 supradictam,
966 1308 1053 1394 quod
1068 1310 1102 1377 in
1120 1309 1217 1377 buius

102 1414 201 1482 modi
224 1415 341 1484 litteris
366 1417 607 1504 predecessoris
632 1416 736 1504 ipsius
760 1417 826 1484 XX
851 1436 1009 1486 annerum
1035 1417 1233 1505 etamplius

105 1525 261 1609 spacium
277 1525 469 1612 ponebatur,
495 1544 568 1591 eum
583 1524 642 1592 tibi
665 1525 761 1611 plene
777 1525 966 1610 constiterit,
992 1525 1079 1612 quod
1093 1545 1152 1613 per
1168 1545 1233 1592 am·
1369 1577 1373 1584 .

103 1632 226 1719 pliorir
241 1633 397 1722 temporis
412 1635 553 1721 spatium
569 1633 719 1702 Ecclesia
734 1635 901 1701 vacaverit
915 1639 1104 1717 memorata,
1122 1652 1233 1722 super·
1357 1722 1361 1730 Ι

105 1742 229 1810 sedisti
244 1744 402 1810 bactenus
411 1743 543 1830 negotio
557 1740 754 1830 supradicto.
774 1741 884 1822 Quare
899 1741 1036 1830 predicti
1047 1741 1232 1829 Capitulum

102 1849 205 1919 nobis
230 1851 393 1918 humiliter
418 1851 660 1938 supplicarunt,
686 1858 721 1916 ut
745 1849 915 1935 providere
939 1849 1022 1937 ipsis
1049 1851 1233 1935 superbos

104 1965 252 2046 paterna
276 1957 495 2028 sollieitudine
521 1977 716 2026 curaremus.
743 1959 899 2026 Noleutcs
916 1957 1023 2044 igitur,
1049 1955 1134 2043 quod
1157 1956 1232 2043 ipsa

103 2065 260 2135 Ecclesia
289 2074 422 2155 propter
446 2067 651 2135 nmationem
677 2066 862 2135 diuturnam
892 2067 926 2133 in
951 2064 1174 2153 spiritualibus
1199 2072 1232 2133 et

104 2174 348 2262 temporalibus
363 2194 465 2261 graue
489 2173 695 2262 dispendium
715 2174 866 2260 patiatur,
892 2171 1093 2258 mandamus,
1119 2178 1229 2257 quate·-

105 2305 184 2370 nus,
200 2286 229 2353 si
245 2292 296 2354 est
309 2285 367 2370 ita,
392 2284 454 2352 boc
471 2285 704 2354 nonobstante
727 2283 904 2370 predictum
921 2285 955 2351 S.
975 2281 1230 2370 Archiprcsbits-

103 2413 191 2477 rum,
216 2394 245 2461 si
261 2403 352 2463 tanto
377 2403 535 2479 congruat
559 2393 649 2461 oneri
666 2401 699 2461 et
721 2393 846 2477 honeri,
872 2399 906 2459 ct
921 2392 1011 2460 aliud
1036 2391 1226 2459 canonicum

105 2523 175 2570 non
185 2503 335 2588 obsistat,
346 2504 540 2571 auctoritate
554 2509 668 2570 nostra
677 2502 827 2589 proficias
837 2502 944 2570 eidem
953 2499 1100 2569 Ecclesie
1108 2501 1142 2567 in
1152 2499 1226 2587 Epi·

105 2631 245 2699 scopum
260 2619 293 2680 et
307 2617 479 2698 pastorem
495 2615 615 2680 Datum
625 2611 766 2698 Neapoli
782 2611 855 2679 Xll
872 2609 1035 2678 kalendas
1044 2609 1228 2694 Februarij‚

103 2721 318 2790 Pontificatus
334 2722 435 2790 nostri
452 2743 537 2791 anno
556 2722 672 2809 primo.

103 2939 239 3022 (Thsiner
251 2923 382 3007 Egestum,
395 2941 495 2993 Vetera
505 2943 680 2994 Monumsuta
692 2939 833 2992 slavorum
843 2936 1058 2989 Meridionalinm
1069 2937 1090 2988 l.
1103 2936 1130 2986 lr.
1140 2937 1184 2987 82.
1196 2931 1227 2999 1.)

630 3727 706 3798 att.

9 3959 12 3968 ι
101 3930 163 3995 JV.
180 3931 313 3997 aendor
336 3937 425 4019 pdpa
440 3931 572 3996 Mriacz
589 3934 716 3996 aamelrui
736 3937 862 4018 prebeat
885 3932 1031 3994 azdccdra
1055 3923 1225 4010 meyerdoitc'

104 4038 208 4104 Olivcr
224 4042 353 4105 ramensi
370 4039 550 4127 priepdlcaclc
564 4038 688 4104 Draeob
704 4038 834 4104 birtolcdt
857 4036 1009 4122 tdryyaed
1025 4030 1223 4116 admdopdc.

617 4147 713 4214 1255.

208 4339 396 4410 Alexander
411 4341 594 4428 Episcopus
620 4359 732 4408 seruus
749 4359 913 4406 servorum
929 4337 991 4404 Dei
1018 4335 1136 4402 dilecto
1156 4332 1223 4402 lilio

103 4447 280 4517 Laurentio
301 4448 469 4535 Prepesito
492 4447 639 4517 Ecclesie
657 4445 769 4515 Sancti
784 4445 903 4513 Yrenei
923 4441 1123 4530 syrmiensis
1137 4442 1222 4510 salu·

100 4565 165 4624 tenu
182 4563 215 4624 et
233 4555 456 4644 Apostollcam
480 4554 746 4624 benedictionem.
772 4553 853 4621 Cum
868 4552 976 4637 igitur,
1002 4550 1086 4618 sicut
1107 4549 1221 4637 petitio

99 4671 155 4732 tua
170 4664 266 4731 nobis
276 4665 427 4751 exposita
438 4667 636 4752 continebat,
651 4665 846 4732 venerabilis
862 4662 961 4729 frater
970 4665 1080 4728 noster
1090 4656 1222 4750 Episco-
