3226 5194
622 955 701 1024 367.

85 1129 121 1197 A
141 1137 308 1220 oeaopre'me’
321 1133 536 1220 kdptalaonok
560 1137 829 1223 dizoapadpleoole,
853 1140 934 1226 kopp
955 1139 1069 1224 Toujda'
1084 1141 1223 1208 Sandar-

246 1242 309 1307 nolc
324 1253 450 1330 bzoepye
465 1244 616 1310 bitbdre'ra
631 1249 722 1311 adano
737 1245 942 1333 dieldqr'ttetett.
972 1249 1070 1314 1269.

200 1436 388 1524 Capitulum
399 1439 655 1526 Vesprimiensis
665 1441 812 1508 Ecclesie
829 1442 979 1512 omnibns
989 1450 1159 1530 presentes
1169 1443 1221 1510 lit·

83 1551 181 1612 teras
196 1546 393 1633 inspeeturis
418 1547 558 1614 salutem
575 1547 609 1613 in
626 1549 769 1617 omnium
786 1552 965 1620 saluatore.
984 1551 1035 1618 Ad
1056 1551 1220 1618 uniuerso-

83 1674 160 1720 rum
186 1655 342 1722 noticiam
368 1662 482 1724 tenore
509 1658 715 1741 presentium
741 1659 891 1726 uolumus
917 1658 1106 1747 peruenire,
1133 1659 1219 1743 quod

82 1762 223 1828 domina
247 1761 315 1828 filia
331 1763 487 1830 Jobabini
503 1761 639 1830 Comitis
656 1762 698 1830 de
713 1766 886 1851 Leurenta,
909 1766 1025 1832 relieta
1040 1764 1219 1833 Alexandri

82 1867 147 1954 filij
165 1870 237 1937 Elie
255 1870 294 1938 de
305 1871 429 1938 Touleu
446 1890 556 1938 eoram
573 1871 667 1938 nobis
684 1871 861 1940 constituta
872 1873 1014 1942 asseruit
1030 1871 1108 1940 uiua
1127 1893 1216 1958 uoee,

81 1996 124 2042 se
141 1978 285 2046 mouisse
310 1999 442 2046 eausam
469 1985 581 2045 eontra
597 1979 755 2048 'thomam
772 1981 906 2048 fratrem
932 1981 1011 2049 dieti
1027 1979 1217 2064 Alexandri,

82 2085 284 2168 requirendo
309 2087 352 2152 ab
378 2085 493 2154 eodem
519 2085 627 2156 dotem
654 2108 746 2156 suam
772 2097 805 2155 et
830 2108 883 2156 res
907 2090 1152 2175 parafernales3
1178 2108 1218 2156 ae

82 2191 229 2258 eandem
245 2213 378 2261 eausam
395 2195 537 2280 sedasse,
565 2201 597 2261 et
612 2195 789 2263 seeundum
806 2196 942 2264 formam
966 2197 1057 2284 pseis
1082 2195 1217 2280 triginta

83 2321 146 2366 sex
173 2319 300 2366 mareas
324 2321 384 2388 pro
410 2302 486 2369 dote
512 2323 574 2370 sua
599 2313 630 2370 et
656 2303 754 2370 rebus
779 2303 1044 2390 parafernalibus
1070 2303 1113 2370 ab
1141 2303 1215 2388 ipso

83 2409 215 2476 Thema
230 2410 376 2496 plenarie
391 2411 572 2498 recepisse;
602 2420 633 2477 et
649 2414 696 2479 sie
714 2413 829 2480 eadem
856 2411 988 2478 domina
1004 2412 1045 2480 de
1064 2410 1140 2478 dote
1156 2429 1216 2478 sua

83 2525 121 2583 et
136 2518 236 2584 rebus
252 2519 513 2604 paratorualibus
530 2519 614 2587 dixit
630 2521 693 2588 sibi
710 2521 810 2588 luisse
829 2522 978 2607 plenarie
997 2519 1214 2603 satisfactum,

82 2625 133 2690 ita
150 2627 237 2710 quod
253 2627 294 2692 de
310 2635 415 2695 cetero
426 2647 485 2696 nee
502 2631 576 2716 ipsa
593 2628 733 2714 domina,
752 2649 811 2696 nee
828 2629 965 2697 heredes
975 2628 1037 2713 sni,
1055 2648 1116 2696 nee
1131 2628 1215 2714 quis·

82 2753 186 2817 quam
203 2732 244 2799 de
259 2735 407 2820 cognatis
434 2735 538 2822 ipsius
555 2735 685 2803 racione
711 2735 796 2803 dotis
812 2756 869 2802 sue
889 2745 922 2804 et
946 2755 1051 2802 rerum
1070 2734 1213 2822 parafer·

81 2840 211 2908 nalium
227 2839 347 2908 dietum
363 2843 522 2909 'rhomum
540 2843 591 2909 uel
608 2843 677 2909 eius
693 2842 832 2910 heredes
852 2849 907 2909 aut
923 2849 1080 2928 cognatos
1097 2843 1214 2928 poterit

81 2951 235 3034 inpetere
261 2969 318 3016 seu
341 2950 526 3018 molestare.
553 2953 589 3017 ln
607 2951 697 3024 euius
721 2952 770 3018 rei
796 2951 1017 3020 testimonium
1043 2956 1213 3037 presentes

82 3056 216 3123 litteras
227 3057 444 3125 concessimus
454 3058 565 3144 sigillo
575 3068 686 3128 nostro
697 3059 878 3128 roboratas.
900 3061 1020 3126 Datum
1031 3077 1213 3145 parmenus

82 3165 239 3250 Magistri
249 3167 382 3232 Roberti
393 3165 540 3235 Leetoris
551 3168 709 3256 lleelesie,
721 3189 806 3235 anno
816 3168 927 3250 graoie
938 3167 982 3232 M⁰
993 3165 1058 3233 00⁰
1069 3169 1108 3233 [Β
1117 3185 1212 3232 nono.

83 3272 276 3339 Venerabili
301 3273 335 3340 in
355 3271 484 3342 christo
510 3283 603 3361 patre
626 3282 734 3343 nostro
760 3273 897 3342 Zalaldo
924 3273 1094 3362 Episcopo,
1122 3273 1212 3342 Fauo

82 3383 265 3469 Proposito,
282 3383 477 3450 Lodomerio
495 3382 646 3469 Centone,
664 3385 684 3452 J
687 3385 814 3454 ohanne
825 3383 966 3452 Custode
987 3382 1212 3452 existentibus.

82 3583 118 3645 (A
133 3577 252 3632 zalandri
271 3581 448 3632 konventnok
473 3581 583 3632 rard-ki
601 3578 759 3644 ttiruttbtt
778 3581 877 3648 malpel
897 3581 993 3634 kirtek
1014 3583 1172 3646 ‚sperandus
1185 3591 1213 3636 et

82 3673 256 3724 Laurentius
270 3671 319 3738 filij
334 3673 477 3725 Benedicti
491 3673 523 3724 de
538 3671 663 3725 Thousau
682 3672 717 3723 ab
732 3689 786 3724 una
798 3679 893 3740 part03
914 3674 1034 3727 Comites
1046 3674 1166 3726 Absolon
1185 3679 1213 3726 et

83 3763 239 3816 Alexander
257 3763 306 3829 filij
322 3763 476 3826 Absolonia
495 3763 612 3816 Minabal
631 3769 658 3815 at
670 3763 800 3817 Nieolaus
820 3764 869 3829 filij
884 3765 991 3818 tiieolai
1013 3767 1048 3818 ab
1062 3765 1166 3827 altera3
1185 3770 1213 3818 et

83 3855 209 3907 dominus
223 3852 315 3906 Abbas
328 3853 361 3905 da
375 3853 496 3906 Chathar
514 3855 622 3905 nomina
636 3853 791 3906 mediatoris
804 3857 874 3906 inter
895 3859 1014 3922 partes“;
1035 3870 1053 3906 a
1064 3855 1146 3906 budai
1159 3854 1211 3906 kir.

486 3945 607 3995 kamarai
620 3940 811 4011 lsudltArban.)

520 4230 779 4245 ,ι--ο--ι-ιιι-
