3168 5186
822 324 975 425 jao

331 541 400 588 rem
417 521 507 608 vimi,
522 541 586 608 qne
602 524 718 606 wlgari
737 533 849 594 nostro
860 526 979 594 dieitur
994 523 1153 612 mayolffa
1176 528 1210 588 et
1225 524 1271 591 ibi
1287 529 1339 590 est
1353 530 1458 606 meta,

330 637 446 717 postea
462 628 610 696 aseendit
626 649 797 716 peronam
814 633 911 720 viam,
937 631 1024 699 eirea
1038 649 1138 715 quam
1153 632 1216 699 sub
1231 630 1348 698 arbore
1367 649 1458 716 quer·

330 755 389 804 ens
403 743 458 805 est
468 743 574 821 meta;
592 735 711 805 deinde
726 736 818 806 uadit
832 759 892 825 per
907 738 1045 806 eandem
1064 738 1161 823 uiam,
1178 743 1212 804 et
1223 758 1297 804 eum
1313 736 1462 804 aseendit

331 850 483 931 montem,
508 844 576 912 exit
601 845 643 912 de
659 846 735 932 ipsa
758 848 824 932 via,
850 854 882 914 et
900 845 1067 914 deseendit
1092 845 1127 912 in
1151 847 1270 914 uallem
1296 845 1458 932 Lypoleh·

330 952 490 1042 pathalia,
515 957 548 1018 et
563 951 609 1020 ibi
625 952 687 1020 sub
711 953 856 1039 quadam
874 953 990 1022 arbore
1012 952 1093 1040 t>lie
1118 961 1170 1020 est
1193 961 1300 1036 meta;
1325 951 1460 1039 pentheo

331 1061 501 1130 deseendit
523 1081 636 1130 uersus
657 1061 769 1130 villam
786 1062 908 1146 Olwar,
934 1068 968 1128 et
983 1062 1051 1128 exit
1065 1061 1108 1129 de
1123 1062 1210 1128 ualle
1224 1060 1268 1128 ad
1286 1060 1459 1128 dexteram

330 1174 468 1257 partem,
495 1176 529 1236 et
542 1167 631 1236 eirea
653 1169 740 1236 uiam
757 1171 817 1237 sub
833 1171 949 1238 arbore
962 1169 1058 1254 ilyeis
1072 1168 1198 1236 scilieet
1212 1169 1311 1256 totffa
1328 1174 1379 1235 est
1395 1185 1460 1233 me-

330 1285 386 1364 ta,
412 1278 531 1346 deinde
555 1278 726 1346 deseendit
749 1297 863 1346 uersus
887 1286 1009 1346 terram
1032 1278 1180 1344 Eeolesie
1203 1276 1245 1343 de
1268 1277 1370 1362 Saag,
1399 1274 1460 1342 sub

330 1385 472 1470 quadam
487 1386 604 1454 arbore
621 1386 701 1453 vlmi
726 1394 777 1454 est
792 1393 897 1472 meta3
924 1392 1039 1472 postea
1054 1385 1224 1453 deseendit
1243 1404 1360 1452 uersus
1376 1383 1458 1450 oeci·

330 1493 460 1561 dentem
473 1494 508 1560 in
522 1493 644 1560 uallem
659 1492 789 1578 sieeam,
812 1494 845 1560 in
861 1492 954 1561 euius
978 1494 1088 1580 eapite
1103 1501 1154 1562 est
1169 1511 1235 1560 una
1250 1497 1357 1576 meta;
1383 1499 1460 1577 post

329 1602 390 1668 hee
414 1597 642 1669 descendendo
668 1599 711 1666 ad
729 1620 881 1685 magnam
897 1601 997 1686 viam,
1022 1601 1115 1667 iuxta
1129 1619 1226 1684 quam
1251 1599 1313 1665 sub
1337 1597 1458 1664 arbore

330 1707 427 1793 ilyeis
442 1715 493 1776 est
510 1716 617 1794 meta,
637 1709 755 1776 deinde
771 1708 942 1776 deseendit
956 1708 1133 1776 direotead
1148 1707 1312 1793 quoddam
1331 1726 1457 1791 nemus,

327 1817 424 1898 juxta
439 1815 604 1882 Kwrthws
629 1817 789 1903 pathaka,
815 1817 876 1884 sub
893 1818 1010 1886 arbore
1025 1816 1134 1884 latieis
1148 1817 1256 1904 aoytffo
1275 1819 1324 1882 est
1349 1821 1456 1897 meta,

330 1930 364 1989 et
377 1924 424 1990 ibi
439 1921 539 1989 intrat
555 1923 589 1990 in
604 1923 740 2009 pothok,
757 1931 790 1990 ot
805 1923 1029 1992 descendendo
1046 1922 1276 2010 permodicum
1295 1924 1455 2008 spacium,

330 2031 399 2097 exit
413 2036 447 2096 et
456 2028 603 2096 uaditad
619 2049 738 2113 aquam
749 2028 913 2115 (torpens,
933 2031 1018 2097 ultra
1028 2048 1127 2113 quam
1140 2030 1203 2096 sub
1218 2029 1331 2098 salieis
1341 2028 1459 2096 arbore

319 2139 428 2225 syzffa
441 2145 491 2206 est
507 2143 611 2222 meta,
629 2145 746 2223 postea
760 2137 794 2204 in
809 2159 874 2206 ono
889 2139 1077 2207 nemusculo
1096 2140 1159 2207 snb
1173 2139 1291 2206 arbore
1311 2138 1381 2204 aeis
1399 2155 1458 2204 seu

322 2248 420 2330 jatur
435 2252 486 2312 est
496 2253 600 2330 meta3
618 2243 738 2312 deinde
748 2246 841 2313 iuxta
856 2253 984 2331 pratum
994 2247 1057 2314 sub
1073 2247 1191 2313 arbore
1200 2245 1264 2333 piri
1280 2257 1331 2312 est
1341 2245 1457 2311 ultima

330 2359 436 2437 meta,
462 2352 597 2438 posthae
611 2352 760 2436 peruenit
784 2351 826 2418 ad
843 2352 970 2438 priores
985 2358 1054 2420 tres
1073 2361 1188 2437 metas,
1214 2353 1301 2419 unde
1325 2371 1455 2438 proees-
1583 2378 1584 2381 ¹

329 2464 428 2542 serat,
454 2466 488 2526 et
502 2457 549 2524 ibi
565 2458 766 2526 terminatur.
792 2461 836 2525 Vt
850 2458 950 2544 igitur
966 2459 1027 2526 hee
1042 2467 1158 2526 nostra
1179 2459 1317 2528 donacio
1334 2467 1367 2526 et
1382 2478 1457 2525 oon·
1583 2470 1584 2485 ³

329 2565 469 2649 stitueio,
485 2565 729 2652 tamsepedioto
740 2568 848 2650 Petro,
866 2585 962 2650 quam
978 2565 1084 2652 ipsius
1100 2568 1345 2635 sumessoribns
1355 2567 1456 2632 robur

329 2670 477 2738 obtineat
491 2682 651 2757 perpetue
661 2671 861 2756 stabilitatis,
878 2673 911 2740 in
928 2680 1154 2756 argumentum
1170 2673 1305 2740 maioris
1321 2672 1456 2739 firmita-

328 2779 370 2846 tis
385 2778 511 2846 litteras
528 2787 658 2848 nostras
675 2781 907 2864 concessimus,
932 2779 1094 2867 dupplieis
1109 2782 1211 2866 sigilli
1229 2779 1333 2850 noemi
1351 2781 1455 2847 muni-

329 2888 415 2955 mine
431 2888 613 2955 roboratas.
634 2889 755 2954 Datum
772 2906 830 2973 per
847 2906 962 2956 manus
971 2889 1121 2972 Magistri
1131 2887 1281 2974 Farkasij
1293 2888 1456 2974 Prepositi

326 2995 492 3081 Albensis,
510 2995 585 3064 aule
600 3002 709 3064 nostre
719 2995 1011 3082 viee-(ianoellarij
1031 2997 1143 3065 dilecti
1159 3007 1192 3066 et
1207 2997 1314 3064 fidelis
1329 2996 1455 3080 nostri;

328 3125 415 3172 anno
440 3105 572 3173 Domini
598 3104 771 3172 millesimo
794 3103 1018 3174 ducentesimo
1050 3105 1321 3191 quinquagesioo
1349 3112 1457 3189 sexto,

326 3214 439 3297 quinto
470 3211 545 3280 idus
570 3213 721 3298 Januarij
732 3261 742 3296 ,
772 3214 877 3297 Regni
908 3221 1017 3281 autem
1042 3215 1147 3283 nostri
1177 3234 1263 3282 anne
1295 3212 1455 3280 vicesimo

326 3321 464 3406 septimo
486 3319 583 3410 (igy).

325 3517 406 3583 (ortt
416 3513 510 3582 UJitns
523 3517 638 3570 Ltrinez
662 3515 876 3586 ersatgbirtnuk
899 3518 1010 3571 tono-ki
1033 3514 1198 3582 ttirattboh
1221 3509 1318 3570 Kuana
1330 3511 1453 3579 Nindor,

678 3609 791 3676 Magyar
804 3609 868 3662 Sion
881 3612 918 3662 11.
933 3609 988 3661 kot.
1003 3609 1065 3660 683.
1079 3609 1109 3674 i.)
