3252 5198
587 337 745 438 —3-1-

103 543 239 627 judieum
266 545 526 627 prenotatorum,
550 557 650 623 ¹quom
666 537 781 603 Abbas
801 540 948 627 elegerit,
976 545 1097 627 agendi
1115 550 1235 619 babeat

107 652 298 718 facultatem.
323 651 428 717 Porro
444 647 562 713 fratros
578 645 727 712 eiusdem
743 647 892 714 Ecelesio
907 669 967 734 per
981 656 1084 720 totam
1103 655 1235 741 Hunga·

108 760 183 825 riam
197 758 310 840 libere,
339 763 374 824 et
396 757 521 839 absque
542 753 665 820 tributo
686 753 814 840 possint
837 754 979 823 vendere
1004 766 1037 826 et
1052 783 1177 847 emero,
1204 773 1237 833 ot

107 864 235 931 transire
250 863 442 948 ubieunque
457 860 630 928 volueriut.
658 862 778 927 Vomm
794 881 908 930 omnes
925 865 1106 952 eybriones,
1129 873 1185 956 qui
1201 875 1235 940 in

107 978 186 1039 terra
200 972 330 1050 Narad,
357 971 414 1038 uel
427 973 462 1038 in
477 968 627 1036 omnibus
648 970 723 1035 aliis
739 972 844 1056 terris,
871 979 903 1039 et
921 976 1026 1043 vineis
1052 978 1158 1048 eidem
1174 983 1236 1048 Ab·

108 1079 171 1144 bati
194 1078 324 1147 tollatis
341 1077 428 1162 Regi
455 1076 508 1144 uel
522 1075 638 1144 Comiti
664 1075 886 1163 debebantur,
913 1086 1107 1154 contulimus
1131 1089 1237 1156 eidem

108 1187 246 1253 Euolesie
262 1195 335 1253 tam
353 1187 398 1252 de
413 1184 517 1251 vineis
542 1184 695 1271 propriis,
722 1207 820 1268 quam
837 1189 941 1256 eoiam
957 1191 1076 1260 alienis
1092 1195 1125 1261 in
1142 1197 1236 1264 terris

108 1296 243 1380 ipsomm
256 1294 460 1376 constitutis,
477 1293 534 1378 ita,
551 1291 638 1378 quod
655 1293 844 1378 desingulis
855 1297 1064 1382 oybrionibus
1083 1301 1237 1372 dimidius

110 1403 185 1469 ferto
200 1405 424 1489 persolvatur.
450 1402 605 1468 Volumus
621 1401 726 1468 eeiam
741 1411 775 1470 et
789 1406 970 1491 statuimus,
989 1410 1076 1493 quod
1091 1413 1236 1498 sepedio

110 1519 173 1576 tom
186 1511 428 1576 monasterinm
445 1507 623 1576 Beleiontis
643 1509 752 1592 quoad
766 1507 817 1578 ius
833 1519 1024 1597 patronatus
1049 1517 1237 1586 immediate

111 1617 148 1684 ad
169 1619 292 1704 Regem
318 1618 497 1704 pertineat,
524 1615 581 1699 qui
605 1637 664 1702 pro
689 1624 838 1702 tempore
865 1620 962 1688 inerit
978 1623 1101 1691 Diuina
1125 1629 1238 1710 grauia

111 1726 306 1792 eonstitntus.
335 1726 380 1791 Vt
393 1724 495 1808 igitur
510 1723 571 1790 hee
585 1730 696 1791 nostro
721 1723 914 1794 donacionis
929 1730 1054 1814 pagina
1070 1732 1240 1800 inuiolabi-

111 1831 177 1897 liter
189 1833 223 1896 in
239 1839 414 1919 posterum
431 1838 630 1916 perseueret,
657 1850 728 1896 eam
746 1832 887 1919 duplicis
904 1835 1005 1920 sigilli
1024 1841 1125 1907 nostri
1140 1843 1241 1908 mnni-

113 1939 189 2005 mine
204 1939 350 2007 ieeimns
366 1939 525 2004 roborari.
542 1939 664 2004 Datum
681 1938 716 2005 in
729 1941 834 2009 Sebus
851 1963 936 2011 anno
947 1946 1118 2015 Dominioo
1134 1952 1242 2017 Incar-

112 2049 247 2116 naeionis
262 2047 445 2114 millesimo
462 2047 683 2114 ducentesimo
699 2049 860 2116 trioesimo
881 2051 1029 2139 septimo,
1050 2063 1167 2125 ootauo
1183 2057 1242 2124 ka·

113 2155 218 2224 lentius
233 2155 334 2240 Julii,
359 2153 467 2239 Regni
483 2159 593 2218 autem
607 2154 710 2222 nostri
727 2176 812 2224 anno
828 2158 982 2227 seeundo.

117 2352 155 2417 (V.
168 2349 262 2403 Istrin
273 2347 429 2415 kirtlynuk
442 2350 553 2404 inte-ki
563 2349 724 2416 mogerbsitii
734 2351 925 2421 obminyibtil,
936 2360 1062 2425 molynsk
1070 2377 1088 2412 a
1096 2363 1167 2414 iim-i
1178 2361 1244 2430 irip-

114 2441 180 2492 talan
193 2439 260 2492 titel
271 2441 358 2492 138⁶.
372 2437 479 2490 kisablt
491 2436 592 2492 itirata
604 2441 760 2493 sredetibon
773 2460 790 2495 u
798 2446 882 2498 budai
894 2448 921 2500 k.
932 2449 1056 2502 kamarui
1067 2449 1244 2505 leriitirban.

366 2529 400 2581 V.
411 2535 436 2580 o.
448 2528 530 2596 stir
541 2530 607 2583 cod.
620 2531 695 2597 Dipl.
711 2534 756 2588 1v.
767 2537 824 2590 hot.
838 2541 862 2590 i.
875 2555 896 2589 r.
910 2541 953 2592 68.
964 2541 994 2608 i.)

659 3304 715 3371 19.

120 3481 173 3548 IV.
191 3483 279 3547 Buta
295 3481 406 3566 icirdly
421 3484 524 3568 dttry'a
541 3481 605 3548 ΙΙΙ.
623 3483 716 3548 Inone
725 3483 885 3569 pcipdnak
904 3483 1053 3572 bulldjcit,
1072 3484 1213 3573 mdylyol
1228 3509 1250 3550 α

117 3591 349 3680 punnonbalmi
373 3595 512 3677 apdtsciq
526 3595 674 3655 eadmero
692 3615 736 3659 oz.
750 3593 861 3658 lutam
886 3592 994 3679 kirtly
1008 3595 1133 3679 ulapito'
1146 3595 1250 3660 okard-

458 3721 522 3786 aya
536 3699 795 3784 marmorosum.
812 3703 908 3766 1237.

225 3895 267 3959 In
282 3893 414 3959 nomino
430 3893 550 3961 Sanote
564 3894 736 3962 Trinitatis
751 3903 785 3961 et
803 3893 975 3962 Indiuidne
991 3895 1144 3963 Vnitatis.
1168 3896 1252 3963 Bela

122 3999 178 4068 Dei
191 4001 314 4087 grania
330 4001 508 4086 Hungtris,
523 4001 700 4086 croaohies
711 4003 892 4088 Dalmaoie,
908 4005 1022 4086 Reme,
1045 4001 1169 4086 Seruie,
1187 4003 1252 4070 Ga·

122 4111 201 4194 bois,
215 4110 422 4192 indemens,
440 4111 661 4194 Cumanieque
673 4114 743 4178 Rex
758 4110 792 4176 in
809 4119 1012 4197 perpetuum.
1029 4111 1129 4177 Urias
1138 4111 1251 4180 Abbas

122 4219 312 4304 iionasterij
329 4219 443 4285 Saneti
458 4219 590 4286 Martini
615 4219 657 4285 de
672 4217 774 4284 Sauro
798 4220 908 4285 Monte
928 4217 1096 4285 Pannonie
1121 4238 1143 4283 a
1157 4219 1252 4288 nobis

124 4327 239 4395 deuote
254 4327 358 4412 peciit
382 4325 552 4411 instantor,
579 4333 614 4390 nt
629 4323 814 4409 priuilegia,
832 4343 895 4406 qne
912 4343 972 4407 pro
996 4323 1253 4392 immunitatibus

125 4445 153 4503 st
178 4436 393 4504 libertatibus
418 4432 557 4519 predicti
572 4431 760 4515 Monosterij
778 4451 799 4498 a
814 4430 900 4496 Sede
914 4429 1106 4514 Apostoliea
1128 4429 1253 4517 babuit,

124 4544 316 4613 transscribi
330 4542 526 4619 faceremus,
554 4546 586 4605 et
602 4558 713 4605 eorum
729 4537 932 4624 exemplaria
956 4535 1058 4602 nostri
1074 4535 1175 4619 sigilli
1197 4535 1256 4604 ka·

34 4647 36 4672 ⁸
126 4667 247 4723 metere
263 4649 477 4718 muniremus.
494 4645 580 4725 Quia
596 4665 670 4713 enm
679 4645 865 4728 frequenter
881 4644 926 4710 ad
942 4643 1075 4712 diuersa
1084 4642 1256 4711 trahantur
