3226 5194
642 307 798 410 ,ήὲ-

155 500 287 568 nomine
302 501 411 570 Ureob
426 509 560 588 propter
575 500 708 570 divitias
725 500 927 588 expugnavit
942 510 976 570 et
994 503 1124 570 devicit.
1150 502 1214 582 Qui
1229 503 1283 571 de-

156 608 261 676 vietur
277 628 351 676 oum
362 609 488 676 duobus
502 608 581 677 liliis
596 609 675 694 suis,
692 613 725 676 et
739 609 854 696 pauois
865 609 1072 695 quibusdam,
1088 609 1144 693 qui
1155 608 1284 678 dabelli

155 715 302 802 perieulo
327 724 513 800 evaseruut,
539 716 582 783 ad
607 713 729 783 dietum
743 716 925 782 Solrlanum
951 715 992 784 de
1008 716 1160 785 llornaob
1180 724 1284 784 trans·

157 821 253 906 iugit.
270 821 435 890 Soldauue
449 843 527 891 vero
545 823 672 906 iniuria,
689 842 788 907 quam
803 822 867 890 sibi
882 824 969 890 forte
988 823 1151 909 quondam
1166 823 1282 890 intule·

155 935 218 1014 rat,
230 929 453 1016 reminiseens,
469 932 547 1015 quia
556 930 685 998 vioiuus
695 932 813 1016 iuerat,
823 938 992 1018 reeeptum
1001 932 1035 999 in
1044 937 1140 1018 porta
1149 951 1282 1018 suspen-

156 1035 215 1122 dit,
233 1041 266 1102 et
274 1036 430 1122 populum
446 1055 540 1104 suum
550 1034 694 1104 dominio
710 1054 770 1105 suo
783 1035 982 1121 subiugavit.
992 1038 1066 1108 Duo
1081 1037 1283 1125 liliiWitopb

155 1143 269 1227 lugam
284 1145 432 1230 protinus
448 1143 664 1229 arripuerunt
682 1147 724 1212 lit
739 1144 817 1229 quia
826 1144 990 1230 retugium
1006 1145 1091 1214 alias
1107 1166 1173 1216 non
1182 1144 1282 1212 babu-

155 1257 262 1336 erunt,
287 1251 330 1318 ad
347 1253 508 1338 prefatum
523 1250 640 1336 Ureob,
667 1254 721 1338 qui
738 1259 866 1339 patrem
885 1253 1029 1338 ipsorum
1054 1259 1088 1320 et
1101 1253 1191 1340 ipsos
1214 1251 1282 1321 iam

157 1361 256 1426 autea
280 1359 493 1445 spoliaverat,
518 1366 594 1426 sunt
609 1357 742 1426 reuersi.
768 1358 832 1438 Qui
847 1359 945 1429 lereti
971 1360 1152 1428 eonoitatus
1178 1359 1282 1444 rabie,

157 1483 231 1532 eum
247 1466 340 1552 equis
364 1463 519 1534 maiorem
540 1467 672 1553 rapiens
694 1465 868 1535 interfecit.
893 1467 1126 1536 itinerantem
1152 1466 1282 1552 fugiens

156 1571 217 1640 ivit
231 1572 276 1640 ad
291 1570 497 1658 Gurgutbam
513 1575 636 1660 Regem
651 1573 871 1659 Tartarorum,
889 1594 1011 1662 rogans
1027 1593 1102 1642 eum
1117 1572 1281 1658 obnixius,

156 1685 192 1746 ut
208 1679 250 1748 de
264 1679 326 1766 his,
343 1681 400 1767 qui
414 1689 543 1768 patrem
558 1682 628 1750 eius
643 1689 677 1749 ot
691 1682 827 1749 fratrem
844 1680 1086 1767 interioeerunt,
1102 1680 1282 1748 vindictam

157 1795 333 1873 exaruerat,
360 1789 483 1874 dieens,
510 1788 596 1875 quod
620 1789 676 1857 isti
691 1791 786 1875 Duoi,
802 1789 956 1858 videlicet
974 1789 1154 1876 (iurguthe,
1179 1790 1282 1857 bonor

157 1900 351 1979 remaneret,
376 1894 406 1962 si
421 1894 485 1962 sibi
501 1913 560 1979 pro
576 1913 656 1962 neae
680 1895 785 1982 patris
802 1903 835 1962 et
849 1895 955 1982 spolio
978 1893 1091 1962 fratris
1112 1894 1282 1963 retributio

157 2003 251 2069 lieret
266 2007 299 2068 et
314 1999 469 2070 uindiota
487 2001 581 2081 Quod
597 2010 630 2069 et
638 2001 760 2070 laetum
776 2009 836 2087 eet,
852 2020 894 2068 ao
907 1999 1022 2069 habita
1031 2000 1169 2070 viatoria
1184 2020 1280 2085 roga·

157 2107 205 2173 vit
223 2107 339 2176 iterum
364 2107 569 2192 Gurgutbam
594 2111 718 2176 Duoem
737 2108 870 2196 juvenis
896 2106 1151 2194 prenominatus,
1179 2115 1221 2175 ut
1240 2105 1282 2175 de

157 2212 302 2281 Soldaue
317 2213 359 2282 de
374 2215 525 2284 Hennaeb
542 2215 718 2284 vindictum
733 2215 894 2304 aeoiperet
904 2236 964 2303 pro
979 2214 1160 2284 miserabili
1178 2215 1281 2301 patris

158 2342 248 2408 nona,
275 2323 398 2409 dioens,
423 2323 510 2409 quod
526 2329 560 2392 et
575 2324 715 2411 populus
731 2325 862 2393 reliotns
878 2331 1021 2410 epatre,
1045 2325 1104 2409 qui
1126 2323 1172 2390 ibi
1187 2325 1281 2409 quasi

157 2432 309 2519 captivus
333 2433 514 2518 tenebatur,
540 2442 628 2502 esset
643 2433 706 2501 sibi
730 2432 875 2520 presidio
901 2433 953 2502 sui
968 2433 1131 2502 exereitus
1155 2433 1190 2502 iu
1205 2454 1280 2521 pro·

157 2559 283 2624 gressu
308 2540 371 2620 Ille
385 2540 426 2609 ue
441 2540 579 2608 viatoria
603 2541 670 2609 iam
686 2541 830 2629 dupplioi
846 2541 1048 2610 debachatus
1071 2539 1186 2610 sedulo
1202 2561 1280 2610 eon-

158 2648 268 2733 oessit,
282 2646 371 2731 quod
381 2647 514 2732 juvenis
529 2649 714 2735 suplieavit
734 2650 777 2718 lit
792 2669 947 2735 egressus
962 2655 1076 2716 eontra
1091 2648 1280 2733 Solulanum,
1321 2653 1327 2660 '

157 2753 327 2822 viatoriam
350 2756 467 2824 habuit
491 2757 555 2825 sibi
580 2757 761 2843 glorifioam
784 2763 818 2825 et
840 2758 1023 2825 honestam.
1057 2755 1160 2840 Igitur
1184 2755 1280 2840 quasi

157 2861 300 2947 undique
316 2862 453 2932 viatoria
476 2864 578 2931 fretus
593 2863 764 2946 laudabili,
790 2863 962 2949 (iurgutha
981 2863 1189 2949 supradiotns
1205 2864 1280 2928 Dux

157 2973 367 3038 Tartarorum
393 2991 466 3039 uum
490 2978 559 3042 toto
584 2971 705 3059 impetu
730 2971 809 3039 belli
834 2989 1042 3057 progressum
1066 2970 1146 3040 feeit
1166 2977 1303 3039 eontra·

157 3081 279 3146 Persas
296 3083 428 3163 propter
442 3077 604 3161 quasdam
620 3097 766 3162 guerras,
792 3097 875 3161 quas
894 3077 1044 3164 primitus
1063 3077 1224 3148 habuerat
1238 3077 1282 3144 ad

156 3185 306 3271 inuicem,
323 3183 380 3251 ubi
395 3185 566 3252 viatorium
583 3185 722 3253 obtinuit
736 3185 978 3271 perhonestum,
997 3192 1030 3252 et
1045 3186 1192 3272 Regnum
1207 3185 1279 3253 Per·

155 3312 265 3362 sarum
281 3292 346 3360 sibi
368 3293 498 3378 penitus
523 3291 720 3376 subiugavit
746 3293 797 3358 Ex
821 3292 873 3360 his
893 3290 1049 3362 audaoior
1074 3293 1220 3378 effoetus,
1247 3299 1282 3360 et

156 3402 325 3470 fortiorem
335 3420 373 3469 se
382 3407 549 3486 reputans,
569 3400 718 3468 omnibus
728 3417 938 3487 progressum
956 3399 1160 3487 oepitiaoere
1169 3406 1283 3470 eontra

156 3510 282 3594 Regna,
306 3511 410 3576 totum
434 3507 588 3574 mundum
613 3508 679 3575 sibi
695 3509 872 3594 subiugare
896 3527 1091 3595 proponens.
1117 3507 1213 3578 Unde
1238 3509 1282 3576 ad

156 3622 277 3684 terram
293 3614 510 3684 Cumanorum
527 3614 697 3700 aoeedens,
723 3615 814 3702 ipsos
829 3613 993 3685 Cumanos
1012 3615 1191 3703 superavit,
1216 3622 1281 3686 ter-

157 3741 228 3789 ram
245 3722 308 3790 sibi
332 3720 513 3807 subiugaus
538 3741 659 3790 eorum.
686 3720 767 3789 Inde
791 3722 915 3790 reversi
941 3721 986 3788 ad
1000 3723 1156 3805 Magnam
1171 3723 1281 3808 Ungu-

157 3831 251 3915 riam,
277 3830 319 3900 ue
333 3849 401 3914 qua
413 3829 516 3898 nostri
531 3829 660 3915 Ungari
675 3829 834 3914 originem
849 3830 1042 3912 habueruut,
1065 3834 1101 3896 ot
1114 3847 1282 3914 expugna·

157 3944 273 4005 verunt
288 3956 344 4005 eos
360 3935 606 4020 quatuordeeim
621 3934 727 4020 annis,
746 3941 778 4001 ot
793 3933 827 4000 in
843 3935 1084 4019 quintodeeimo
1099 3953 1186 4004 auno
1202 3934 1282 4004 obti-

158 4052 297 4112 nuerunt
322 4063 391 4130 eos,
417 4045 502 4111 siout
515 4043 582 4130 ipsi
607 4043 732 4130 pagani
747 4042 874 4128 Ungari
890 4043 968 4109 viva
985 4061 1068 4108 uooe
1091 4041 1280 4111 retulerunt.

157 4152 229 4220 Illis
245 4153 388 4219 obtentis
404 4153 652 4220 reversivorsus
668 4151 879 4236 arridentem,
895 4150 1011 4237 speeie
1023 4150 1119 4218 unius
1135 4151 1213 4217 anni
1229 4151 1281 4216 vel

38 4346 45 4352 ἱ
158 4281 276 4348 parum
301 4261 444 4347 amplius
466 4260 610 4345 quinque
625 4262 740 4342 Regna
763 4278 967 4345 paganorum
991 4259 1136 4326 maxima
1158 4257 1282 4327 obtinu-

158 4377 270 4454 erunt3
287 4369 470 4455 Fasehiam,
486 4369 674 4453 Merouiam,
685 4370 832 4453 Regnum
848 4373 1080 4455 expugnarunt
1090 4368 1281 4453 Belgarum,

20 4513 24 4530 ·
158 4477 246 4564 quod
260 4475 598 4563 quadragintaoaetra
607 4476 826 4544 munitissima
835 4475 1022 4544 eontinebat
1031 4481 1099 4542 tam
1109 4476 1282 4562 populosa,

159 4585 246 4678 quod
270 4583 313 4653 uie
328 4604 392 4653 uno
408 4591 559 4674 poterant
574 4586 664 4652 exire
680 4584 919 4670 quinquaginta
943 4584 1049 4652 millia
1067 4587 1283 4668 armatorum,
