3168 5186
598 331 747 429 -..ill-

107 529 307 595 eoncambio
334 547 392 612 pro
408 534 495 593 terra
508 513 690 593 ¹liedeliohe
714 546 785 592 cum
802 525 943 610 quinque
959 525 1067 612 nillis;
1088 514 1165 593 item
1181 528 1237 593 uil-

107 637 185 702 lam
202 637 235 722 (l
250 637 342 703 talin
361 633 537 720 „terram“)
555 635 674 701 Sancte
690 632 803 700 Crucis
819 653 892 700 cum
908 634 1010 701 tribus
1032 633 1130 720 uillis,
1156 656 1237 720 quas

103 744 159 809 ab
185 743 300 811 eodem
326 741 417 810 aurs
442 743 534 811 titolo
560 743 752 828 possederat
775 741 963 828 empcionis,
989 743 1160 811 confessus
1187 753 1238 813 est

104 853 300 921 reddidisse
323 853 469 941 predicto
486 853 576 920 Gurlr
602 852 673 919 iure
688 859 845 938 perpetuo
870 852 1086 939 possidendas
1109 855 1143 920 in
1162 874 1235 923 ocn-

104 963 244 1030 cambio
259 981 319 1050 pro
336 971 475 1046 quatuor
490 962 578 1028 uillis
590 959 709 1030 Gomor
724 962 785 1028 sub
801 982 866 1030 una
881 969 969 1030 meta
984 963 1184 1048 constitutis;
1204 968 1237 1029 et

103 1071 201 1155 quod
219 1068 399 1138 addidisset
424 1068 528 1138 eidem
548 1070 639 1137 Gurlr
663 1071 795 1137 racione
822 1071 1000 1155 concambij
1027 1077 1061 1138 et
1083 1071 1237 1158 precipue

106 1178 314 1263 dileccionis,
331 1199 398 1263 qua
413 1165 477 1246 'sibi
492 1181 672 1264 tenebatur,
699 1179 881 1264 nonaginta
895 1185 928 1246 et
945 1185 1083 1264 quatuor
1099 1198 1236 1246 marcas.

105 1287 210 1366 Quod
228 1288 450 1355 concambium
467 1287 553 1354 idem
569 1287 661 1354 aurs
678 1287 835 1354 assistens
844 1287 1059 1374 personaliter
1077 1288 1236 1375 approba-

105 1395 172 1484 uit‚
188 1399 321 1484 insuper
335 1397 442 1463 taliter
453 1393 518 1483 (se)
534 1393 719 1481 obligando,
736 1397 820 1479 quod
831 1396 860 1462 si
875 1416 933 1483 per
943 1396 1086 1481 aliquam
1097 1396 1235 1480 questio·

105 1523 188 1570 nem
204 1504 301 1571 uillas
312 1502 504 1589 antedictas,
521 1525 603 1589 quas
616 1504 706 1570 Gurk
723 1502 816 1572 dedit
825 1503 943 1572 Oomiti
953 1504 1115 1588 limbach,
1131 1502 1235 1570 amitti

106 1612 325 1696 contingeret,
351 1612 438 1679 idem
455 1612 546 1678 Gurk
572 1617 699 1679 tantum
716 1612 756 1678 de
781 1619 869 1680 terra
883 1632 946 1678 sua
967 1610 1164 1680 hereditaria
1179 1612 1236 1678 ali·

107 1721 202 1787 undo
217 1721 281 1806 ipsi
297 1720 447 1788 Michaeli
464 1720 582 1789 Comiti
598 1721 676 1787 darc
691 1725 849 1802 teneatur,
875 1727 909 1787 et
922 1720 1150 1788 nichilominus
1165 1740 1236 1806 pre·

108 1827 202 1896 dicte
217 1829 354 1914 pecunie
370 1827 539 1895 refundere
552 1827 777 1914 quantitatem.
794 1829 832 1894 In
848 1828 938 1896 ouius
954 1829 1003 1895 rei
1018 1829 1236 1896 testimonium

108 1946 283 2025 presentes
308 1937 435 2005 litteras
461 1938 654 2005 contulimus
671 1937 772 2023 sigilli
788 1937 889 2006 nostri
913 1937 1089 2005 munimine
1104 1940 1235 2007 robora-

106 2053 175 2113 tas.
201 2048 323 2112 Datum
338 2065 397 2131 per
421 2065 535 2112 manus
551 2045 702 2132 Magistri
729 2046 898 2114 Michaelis
922 2045 1067 2114 Lectoms
1090 2046 1236 2114 Ecclesia

107 2161 226 2222 nostre
241 2173 328 2220 anno
347 2152 478 2220 Domini
493 2155 538 2219 Μο
551 2152 615 2220 00⁰
626 2154 664 2220 L⁰
679 2161 783 2222 sexto.

109 2353 252 2420 (Eredotie
271 2349 443 2420 blirhdrtydm
463 2353 576 2419 melyrltl
596 2369 613 2404 a
625 2350 754 2420 kdptalan
774 2351 896 2421 pecsetjs
914 2360 994 2406 votos
1013 2354 1237 2421 aelyemasindron

375 2445 451 2510 fflgg,
465 2445 576 2498 abudai
589 2446 640 2496 lrir.
653 2446 774 2498 kamarai
792 2442 987 2514 levdltdrban.)

542 2733 797 2744 ——-—--—-

636 3203 713 3272 atl.

117 3389 309 3477 Upyocuzoa
334 3387 448 3453 Miklds
474 3409 569 3452 eomes
593 3392 624 3451 e's
648 3391 769 3452 oemaeie
788 3361 924 3452 Ldo‘iacz
948 3385 1028 3452 do'zti
1051 3385 1234 3454 bimokcaere.

623 3493 721 3560 1256.

103 3717 107 3726 ·
220 3677 289 3743 Nos
306 3673 421 3744 Oomes
437 3675 577 3764 llicahol
601 3673 823 3760 significamus
851 3675 1001 3743 omnibus
1025 3696 1162 3762 presens
1187 3677 1234 3744 in-

109 3784 334 3874 spicientibus,
360 3781 535 3868 quodcum
562 3781 736 3849 karissimo
751 3783 853 3850 llatre
876 3790 986 3850 nostro
1006 3783 1133 3852 (inmite
1151 3785 1235 3852 Lan-

11 3980 15 3986 ,
109 3901 220 3962 cereto
245 3893 312 3960 tale
338 3881 474 3960 fecimus
500 3890 736 3975 concambium,
769 3891 855 3976 quod
870 3913 930 3960 nos
956 3893 1104 3960 dedimus
1130 3894 1235 3960 eidem

109 4009 251 4088 quatuor
266 4007 371 4068 terras
382 3998 499 4069 Comor
515 3999 576 4065 sub
590 4017 657 4064 una
671 4004 759 4065 meta
775 3999 977 4086 constitutas,
992 4005 1025 4066 et
1039 4001 1122 4068 duas
1131 4008 1234 4068 terras

108 4111 255 4197 Welyka
264 4109 368 4178 eciam
379 4110 439 4176 sub
454 4128 521 4176 una
536 4115 622 4175 meta
635 4106 821 4194 existentes,
840 4127 923 4192 quas
933 4127 1044 4175 omnes
1060 4106 1235 4178 aJurlrone

108 4220 177 4289 lilio
194 4220 304 4288 Ochos
318 4219 402 4286 Bani
419 4226 528 4286 nostro
544 4236 664 4303 genero
690 4217 794 4283 eciam
809 4236 867 4303 pro
884 4216 1071 4285 concambio
1091 4216 1234 4303 optinue-

109 4349 233 4416 ramns,
251 4350 323 4398 cum
339 4326 453 4396 eodem
469 4327 641 4416 priuilegio
656 4324 801 4412 Capituli
816 4325 1058 4412 Zagrabiensis,
1084 4345 1148 4408 quo
1163 4345 1233 4397 eas·

111 4433 527 4521 dem‘terrastencbamus3
545 4442 578 4502 et
590 4440 709 4500 terram
719 4433 901 4520 Pyancovc,
921 4440 1091 4500 acterram
1102 4433 1236 4519 Bykenc

111 4549 186 4616 iure
201 4552 359 4636 perpetuo
386 4542 604 4632 possidendas
620 4541 677 4627 ita,
701 4546 736 4608 nt
750 4542 844 4608 saluo
859 4541 892 4608 in
909 4541 993 4610 lilios
1009 4541 1148 4609 liliorum
1162 4561 1233 4627 per-

112 4659 282 4744 petuitatis
312 4655 486 4743 priuilegio
512 4650 554 4719 do
579 4649 673 4717 terris
698 4649 896 4736 supradictis
921 4651 1038 4718 debeat
1069 4650 1234 4735 matulam.
