3210 5194
899 885 953 956 67.

357 1058 413 1127 ΙΧ.
432 1065 566 1154 Gerpely
580 1071 670 1157 pcipe
681 1069 807 1157 dlra'lpris
822 1076 942 1161 ajouerr
953 1073 1086 1158 prostrrld
1100 1085 1111 1137 t
1127 1077 1310 1164 craterpourr'
1325 1074 1486 1158 e'rsclrrek,

699 1203 719 1242 o
732 1180 902 1267 pelliceret
919 1181 1021 1245 lutet.
1039 1185 1135 1248 1240.

472 1379 649 1468 Gregorius
672 1385 852 1470 Episcopus
878 1403 992 1452 seruus
1017 1404 1182 1452 seruorum
1207 1387 1271 1452 Dei
1296 1385 1483 1452 venerabili

355 1486 448 1556 fratri
473 1541 479 1554 .
500 1541 532 1556 ..
557 1492 722 1579 Episcopo
748 1491 910 1575 quondam
937 1493 1099 1562 Waciuusi
1126 1495 1158 1560 in
1186 1494 1481 1582 Archiepiscopum

352 1597 607 1680 strigoniensem
623 1600 745 1685 Electo,
770 1601 908 1667 salutem
925 1606 957 1666 et
972 1602 1194 1688 Apostolicam
1211 1600 1481 1670 benedictionem.

354 1704 500 1772 Dilectus
516 1706 601 1774 lilios
620 1757 627 1772 .
646 1758 653 1772 .
673 1758 680 1774 .
697 1707 905 1794 Propositum
932 1707 973 1773 dc
988 1709 1126 1797 Scippis,
1145 1710 1321 1794 Magistros
1336 1709 1481 1775 Albeum

353 1813 559 1898 Nitrieusem,
577 1821 609 1882 et
624 1816 794 1882 Nicolaum
812 1816 1058 1883 Gumuriensem
1075 1815 1343 1900 Archidiaconos,
1360 1819 1481 1886 Gerar·

352 1919 428 1990 dnm
453 1923 631 1992 Plebanum
663 1925 704 1990 de
728 1924 844 2009 Benya
875 1927 907 1990 et
929 1923 1105 1991 Ricardum
1136 1925 1302 1993 Lectorcm
1329 1925 1480 1991 Ecclesia

352 2028 596 2115 strigoniensis,
614 2029 859 2100 concanonicos
876 2039 908 2098 et
923 2037 1150 2117 procuratores
1166 2031 1309 2117 capituli
1329 2031 1479 2098 eiusdem

352 2138 498 2206 Ecclesia
514 2161 586 2207 curu
612 2141 730 2208 litteris
748 2140 883 2227 predicti
899 2141 1039 2228 Capituli
1056 2141 1099 2206 ad
1118 2140 1236 2208 Sedem
1252 2140 1479 2227 Apostolieam

352 2246 554 2332 accedentes,
570 2248 773 2334 benignitate
789 2249 961 2334 recipimus
977 2257 1144 2331 consueta,
1161 2255 1193 2316 et
1210 2248 1476 2335 postulationem,

351 2355 505 2438 quamde
529 2363 561 2422 te
577 2355 677 2424 fratre
693 2365 803 2425 nostro
825 2359 877 2443 M,
895 2359 1056 2446 Episcopo
1067 2358 1230 2444 quondam
1247 2356 1422 2442 Waciensi,
1441 2357 1477 2423 in

351 2461 605 2545 Strigoniensem
629 2465 916 2552 Archiepiscopum
947 2465 1149 2535 concorditer
1180 2466 1406 2549 celebrarunt,
1440 2472 1478 2533 nt

350 2570 464 2638 eedem
480 2571 587 2640 littere
612 2573 831 2658 continebant,
857 2575 950 2642 nobis
966 2593 1024 2662 per
1039 2594 1096 2643 eos
1120 2575 1286 2642 humiliter
1308 2582 1477 2662 presenta-

350 2684 427 2761 tum,
443 2699 503 2765 pcr
517 2678 634 2748 fratres
650 2686 778 2748 nostros
789 2681 967 2748 examinari
984 2681 1118 2748 lecimus
1130 2681 1314 2766 diligenter,
1334 2701 1475 2766 eamque

348 2785 581 2854 conduximus
597 2787 841 2866 admittendam,
865 2787 943 2874 quia
957 2787 1063 2874 ipsam
1080 2788 1224 2855 constitit
1248 2788 1353 2855 minus
1376 2807 1472 2856 cauo·

349 2894 421 2960 nice
435 2894 645 2961 celebratam.
672 2892 820 2961 Ceterum
837 2893 1053 2980 attendentes,
1070 2895 1156 2980 quod
1175 2895 1421 2963 karissimorum
1439 2895 1471 2962 in

348 2999 477 3069 Christo
502 3001 640 3070 liliorum
656 3011 837 3070 nostrorum
851 3003 887 3068 B.
905 3002 1049 3087 Ungarie
1074 3012 1107 3070 et
1129 3003 1322 3073 Golomanni
1343 3004 1469 3086 Regum

349 3109 535 3197 niustriam,
561 3119 594 3178 et
610 3111 747 3180 alierum
773 3111 1009 3197 fidedignorurn
1025 3110 1212 3178 testimonia
1236 3110 1372 3193 devita,
1399 3131 1472 3178 oon·

347 3218 533 3287 versatione
558 3219 707 3303 honesta,
734 3220 917 3287 litteratura
943 3225 975 3286 et
1002 3218 1163 3304 gravitate
1188 3239 1310 3286 morum
1334 3223 1365 3285 te
1382 3217 1474 3304 apud

346 3347 407 3394 nos
418 3327 626 3395 reddiderunt
640 3349 736 3413 quam
747 3329 921 3415 plurimum
933 3325 1203 3412 commendatum,
1213 3327 1359 3396 volentes
1369 3326 1472 3394 etiam

346 3433 453 3500 eidem
469 3434 614 3502 Ecclesie
638 3442 803 3520 tamquam
819 3435 955 3522 speciali
979 3434 1045 3502 filie
1061 3436 1242 3502 uberiorem
1259 3434 1398 3520 gratiam
1414 3435 1472 3500 im·

345 3540 469 3627 pcrtiri,
497 3561 538 3608 ne
555 3550 736 3609 remaneret
758 3543 881 3609 diutius
898 3542 1040 3628 pastoris
1065 3543 1182 3609 solatio
1209 3543 1374 3624 destituta,
1400 3546 1433 3607 te
1450 3561 1473 3606 a

344 3647 485 3735 vinculo,
511 3669 574 3733 quo
590 3651 753 3718 tenebaris
769 3651 933 3718 Waciensi
950 3650 1105 3737 Ecclesie,
1126 3651 1345 3734 absolventes,
1362 3649 1472 3716 eidem

347 3757 387 3822 de
404 3758 540 3844 speciali
556 3759 663 3844 gratia
684 3761 718 3826 in
735 3767 860 3845 patrem
876 3758 1093 3826 concessimus
1113 3766 1146 3826 et
1162 3765 1333 3844 pastorem,
1359 3775 1471 3824 euram

344 3866 403 3933 tibi
419 3864 573 3936 iamdicte
583 3868 814 3952 Strigonicnsis
825 3867 972 3933 Ecclesie
987 3867 1231 3935 committentes.
1248 3867 1300 3933 Ad
1315 3868 1377 3933 boc
1395 3883 1469 3930 cum

344 3976 496 4060 palleum,
515 3975 642 4060 insigne
652 3975 804 4042 videlicet
819 3973 1019 4043 Pontificalis
1036 3973 1143 4058 oflicii,
1160 3994 1200 4041 ex
1216 3981 1310 4061 parte
1326 3971 1471 4059 Capituli

343 4084 522 4170 supradicti
549 4104 606 4171 per
622 4089 846 4169 procuratores
872 4082 1017 4169 prefatos
1035 4081 1150 4148 luisset
1173 4081 1302 4148 anobis
1328 4101 1400 4148 cum
1417 4099 1470 4160 ea,

342 4210 408 4276 qua
424 4191 541 4278 decuit,
567 4189 723 4258 instantia
747 4192 959 4277 postulatum,
985 4210 1045 4256 uos
1061 4189 1205 4275 ipsorum
1224 4187 1351 4256 devotis
1367 4185 1471 4274 preci·

342 4299 402 4365 bus
428 4305 627 4381 annuentes,
652 4301 833 4384 prescriptc
858 4296 1004 4364 Ecclesie
1031 4294 1284 4380 Strigonieusis‚
1312 4293 1468 4378 temporis

341 4405 469 4472 malitia
485 4415 517 4472 et
533 4406 661 4474 itineris
686 4406 877 4474 difficultate
894 4408 1047 4492 pensatis,
1063 4404 1230 4492 cupientes
1252 4402 1470 4489 indempnita-

340 4514 427 4583 tibus
442 4534 629 4602 precavere,
654 4515 736 4583 illud
752 4514 943 4601 decerpere
959 4515 1054 4581 Beati
1069 4513 1157 4580 Petri
1173 4517 1346 4598 sumptum,
1371 4528 1471 4577 vcne·

340 4623 438 4692 rabili
454 4623 546 4692 tratri
572 4631 682 4693 nostro
766 4623 937 4692 Colocensi
953 4620 1208 4708 Arcbiepiscopo
1233 4639 1293 4707 per
1316 4637 1471 4708 procura·
