3226 5194
614 420 766 525 EQ.

126 633 222 700 qnem
239 617 320 704 regi,
344 624 378 685 et
391 623 502 686 tenore
519 617 626 687 iacere
643 618 798 686 debemus
813 616 990 684 secundum
1006 618 1110 686 bonas
1126 627 1158 686 et
1174 616 1253 684 anti-

125 743 208 807 quas
225 724 475 794 consuetudines
490 725 526 791 in
542 727 616 813 ipso
633 725 797 794 Comitatn
815 727 975 793 obtentas.
1003 725 1108 792 Nobis
1123 743 1253 810 qnoque

126 830 223 916 Daci,
244 833 429 919 nostrisque
448 835 690 903 successoribus
710 840 742 900 et
757 833 928 901 Communi
946 833 1166 917 chstiarum,
1186 840 1253 899 tam

125 938 191 1024 ipsi
207 939 360 1025 Comites,
387 941 442 1026 qui
457 961 542 1008 nunc
558 950 642 1027 sunt,
669 960 766 1029 quem
787 963 896 1010 eorum
914 941 1082 1029 haeredes,
1108 941 1163 1027 qui
1183 961 1254 1028 pro-

125 1051 272 1132 tempore
296 1046 434 1133 inerint,
467 1048 552 1116 inira
577 1069 674 1116 unum
699 1069 820 1116 annum
844 1055 1019 1137 postquam
1048 1048 1254 1136 pervenerint

127 1153 171 1220 ad
189 1161 343 1244 aetatem,
368 1156 444 1224 fidei
461 1165 554 1226 erunt
570 1165 775 1227 sacramento
796 1159 922 1226 astricti
938 1160 972 1226 in
988 1162 1187 1246 perpetuum.
1214 1156 1255 1223 Et

127 1260 247 1346 omniu,
264 1282 349 1347 quae
365 1264 569 1332 continentur
584 1267 737 1353 superius
753 1285 826 1334 cum
843 1285 954 1332 eorum
974 1263 1172 1332 haeredibus
1188 1263 1253 1350 ipsi

126 1366 271 1437 Comites
281 1369 375 1438 nobis
386 1371 572 1459 supradicto
585 1373 676 1459 Duci,
688 1381 720 1440 et
730 1368 974 1441 successoribus
984 1373 1114 1457 nostris,
1128 1371 1252 1440 orcom-

126 1478 216 1544 muni
231 1477 441 1546 venetiarum
462 1487 666 1549 sacramento
684 1481 812 1548 astricti
828 1499 863 1548 se
887 1480 1117 1548 observaturos
1136 1478 1253 1566 promi·

125 1590 249 1667 serunt,
275 1587 339 1654 uisi
355 1585 547 1653 remanserit
562 1605 621 1673 per
636 1605 706 1670 uos,
733 1591 791 1652 aut
806 1604 1012 1653 successores
1033 1591 1172 1672 nostros,
1200 1585 1251 1652 vel

125 1690 283 1776 majorem
299 1699 425 1778 partem
443 1690 544 1760 nostri
560 1691 715 1778 Consilii,
734 1693 780 1759 ita
796 1700 916 1777 tamen,
934 1691 1020 1775 quod
1037 1693 1252 1778 nonpossint,

124 1815 186 1862 nec
202 1795 343 1865 debeant
369 1818 441 1866 esse
457 1819 500 1866 ex
516 1797 613 1866 dictis
629 1798 824 1885 comitibus,
841 1799 903 1866 nisi
925 1799 988 1866 duo
1004 1799 1168 1885 Rectores,
1185 1799 1253 1884 qui·

124 1904 188 1971 bns
213 1903 255 1972 de
280 1905 534 1974 honorificentiis
554 1907 734 1974 Comitatus
760 1905 901 1975 debeant
926 1907 1133 1993 responderc.
1157 1907 1252 1973 Etsi

125 2011 247 2096 aliquis
272 2033 313 2079 ex
339 2011 435 2081 dictis
452 2013 631 2083 Comitibns
656 2022 775 2082 terram
801 2014 927 2100 exierit,
953 2015 1006 2082 vel
1031 2034 1111 2082 casu
1134 2015 1252 2082 absens

124 2119 233 2208 tuerit,
250 2140 333 2188 nnus
349 2121 434 2190 alius
451 2119 572 2190 debeat
587 2141 659 2192 esse
669 2125 787 2192 Rector
803 2124 844 2190 de
861 2121 1030 2193 Coloncllo
1045 2121 1114 2207 ilio,
1131 2119 1172 2188 de
1188 2141 1252 2208 qno

127 2228 237 2315 tuerit,
253 2228 309 2312 qui
324 2228 444 2297 absens
460 2230 540 2315 crit;
567 2236 599 2298 et
614 2228 644 2298 si
660 2248 772 2299 omnes
788 2229 867 2297 dicti
884 2228 1027 2298 Comites
1048 2236 1144 2296 erunt
1159 2234 1253 2296 extra

124 2343 259 2422 terrem,
284 2335 482 2406 constituant
499 2356 596 2403 nuum
611 2337 665 2403 vel
679 2335 761 2404 duos
777 2338 942 2420 Rectorss,
968 2337 1051 2404 sicut
1076 2335 1124 2404 eis
1140 2333 1253 2402 utilius

125 2443 311 2531 apparebit.
338 2445 426 2511 Etsi
442 2443 561 2528 omnia,
588 2444 673 2512 sicut
691 2445 837 2532 superins
864 2444 1053 2527 continetur,
1080 2445 1253 2513 observata

123 2571 191 2618 uon
205 2549 333 2638 fuerint,
350 2571 428 2638 pars
438 2550 619 2621 Comitatus
635 2553 734 2639 illius,
753 2552 808 2636 qni
819 2551 1055 2638 contrafecerit,
1073 2552 1251 2632 amittatur,

124 2679 200 2726 cum
217 2660 365 2728 omnibus
381 2681 482 2748 snpra
498 2661 680 2746 concessis,
702 2669 734 2729 et
748 2661 782 2728 in
798 2660 881 2728 aiios
895 2657 1083 2746 deveniant,
1101 2656 1143 2726 dc
1160 2658 1253 2744 cnjus

125 2764 295 2834 Colonello
312 2767 409 2836 fuerit
424 2769 643 2854 obseruatum,
664 2786 748 2853 quae
764 2767 914 2853 superins
931 2765 1020 2834 dicta
1036 2772 1130 2851 sunt;
1148 2765 1252 2833 donec

124 2873 185 2939 ille
210 2859 266 2958 oui
291 2874 526 2960 contrafecerit,
552 2873 597 2943 ad
620 2882 763 2943 nostram
789 2881 822 2941 ct
839 2874 1026 2943 Communis
1042 2873 1253 2941 Venetiarum

126 2981 269 3064 gratiam
295 2981 391 3050 fuerit
415 2983 589 3052 restitutus.
615 2982 650 3048 Si
678 3003 753 3048 vcro
775 3001 886 3049 omnes
912 2979 1073 3067 praedicti
1098 2979 1252 3064 Comites,

126 3089 307 3158 celsorum
325 3092 483 3160 heoredes
507 3099 620 3159 contra
635 3091 804 3179 praedicta
823 3089 967 3176 iecerint,
990 3087 1177 3176 praedictus
1193 3087 1252 3154 Co-

126 3199 260 3266 mitatus
286 3199 319 3265 in
335 3220 395 3269 nos
411 3210 442 3268 et
459 3201 635 3268 Commune
651 3198 860 3266 Venetiarum
885 3216 958 3265 cum
980 3196 1128 3264 omuibus
1154 3215 1253 3282 supra

126 3307 290 3374 concessis
308 3304 461 3374 devenire
477 3306 606 3392 debeat,
632 3308 808 3375 cumomni
826 3306 1029 3404 plenitudiue
1056 3304 1193 3374 rationis
1210 3303 1253 3370 ed

126 3412 314 3482 iaciendum
332 3415 459 3502 exinde,
485 3414 641 3502 quidquid
657 3423 788 3485 nostrae
803 3416 971 3501 nostrique
992 3413 1127 3482 Consilii
1144 3412 1253 3480 volun·

125 3521 205 3588 tatis
224 3520 340 3607 fuerit,
366 3530 399 3589 et
415 3523 590 3590 secundum
608 3524 711 3590 bonas
728 3526 759 3589 et
776 3523 929 3607 antiquas
954 3520 1204 3589 consuetudines
1219 3521 1253 3588 in

126 3630 199 3716 ipso
217 3632 379 3699 Comitatn
406 3631 555 3698 obtentas
572 3631 679 3716 ipsum
696 3631 764 3715 regi
782 3637 814 3697 ct
829 3640 939 3699 tenere
957 3632 1067 3698 iacere
1083 3628 1250 3698 debemus.

126 3736 169 3802 Et
185 3735 362 3824 sciendum,
382 3737 470 3822 quod
485 3736 647 3825 praedicti
663 3735 804 3808 Comites
820 3747 896 3807 sunt
911 3747 943 3806 ct
959 3757 1032 3807 esse
1052 3737 1195 3807 debcant
1212 3737 1253 3803 dc

128 3851 239 3913 nostro
256 3843 372 3913 Maiori
389 3845 531 3914 Consilio
556 3854 761 3914 sacramento
787 3846 922 3931 astricti,
947 3846 1076 3930 qnando
1099 3867 1158 3934 per
1173 3854 1238 3912 tom

127 3972 209 4039 pora
225 3952 372 4020 Venetiis
398 3961 500 4020 erunt.
525 3955 566 4020 Et
581 3952 625 4019 ad
641 3954 796 4040 majorem
821 3955 917 4039 bnjus
944 3955 990 4020 rei
1006 3953 1191 4020 firmitatem
1220 3965 1253 4024 et

128 4060 324 4128 evidentiam
342 4060 530 4148 pleniorem,
557 4079 713 4148 praesens
730 4061 938 4147 privilegium
955 4060 1025 4127 ircri
1036 4063 1203 4147 jussimus,
1222 4071 1254 4128 et

126 4189 185 4255 per
202 4188 333 4236 uranum
350 4168 486 4239 Corradi
503 4168 621 4237 Curiae
635 4180 767 4238 nostrae
783 4167 978 4236 Cancetlarii
997 4169 1162 4256 roborari;
1183 4187 1252 4234 cnr·

126 4282 219 4343 rente
236 4297 322 4372 atino
337 4274 472 4344 Domini
489 4279 533 4342 bi⁰
544 4275 701 4343 CC⁰LX⁰.

234 4384 305 4468 Ego
330 4383 513 4470 Rayucrius
538 4387 629 4452 Ceno
645 4383 707 4450 Dei
727 4383 834 4468 gratia
860 4385 934 4451 Dux
952 4383 1162 4456 Venetiarcm
1187 4393 1250 4452 etc.

236 4492 306 4574 Ego
322 4490 466 4560 Josnnes
483 4490 637 4570 Quirinus
657 4492 775 4558 Juden.

235 4599 307 4683 ldgo
323 4599 467 4666 Joannes
484 4597 687 4666 Gradenions
708 4598 825 4666 Jndcn.

235 4707 305 4796 ligo
323 4709 473 4776 (tibertus
491 4708 661 4776 Dandulus
676 4706 796 4775 Judex.
