3186 5188
629 801 704 869 132.

101 969 153 1032 Aa
179 971 247 1053 cyri
271 966 483 1052 briptolonooi·
507 966 772 1051 brboopscipleeeio,
800 964 879 1049 bcpp
906 965 996 1026 Ponit
1014 962 1164 1025 I’onr'tnab
1181 963 1228 1043 ¹p'o

100 1077 293 1142 Mrbkolezoo
320 1077 385 1138 reso
408 1074 539 1141 birtolrdt
554 1075 623 1140 Filo
641 1074 773 1158 euprobi
789 1071 976 1160 pro'postnok
991 1071 1102 1135 cloelta.
1131 1069 1228 1135 1215.

212 1237 370 1304 Omnibus
387 1235 505 1303 Christi
532 1234 679 1301 fidelibus
696 1241 763 1300 tarn
785 1236 990 1319 presentibus
1011 1251 1108 1316 qnam
1125 1238 1227 1315 postc-

99 1347 157 1430 ris,
185 1346 303 1431 quibus
320 1351 487 1431 presentes
511 1345 686 1430 potuerint,
711 1343 880 1430 Agriensis
905 1342 1050 1409 Ecclesie
1078 1341 1230 1408 deuotum

100 1453 292 1538 Capitulum
318 1453 457 1518 salutern
472 1452 504 1517 in
520 1451 600 1519 Jesu
615 1451 743 1520 Obristo
764 1473 784 1518 a
801 1451 915 1519 Judeis
933 1473 990 1538 pro
1017 1450 1110 1520 nobis
1131 1449 1228 1516 eruci-

101 1563 177 1629 fixo.
195 1560 410 1628 Vniucrsitati
428 1567 533 1626 uestro
549 1567 660 1626 tenore
675 1561 877 1648 presencium
895 1560 1045 1627 duximus
1063 1559 1229 1626 declaran-

101 1669 189 1756 dum,
210 1669 299 1751 qued
314 1668 472 1736 accedens
489 1669 531 1735 ad
542 1669 743 1755 presenciam
760 1675 905 1736 nostram
922 1669 1016 1734 Ponit
1031 1667 1118 1734 filius
1135 1664 1229 1732 Ponit

101 1797 164 1842 sua
181 1776 277 1844 nobis
298 1776 461 1843 relacione
477 1779 681 1862 monstrauit,
699 1777 785 1863 quod
800 1785 902 1846 totam
919 1785 1037 1845 terram
1053 1776 1162 1844 fratris
1180 1773 1230 1840 sui

100 1885 245 1954 Worosd
262 1885 408 1970 Comitis,
436 1907 532 1968 qoam
558 1885 703 1954 babebat
718 1887 750 1953 in
767 1887 944 1972 Miseovey,
971 1907 1032 1970 que
1054 1885 1096 1951 ad
1122 1884 1229 1969 ipsum

101 1995 170 2061 iure
192 1993 391 2061 hereditario
418 2001 467 2060 est
493 1995 647 2062 deuolute
672 1999 797 2062 mortuo
814 1994 955 2062 Woresti
972 1992 1097 2060 Comitc
1120 2011 1229 2076 supra-

101 2101 202 2188 dicto,
225 2099 428 2168 uendidisset
442 2101 601 2186 Magistro
618 2105 690 2172 File
702 2104 872 2190 Proposito
890 2100 1104 2187 Zagrabiensi
1121 2105 1153 2164 et
1168 2098 1229 2164 fra-

103 2211 210 2278 tribus
227 2211 304 2294 suis,
317 2212 418 2276 Teme
429 2209 558 2296 comiti,
573 2223 605 2280 et.
615 2213 722 2297 Petro,
738 2235 796 2297 pro
807 2211 942 2297 triginta
960 2210 1077 2276 marcis
1094 2208 1230 2292 argenti,

103 2340 187 2404 quas
205 2341 241 2387 se
257 2319 405 2405 plenarie
420 2321 586 2406 accepisse
603 2323 644 2387 ab
660 2321 781 2390 eisdem
799 2320 947 2388 recitauit
963 2318 1058 2384 Ponit
1075 2335 1228 2384 memora-

103 2433 174 2514 tus3
205 2427 423 2513 presentibus,
451 2437 482 2494 et
499 2428 542 2494 ad
560 2430 593 2496 id
609 2431 734 2514 absque
761 2430 847 2495 omni
873 2426 1133 2494 contradictione
1160 2441 1228 2510 per·

1 2617 2 2626 ἵ
107 2534 311 2603 mittentibus
323 2535 460 2602 eundem
475 2539 622 2622 cognatis
643 2539 720 2621 suis,
739 2537 893 2603 uidelicet
903 2534 1045 2617 Geor-gio
1062 2534 1127 2600 tilio
1138 2534 1229 2614 Micc,

1 2629 2 2660 ³
104 2645 243 2711 Nicolao
261 2653 293 2712 et
309 2645 413 2712 Jaeov
429 2645 504 2730 filijs
516 2647 699 2731 Pangrneij‚
717 2647 854 2712 Nicolao
871 2644 936 2710 filio
957 2643 1060 2728 Pauli,
1078 2642 1229 2710 Johanue

105 2753 169 2820 filio
188 2751 283 2817 Pauli
302 2751 475 2840 deCaban,
494 2753 653 2822 Miebaele
670 2754 939 2838 filioblunchuey‚
963 2753 1018 2835 qui
1035 2749 1138 2817 ceiam
1158 2768 1230 2815 eon-

106 2881 239 2926 sensum
263 2860 297 2924 in
324 2859 386 2927 isto
413 2862 591 2948 empeienis
617 2871 649 2928 et
673 2861 876 2929 nendieionis
902 2867 1068 2927 contractu
1095 2858 1228 2923 aliorum

106 2988 239 3038 suornm
257 2973 478 3053 cognatorum,
503 2969 557 3054 qui
574 2971 788 3056 personaliter
806 2989 915 3034 coram
931 2966 1024 3034 nobis
1041 2987 1104 3031 nou
1121 2965 1229 3030 astite-

105 3083 187 3157 runt,
215 3084 456 3162 preposuerunt
482 3079 641 3145 ueraciter
667 3078 860 3145 constitisse.
888 3076 929 3140 Vt
946 3081 1052 3139 autem
1073 3072 1165 3138 huius
1182 3069 1229 3137 rei

106 3185 265 3252 memoria
282 3193 473 3269 perpetuam
499 3187 607 3272 capiat
625 3188 818 3268 firmitatem,
846 3203 905 3249 nee
923 3183 963 3248 ab
985 3181 1051 3246 ullo
1079 3199 1230 3263 umquam

103 3292 282 3377 infringere
298 3293 427 3360 nolente
451 3295 669 3378 malignanter
685 3293 888 3362 uendicionis
913 3299 944 3356 et
960 3290 1136 3377 empeienis
1156 3308 1229 3354 eon-

106 3407 231 3466 traetus
249 3400 454 3502 supradictus
472 3405 596 3471 cassari
618 3405 737 3488 ualeat,
764 3403 807 3469 ad
822 3399 1017 3467 instanciam
1034 3398 1135 3484 partis
1156 3398 1231 3463 utri·

103 3527 206 3591 nsque
233 3513 363 3572 nostras
390 3509 436 3574 eis
467 3530 564 3598 super
590 3513 650 3579 boc
675 3511 799 3576 litteras
826 3507 1044 3576 concessimus
1071 3507 1231 3573 communi

103 3615 242 3682 fratrum
252 3622 436 3684 nostrorum
449 3639 618 3704 consensu,
636 3619 840 3705 presentibus
851 3625 961 3684 tamen
973 3617 1068 3683 Petro
1080 3616 1228 3700 Contere,

103 3723 201 3809 Gyka
218 3723 372 3809 Custode,
398 3725 556 3811 Magistro
573 3726 746 3794 Leostaeio
764 3727 849 3794 Noui
871 3725 989 3810 Casiri,
1007 3726 1162 3792 Fareasio
1189 3726 1228 3790 de
1342 3751 1344 3756 ·

102 3833 241 3915 Bursua,
260 3831 439 3900 Laureneio
458 3833 498 3900 de
513 3835 618 3902 Patha
635 3842 666 3900 et
683 3834 839 3901 Ladizlao
862 3834 901 3900 de
921 3835 1046 3901 Bersod
1062 3831 1228 3898 Archidia-

103 3940 204 4005 conis.
222 3940 393 4022 Regnante
410 3940 554 4027 glorioso
570 3941 738 4028 Hungarie
749 3943 839 4026 Rege
857 3941 955 4026 Bela;
977 3941 1141 4026 Stephano
1152 3941 1228 4006 Stri-

105 4047 267 4132 goniensi,
286 4047 461 4117 Benedieto
474 4049 642 4118 Coloeensi
660 4051 942 4135 Arebiepiseopis3
965 4049 1102 4114 Domino
1119 4056 1228 4114 nostre

106 4155 194 4222 Cleto
221 4155 412 4221 Uenerabili
429 4155 581 4241 Agricnsi
607 4157 753 4224 Ecclesie
781 4157 950 4223 existente.
978 4156 1071 4220 Anno
1098 4153 1227 4222 Domini

105 4263 146 4327 bi⁰
158 4261 223 4330 00⁰
235 4263 306 4356 XL.
325 4263 446 4346 quinte.

337 4370 366 4434 A
497 4370 523 4434 B
655 4371 679 4436 Ο
809 4371 839 4435 Ι)
972 4369 998 4433 Ε

108 4497 243 4564 (Erodetio
265 4495 438 4566 bb'rlrrirtyr'su,
461 4499 572 4566 molyrbi
585 4517 602 4550 a
615 4495 745 4564 lrtiptaiuu
764 4494 885 4564 pecsbtje
905 4502 983 4548 vitriis
1003 4495 1226 4560 sclyemzsiuoroo

341 4588 448 4653 srrggott
460 4608 465 4650 ;
479 4605 495 4638 o
509 4587 590 4638 irrideri
604 4589 654 4638 irir.
670 4589 790 4640 karnarai
804 4581 992 4650 lerbitrbrbau.)

534 4713 578 4720 ...-
586 4711 793 4722 ‚mm-—
