3162 5188
400 1069 460 1138 IV.
479 1073 567 1138 lucae
579 1079 668 1160 pa'pu
685 1097 704 1138 u
720 1076 855 1138 oiualaui
869 1085 1035 1140 monostort
1050 1099 1087 1140 oa
1105 1076 1237 1160 apostoli
1255 1070 1381 1140 stataet
1403 1069 1532 1138 luteam

713 1181 902 1270 pdrtsogdso
919 1183 972 1248 ald
989 1185 1076 1250 occsa
1101 1182 1197 1248 1254.

501 1377 711 1448 Innocentius
723 1379 906 1465 Episcopus
916 1398 1029 1446 servos
1040 1400 1207 1448 servornm
1220 1383 1279 1448 Dei
1297 1382 1436 1454 dilectis
1456 1388 1528 1456 filiis

395 1532 402 1549 .
420 1536 427 1552 .
448 1486 586 1554 ‚Abbati
596 1487 788 1554 Monastcrii
803 1485 916 1554 Sancti
927 1488 1043 1556 Jacobi
1059 1489 1101 1558 de
1111 1489 1254 1574 Visulae,
1275 1492 1350 1578 ejus
1366 1492 1527 1562 fratribus

393 1604 460 1664 um
484 1594 722 1682 praesentibus,
748 1614 845 1682 quam
871 1595 987 1665 suturis
1013 1599 1199 1684 regularem
1226 1600 1326 1667 vitam
1351 1601 1525 1688 protessis.

391 1702 593 1796 Religionum
610 1703 711 1770 vitam
728 1702 926 1788 eligentibus
942 1701 1166 1792 apostolicum
1182 1706 1335 1775 convenit
1360 1728 1441 1778 esse
1457 1731 1524 1796 pre·

392 1809 523 1900 sidium,
550 1833 591 1880 ne
615 1812 698 1880 forte
722 1811 899 1898 cujuslibet
923 1813 1115 1885 temeritatis
1140 1813 1301 1900 incursus,
1332 1825 1394 1886 aut
1421 1839 1523 1886 eoae

392 1919 561 2008 proposito
576 1927 716 2004 revocet,
741 1929 800 1990 aut
815 1921 922 2006 robur,
948 1921 1035 2006 qood
1050 1921 1148 2008 absit,
1174 1943 1267 1990 sacre
1282 1924 1463 2011 religionis
1478 1927 1521 1993 iu-

391 2027 523 2115 lringat.
542 2029 760 2116 Quapropter,
783 2028 896 2097 dilecti
915 2028 948 2097 in
964 2030 1105 2098 Domino
1122 2029 1191 2115 tilii,
1218 2031 1336 2102 vestris
1353 2033 1455 2104 iustis
1470 2056 1521 2120 po·

389 2136 618 2206 stulationibus
634 2137 811 2206 clementer
826 2139 1010 2222 annuimus,
1036 2146 1070 2206 et
1085 2137 1315 2207 Mduastcriom
1331 2143 1451 2210 Sancti
1469 2142 1519 2210 Ja-

388 2244 460 2312 cobi
475 2242 517 2312 de
534 2243 668 2314 Visuiza
683 2245 851 2332 Rugusiue
865 2247 1029 2331 Diocesis,
1055 2247 1088 2313 iu
1105 2267 1170 2333 quo
1187 2247 1306 2316 Divino
1327 2249 1412 2318 estis
1429 2250 1518 2318 obse·

389 2352 465 2439 quio
481 2353 669 2440 mancipati,
696 2354 758 2420 sub
774 2353 867 2422 Beati
884 2353 972 2422 Petri
997 2362 1030 2422 et
1056 2362 1169 2425 nostra
1187 2355 1392 2443 protectione
1420 2359 1518 2430 susci-

388 2462 507 2548 pimus,
524 2467 556 2528 ot
571 2461 735 2550 presentis
751 2459 864 2548 scripti
892 2461 1065 2549 privilegio
1082 2463 1327 2533 communimus.
1346 2467 1382 2532 ln
1405 2465 1518 2552 primis

388 2569 548 2654 siquidem
565 2574 755 2658 statuentes,
772 2576 807 2638 ut
817 2569 896 2640 ordo
909 2571 1119 2658 monasticus,
1135 2571 1191 2656 qui
1208 2572 1384 2642 secundum
1400 2575 1516 2656 Deum,

387 2682 418 2742 ct
432 2677 526 2746 Beati
550 2678 720 2748 Benedicti
747 2680 905 2764 regulam,
932 2677 1097 2749 incudem
1123 2659 1322 2750 uenasuiio
1347 2683 1516 2756 institutus

387 2805 461 2854 esso
486 2783 698 2874 dignosmtm,
724 2788 892 2876 perpetuis
909 2786 1029 2856 ibidem
1056 2788 1255 2876 temporibus
1278 2789 1516 2864 inviolabiliter

385 2902 604 2968 conservetur.
631 2897 786 2965 Preteroa
810 2915 1034 2982 quascumque
1049 2896 1283 2986 possessiones,
1310 2917 1516 2983 quecumque

385 3003 473 3072 bona
495 3002 583 3072 idem
608 3006 843 3074 blonasterium
871 3003 1154 3093 impresentiarum
1176 3006 1266 3092 juste
1291 3027 1330 3074 ac
1354 3007 1515 3079 canonico

382 3111 543 3199 possidet,
572 3118 629 3182 aut
644 3111 679 3178 in
704 3112 848 3186 futurum
873 3115 1082 3181 concessione
1108 3113 1308 3199 Pontificum,
1333 3114 1513 3197 largitione

381 3220 518 3308 Regum,
543 3221 596 3286 vel
615 3219 802 3308 Principum
820 3221 997 3306 oblatione,
1024 3241 1082 3290 seu
1098 3220 1173 3290 aliis
1184 3222 1284 3307 justia
1309 3220 1417 3290 modis
1442 3239 1510 3310 pre-

383 3333 491 3399 stante
507 3327 648 3396 Domino
664 3327 786 3414 poterit
800 3326 952 3416 adipisci,
970 3327 1064 3395 firma
1077 3326 1171 3396 robis
1186 3329 1368 3413 vestrisque
1384 3348 1512 3398 succes·

382 3435 521 3520 roribus,
539 3441 573 3502 et
588 3434 716 3506 illibato
731 3443 954 3522 permaneant,
975 3455 1036 3523 pro
1052 3435 1171 3520 quibus
1187 3436 1247 3504 hee
1257 3436 1403 3524 propriis
1421 3435 1512 3506 duxi·

382 3563 454 3612 mos
478 3541 693 3630 exprimenda
718 3543 898 3614 vocabulis.
930 3543 1052 3610 Locum
1080 3543 1196 3630 ipsum,
1222 3543 1255 3610 in
1282 3562 1345 3629 quo
1370 3544 1511 3630 primum

380 3650 616 3726 Mouasterium
633 3651 731 3720 situm
748 3657 808 3735 est,
825 3669 897 3720 cum
914 3647 1064 3722 omnibus
1074 3649 1281 3735 pertinentiis
1297 3650 1377 3736 suis,
1394 3650 1511 3721 vineas

381 3766 539 3846 etterrus,
555 3778 639 3848 quas
656 3758 899 3846 habetisprope
915 3757 1003 3826 idem
1015 3758 1258 3844 Mouasterium,
1275 3777 1348 3825 oum
1360 3758 1510 3827 omnibus

381 3867 587 3956 pertiuentiis
602 3867 692 3953 auis,
719 3865 833 3936 sineru
849 3873 883 3934 et
898 3873 1012 3952 tenus,
1039 3886 1121 3950 quas
1137 3866 1268 3935 habetis
1284 3866 1317 3933 iu
1334 3865 1428 3952 locis,
1455 3867 1509 3954 qui

381 3976 550 4048 Subrende
567 3976 630 4044 Ver
647 4011 690 4022 -
709 4013 747 4022 —-
766 4013 810 4023 -
826 4011 869 4024 --
893 3982 927 4044 et
951 3972 1158 4042 lunchettum
1184 3974 1361 4062 vulgariter
1386 3987 1507 4050 nuncu·

380 4091 510 4171 pautur,
527 4102 599 4152 eum
616 4083 767 4152 omuibus
782 4082 990 4170 pertinentiis
1007 4079 1202 4167 eorundem
1219 4082 1334 4149 domos
1351 4102 1436 4168 quas
1453 4083 1506 4158 lra-

379 4193 464 4264 betis
474 4193 508 4266 iu
525 4191 660 4264 civitate
668 4191 840 4280 Ragusiua
856 4211 927 4260 cum
947 4191 1094 4263 omuibus
1104 4189 1304 4281 pertiuentiij
1316 4191 1505 4275 earundem,

378 4320 451 4369 cum
476 4301 582 4383 terris,
599 4299 713 4386 pratis,
740 4299 854 4384 vineis,
877 4301 1122 4371 nemoribus-
1138 4336 1182 4349 -
1198 4305 1291 4366 -et
1315 4299 1448 4388 pascuis
1472 4295 1505 4364 iu

379 4409 477 4476 bosco
502 4415 535 4475 et
550 4407 661 4494 plano,
687 4406 721 4472 in
737 4407 832 4491 aquis
848 4413 880 4474 et
897 4406 1103 4493 molendinis,
1132 4407 1165 4473 in
1182 4405 1244 4474 viis
1260 4414 1293 4473 et
1309 4405 1447 4491 semitis,
1473 4411 1503 4471 et

380 4517 529 4585 omnibns
553 4514 629 4583 aliis
645 4515 852 4584 libertatibus
877 4521 910 4584 et
923 4513 1182 4589 immunitatibus
1197 4515 1275 4582 suis.
1302 4515 1390 4582 Sane
1408 4531 1502 4585 nova·

381 4623 462 4690 lium
489 4627 680 4707 vestrorum,
708 4640 771 4707 que
786 4621 928 4709 propriis
954 4621 1105 4692 manibus
1130 4629 1164 4690 et
1178 4621 1361 4710 sumptibus
1385 4620 1500 4704 colitis,
