3252 5198
909 369 931 432 4

351 569 537 639 haereticae
563 564 736 653 prauitatis
760 563 914 630 iniectam
941 563 1088 648 maculis,
1113 564 1339 647 accessissent,
1365 585 1484 650 propa·

351 697 431 764 gare
440 676 487 742 ibi
496 673 573 741 fidei
585 671 774 740 Catholicae
792 671 1013 754 sanctitatem,
1033 690 1090 740 eos
1106 671 1264 738 laieorum
1276 671 1485 739 multitudine

351 784 493 869 benigne
509 787 541 848 et
556 779 681 849 ilariter
696 778 890 847 admittente
898 829 909 864 ,
935 799 1072 864 quorum
1089 779 1181 847 multi
1197 799 1256 866 per
1270 780 1372 867 ipsos,
1390 779 1483 846 illius

350 892 493 961 iaciente
518 890 658 972 virtute,
685 886 741 970 qui
757 886 920 955 neminem
943 888 1014 953 vult
1037 888 1154 974 perire,
1177 887 1222 954 ad
1246 887 1483 973 poenitentiam

352 1006 427 1070 sunt
443 997 594 1068 conversi
611 1021 619 1062 :
636 1004 682 1077 tu,
698 995 756 1079 qui
770 1001 936 1082 promotor
950 1015 1063 1063 eorum
1079 1015 1152 1062 esse
1168 994 1324 1081 debebas,
1342 1005 1376 1063 ct
1390 1013 1484 1082 prac-

349 1110 465 1196 cipuus
481 1107 515 1172 in
540 1102 757 1191 procurandis
783 1102 966 1169 animarum
991 1103 1200 1190 profectibus,
1225 1124 1291 1172 non
1311 1104 1480 1184 remissus,

347 1213 623 1284 contumeliarum
633 1209 756 1278 aculeis
771 1209 917 1297 ipsorum
927 1219 1060 1296 pectora
1078 1213 1264 1298 pupugisti,
1286 1219 1319 1278 et
1333 1230 1484 1279 nonccn

347 1331 461 1393 tentus
485 1320 613 1389 iniuriis
638 1325 764 1406 partem
780 1319 922 1403 afficere,
949 1319 1027 1403 quin
1045 1319 1196 1388 nitereris
1221 1326 1323 1388 totum
1349 1319 1483 1386 illarum

351 1430 470 1500 iaculis
486 1428 699 1511 conturbare,
725 1428 869 1514 ipsorum
885 1427 1001 1495 Ordini
1023 1429 1168 1513 graviter
1191 1429 1363 1496 detrahere
1386 1447 1482 1515 prac-

351 1535 533 1625 sumpsisti‚
543 1537 661 1602 ianuas
671 1532 780 1602 claudi
789 1533 925 1620 faciens,
943 1555 984 1601 nc
994 1535 1037 1602 ad
1052 1518 1331 1623 praedicationem
1340 1535 1483 1618 Ministri

352 1644 570 1714 Prouincialis
587 1643 733 1710 eiusdem
744 1643 877 1710 Ordinis
893 1644 1035 1731 populus
1045 1645 1249 1730 conveniret;
1266 1644 1483 1729 quasisittuo

351 1763 428 1824 roto
445 1751 653 1836 contrarium,
670 1749 758 1837 quod
773 1751 848 1837 quis
864 1752 908 1818 ad
924 1752 1025 1818 vitam
1044 1753 1202 1839 proficiat,
1228 1751 1385 1836 doctrinis
1401 1771 1484 1838 pau-

351 1861 492 1948 pertatis
523 1866 690 1925 extremae
714 1864 748 1924 et
777 1859 924 1926 caritatis
950 1860 1131 1927 immensae
1156 1860 1257 1927 cultui
1286 1859 1483 1928 deditorum.

351 1971 530 2036 Praeterea
554 1983 627 2030 cum
643 1964 677 2029 in
694 1965 843 2050 partibus
860 1966 928 2033 illis
944 1987 1080 2051 paucae,
1107 1967 1160 2033 vel
1180 1966 1291 2033 nullae
1315 1965 1484 2049 religioso

354 2097 426 2144 rum
442 2070 711 2158 congregationes
720 2072 874 2158 existant,
891 2074 924 2140 in
942 2075 1060 2160 quihus
1076 2074 1374 2161 disciplinavigeat
1389 2093 1484 2158 regu-

352 2183 453 2268 laris3
479 2183 512 2248 in
528 2181 689 2266 quasdam
712 2181 865 2248 mulieres
889 2181 1009 2250 ibidem
1028 2181 1232 2266 constitutas,
1257 2203 1316 2268 pro
1336 2202 1376 2248 eo
1392 2181 1483 2266 quod

355 2291 547 2376 capillorum
563 2288 712 2356 abscissa
732 2289 889 2373 caesarie,
913 2309 954 2356 ac
969 2290 1082 2358 relicto
1097 2290 1260 2358 saeculari
1275 2289 1400 2373 habitu,
1426 2289 1483 2355 eli-

353 2405 469 2486 gerunt
484 2418 543 2465 sua
559 2396 696 2464 crimina
709 2397 743 2463 in
760 2397 912 2465 domibus
935 2399 1074 2484 propriis
1091 2399 1280 2486 deplorarc;
1306 2402 1341 2467 in
1357 2419 1483 2467 corum-

352 2506 427 2574 dem
450 2503 586 2572 fratrum
603 2504 825 2590 obprobrium,
851 2527 987 2590 quorum
1009 2506 1298 2592 exhortationibus,
1324 2514 1484 2594 operante

352 2611 502 2695 Domino,
530 2610 685 2677 anhelant
708 2611 751 2678 ad
768 2613 915 2698 praemia
930 2614 1110 2698 beatorum,
1137 2614 1483 2682 excommunicationis

351 2720 547 2790 sententiam
572 2720 809 2806 promulgasti3
835 2721 956 2788 Divina
972 2725 1165 2790 auctoritate
1186 2721 1334 2790 districte
1358 2723 1483 2809 praeei-

353 2833 457 2917 picns,
484 2833 520 2894 ut
535 2847 608 2894 cum
626 2828 804 2914 Apostolus
820 2835 990 2896 tonsuram
1006 2830 1179 2915 prohibeat
1199 2831 1377 2914 mulierum,
1394 2829 1484 2914 quod

353 2935 474 3020 aliqua,
500 2933 620 3002 sivein
636 2933 733 3002 domo
758 2935 895 3022 propria
920 2945 1144 3020 commoretur,
1169 2938 1223 3004 vel
1247 2937 1416 3023 religionis
1437 2938 1482 3006 sit

352 3043 499 3111 habitum
514 3047 718 3128 susceptura,
734 3049 901 3110 tonsuram
917 3043 981 3110 sibi
996 3043 1182 3129 nonfaciat,
1198 3045 1253 3111 uel
1269 3045 1311 3111 ab
1328 3044 1394 3110 alio
1409 3046 1482 3112 lieri

352 3171 416 3218 non
431 3149 618 3236 permittat,
646 3157 679 3215 et
694 3150 722 3216 si
746 3149 830 3217 forte
850 3150 1056 3234 contingeret
1079 3151 1244 3235 praesumi
1272 3151 1480 3236 contrarium,

350 3265 420 3326 tam
444 3264 579 3340 tonsae,
605 3276 703 3339 quam
728 3256 899 3324 tondentes
925 3257 1269 3324 excommunicationis
1296 3258 1481 3326 sentcntiae

351 3365 568 3431 subiecerant.
595 3363 706 3441 Quare
721 3364 879 3448 contigit,
904 3361 1079 3447 quodcum
1094 3364 1228 3448 quidam
1253 3364 1370 3432 fratres
1387 3363 1482 3432 Ordi-

350 3473 403 3538 nis
417 3469 695 3552 Praedieatorum,
723 3469 778 3552 qui
793 3468 837 3535 ad
853 3489 911 3536 eas
927 3475 1040 3555 partes
1059 3470 1215 3536 nunciare
1231 3476 1389 3537 venerant
1403 3471 1483 3538 Goe-

350 3577 444 3646 lestis
458 3576 565 3662 Regni
580 3575 720 3659 gloriam
746 3582 779 3642 et
793 3575 975 3662 thesauros,
1007 3576 1068 3643 tibi
1083 3576 1203 3644 devote
1221 3576 1375 3662 dicerent,
1392 3579 1482 3664 quod

350 3685 534 3754 inconcultc
549 3683 650 3749 talem
665 3681 860 3750 sententiam
876 3683 1078 3769 protulisses,
1098 3685 1290 3771 praesertim
1305 3705 1378 3752 cum
1394 3687 1483 3772 Apo

349 3793 453 3860 stolus
469 3789 504 3856 in
519 3789 631 3872 verbo,
649 3787 736 3871 quod
751 3788 793 3855 de
808 3797 944 3856 tonsura
959 3790 1139 3875 proposuit,
1155 3790 1199 3856 ad
1215 3791 1376 3875 mulieres,
1393 3812 1482 3877 quae

350 3898 507 3967 mundum
518 3895 1077 3983 etconcupiscentiamreliquerunt,
1088 3918 1153 3964 non
1164 3896 1314 3966 videatur
1325 3900 1483 3970 habuisse

350 4010 554 4093 respectum
578 4009 613 4071 tu
629 4023 694 4070 non
709 4009 879 4073 contentus
900 4011 1013 4073 contra
1027 4010 1062 4072 te
1077 4004 1111 4073 in
1127 4006 1283 4074 fratribus
1298 4008 1482 4095 supradicti

350 4113 485 4183 Ordinis
511 4131 672 4200 supernae
695 4131 894 4200 provocasse
916 4115 1096 4201 potentiam
1112 4115 1304 4197 Maiestatis,
1330 4115 1482 4183 adiecisti

351 4223 492 4290 furorem
517 4220 588 4287 eius
603 4228 637 4288 ct
654 4221 689 4288 in
707 4221 773 4289 iam
799 4222 895 4290 dictis
921 4243 1048 4308 acuere,
1073 4222 1331 4310 praesumendo,
1356 4243 1398 4289 ne
1413 4223 1481 4310 ipsi

350 4329 580 4418 praedicarent
594 4327 725 4417 ibidem,
735 4330 790 4397 vel
801 4330 1023 4400 confessiones
1033 4331 1195 4415 audirent,
1213 4330 1314 4398 autin
1330 4332 1481 4400 ecclesiis

350 4435 494 4503 civitatis
509 4434 680 4520 praelatae
695 4437 935 4524 praedicationi
951 4457 1062 4506 eorum
1086 4439 1255 4506 audientia
1270 4438 1478 4524 tribueretur,

349 4543 484 4610 tirmiter
498 4541 656 4612 inhibere.
673 4545 760 4623 Quid
774 4545 905 4613 multa?
921 4546 1017 4634 quasi
1030 4546 1091 4613 tibi
1106 4546 1151 4614 sit
1166 4545 1201 4612 in
1215 4544 1371 4630 taedium,
1388 4546 1480 4631 quod

351 4650 455 4733 aliqui
471 4655 699 4718 convertantur
713 4652 757 4719 ad
772 4653 949 4722 Dominum
973 4654 1015 4723 dc
1029 4653 1237 4724 multitudine
1261 4654 1479 4740 populorum,
