3252 5198
825 319 1186 420 -.2-6..”

337 519 440 585 tribus
457 517 608 600 solueret,
626 516 759 584 residua
775 535 853 582 uero
871 514 1030 580 medietas
1048 512 1224 597 sepedictis
1244 511 1470 580 castrensibus

342 625 471 691 cederet
480 623 709 710 persoluenda.
728 620 844 707 incipit
857 627 1061 686 autemterre
1077 619 1166 686 illins
1179 625 1266 686 meta
1281 621 1323 686 ab
1333 623 1471 704 oriente,

338 737 371 796 et
386 736 526 797 metatur
540 749 612 795 cum
630 727 852 795 castrensibus
867 725 1043 813 predictis3
1061 727 1095 793 in
1111 728 1213 813 plaga
1228 748 1307 794 uero
1324 727 1474 794 meridio-

339 838 408 903 nali
424 843 565 902 metatur
590 856 663 901 cum
680 835 761 901 villa
776 834 893 901 Bnken
910 833 1055 918 comitis,
1083 855 1146 919 qne
1163 834 1300 901 Cheolez
1317 841 1472 916 uocatur;

336 945 369 1011 iu
385 945 552 1012 occidente
580 963 657 1010 uero
673 963 747 1010 cum
762 942 844 1008 villa
859 943 1119 1024 uduornicorum,
1145 949 1178 1010 et
1192 963 1214 1008 a
1233 944 1465 1028 septemtrione

338 1060 460 1120 metata
487 1057 537 1119 est
562 1071 634 1118 oum
659 1057 748 1117 terra
773 1052 878 1119 Sebus
904 1050 1050 1118 Comitis.
1082 1051 1157 1116 Hiis
1183 1051 1295 1134 itaque
1320 1050 1471 1118 omnibus

340 1159 462 1247 ordine,
480 1181 544 1243 quo
561 1159 713 1243 diximus,
730 1159 884 1243 peractis,
901 1158 1018 1225 Comes
1033 1157 1186 1225 Andreas
1201 1158 1365 1226 hominem
1375 1177 1471 1227 sunm

340 1268 550 1354 Stephanum,
577 1285 673 1349 quem
689 1287 787 1332 cause
803 1266 996 1352 pristaldum
1013 1265 1207 1354 prefecerat,
1227 1285 1294 1331 uua
1310 1285 1383 1331 cum
1398 1287 1475 1353 par-

343 1375 430 1442 tibus
447 1375 591 1458 ntrisque
618 1373 661 1440 ad
677 1383 822 1441 nostram
838 1380 871 1439 et
893 1373 1028 1439 fratrum
1044 1373 1181 1440 Posonii
1206 1375 1409 1460 presenciam
1425 1373 1476 1440 di·

344 1482 438 1566 rexit,
465 1489 588 1550 attente
604 1483 786 1569 postulans,
812 1487 848 1547 ut
862 1483 911 1548 rei
927 1489 1030 1567 geste,
1058 1502 1100 1548 ne
1114 1488 1222 1549 tractu
1240 1484 1394 1570 temporis
1420 1504 1476 1550 cn-

341 1589 481 1674 iuspiam
497 1589 685 1675 calumpnia
699 1589 888 1673 infirmaret,
909 1588 1012 1671 sigilli
1026 1588 1130 1657 nostri
1151 1608 1389 1674 apponeremus
1405 1613 1476 1658 mn-

342 1696 533 1762 nimentum.
559 1693 653 1762 Vnde
677 1717 738 1762 nos
765 1696 900 1762 adeius
924 1705 957 1761 et
982 1695 1130 1782 parcium
1156 1696 1315 1761 iustarum
1339 1718 1476 1783 precum

340 1805 546 1890 instanciam,
563 1814 642 1870 sanc
659 1805 736 1888 quia
752 1805 898 1870 eiusdem
909 1803 1045 1871 Comitis
1061 1803 1206 1888 sigillum
1215 1803 1334 1871 litteris
1350 1825 1476 1892 appen-

343 1931 415 1978 sum
432 1930 544 1977 sumus
567 1909 687 1997 intuiti,
715 1911 842 1977 litteras
858 1912 919 1977 bas
939 1911 1122 1995 sigillorum
1147 1916 1330 1977 nostrorum
1355 1912 1477 1982 robore

342 2018 620 2085 communinimus.
636 2018 730 2085 Anno
746 2017 836 2083 verbi
853 2017 1015 2083 incarnati
1029 2019 1074 2084 Μ’
1084 2016 1149 2083 OG·
1159 2017 1385 2088 XXX⁰sexto

344 2215 459 2282 (Roland
470 2213 554 2267 nddor
563 2213 592 2266 ds
602 2217 704 2267 Vineae
713 2218 814 2280 nyitrai
826 2217 997 2281 pdspblrnelr,
1010 2217 1079 2268 mint
1092 2215 1229 2268 kiktlldbtt
1240 2213 1375 2268 birtknak
1391 2221 1475 2273 12⁵5-

627 2306 658 2356 ki
672 2304 831 2372 jdvdhagyb
843 2304 982 2358 itdletdbbl
1001 2308 1069 2357 mint
1082 2304 1183 2374 attho.)

772 2603 1027 2614 -——--.--......

882 3061 936 3129 lt.

342 3251 372 3315 A
388 3247 548 3313 titulato
572 3245 693 3329 lcirdlys‘
708 3244 801 3308 tarot
817 3265 838 3305 a
854 3243 1047 3329 barameppea'
1070 3241 1300 3329 ocrjobbctppob
1321 3245 1352 3307 ds
1368 3267 1390 3308 a
1406 3244 1473 3309 Ga-

341 3378 412 3420 ram
427 3353 554 3418 molletti
572 3375 614 3416 aa.
630 3351 775 3416 benedekc'
796 3353 875 3436 apat
890 3350 983 3432 tobati,
1000 3349 1126 3414 kooctoss'
1142 3347 1284 3414 birtokrc
1301 3351 1476 3416 vonattozo

723 3467 798 3543 part
813 3455 968 3520 eliutdao'lr.
987 3457 1085 3524 1236.

451 3655 520 3720 Nos
537 3651 670 3718 Judices
686 3649 980 3718 terrarumOomes
991 3650 1187 3736 Alexander,
1206 3651 1322 3718 Comes
1339 3653 1473 3738 Zocbet,

343 3766 460 3832 Comes
476 3762 599 3827 Beuete
614 3765 647 3824 ct
663 3758 770 3842 Ozyas
786 3757 1043 3825 Aiclridiacouus
1053 3758 1245 3846 Wuciensis,
1269 3762 1436 3829 constituti
1452 3783 1474 3828 a

343 3873 474 3938 domino
491 3870 582 3954 Rege
597 3867 680 3934 Bela
694 3866 727 3933 iu
743 3867 911 3953 provincia
927 3867 1104 3953 Borsiensi,
1124 3877 1235 3938 uotum
1251 3869 1390 3936 facimus
1407 3891 1474 3937 om-

342 3980 439 4046 uibus
466 3995 602 4063 presens
629 3974 783 4059 scriptum
807 3973 1013 4059 inspecturis,
1040 3975 1127 4060 quod
1145 3976 1347 4060 yobagiones
1372 3981 1474 4046 castri

344 4085 528 4155 Borsiensis
545 4082 586 4150 de
602 4083 683 4150 villa
699 4083 835 4168 Orusan,
853 4083 978 4150 scilicet
993 4086 1102 4151 Pousa
1119 4091 1151 4150 et
1166 4083 1217 4149 sui
1236 4085 1473 4171 consenquiuei

343 4196 384 4262 de
400 4193 517 4260 eadem
532 4191 623 4268 uilla,
639 4191 801 4257 Abbatem
813 4189 965 4256 Cosmum
981 4191 1127 4257 Ecclesia
1143 4189 1237 4257 Beati
1253 4189 1422 4258 Benedicti
1440 4201 1474 4260 et

344 4301 547 4388 yobagiones
564 4297 708 4365 eiusdem
718 4297 865 4364 Ecclesia
875 4317 984 4365 coram
994 4296 1088 4364 uobis
1104 4297 1137 4363 in
1147 4303 1472 4387 causamtraxernut,

343 4409 499 4490 dicentes,
523 4413 559 4472 ut
574 4406 609 4472 in
625 4407 706 4472 uilla
722 4406 861 4490 (inacho,
878 4411 1007 4491 quaest
1023 4404 1136 4471 Sancti
1151 4404 1328 4490 Benedicti,
1348 4411 1471 4477 terram

341 4535 454 4583 eornm
479 4513 722 4597 bereditarium,
750 4511 794 4579 ad
817 4511 881 4580 duo
906 4519 1036 4597 aratra,
1062 4510 1220 4578 uiolenter
1243 4523 1471 4596 occupassent.

340 4623 456 4688 Dictus
472 4638 551 4686 uero
564 4619 675 4687 Abbas
686 4639 760 4687 cum
776 4622 845 4687 suis
856 4618 1092 4704 jobagionibus
1110 4617 1231 4684 eisdem
1242 4619 1471 4692 contradicens
