3226 5194
137 1008 170 1076 A
180 1013 334 1098 pozocnyi
349 1009 570 1094 ldpldacacek
580 1007 847 1091 bizonysdpleoclc,
863 1007 942 1092 bcpy
959 1005 1270 1092 Hucbpacaucucm·

134 1117 415 1204 zelaipdeliBuken
427 1137 524 1181 comes
534 1113 705 1200 cnpjdnalc,
722 1114 837 1178 luithere
852 1119 882 1176 e's
898 1111 1023 1198 daoeppa'
1031 1110 1268 1197 jopou'cva'npat

406 1221 527 1306 fejebeu
543 1222 622 1306 πόρῃ
631 1217 721 1302 futat
736 1219 864 1285 dtadctl.
888 1221 984 1284 1260.

244 1417 430 1506 Capitulum
447 1415 595 1483 Ecclesia
610 1411 821 1482 Posouiensis
838 1413 998 1481 vniuersis
1017 1411 1139 1480 Christi
1162 1409 1263 1478 lideli·

136 1531 198 1596 bus
208 1534 276 1594 tam
291 1525 496 1614 presentibus
513 1543 611 1610 quam
621 1520 738 1588 futuris
754 1529 922 1606 presentes
932 1520 1058 1588 litteras
1070 1519 1266 1606 inspecturis

134 1635 276 1703 salutem
302 1635 336 1701 in
352 1632 492 1700 Domino
518 1631 760 1717 sempiternam.
788 1627 840 1695 Ad
860 1629 1084 1696 uniuersorum
1110 1627 1265 1696 noticiam

135 1741 253 1810 barum
269 1741 353 1810 serie
371 1740 528 1807 wolnmus
544 1739 726 1826 peruenire,
745 1736 831 1822 quod
842 1735 1025 1805 constitutis
1042 1755 1151 1804 coram
1169 1734 1263 1804 nobis

136 1850 354 1937 personaliter
365 1848 488 1918 Gemite
498 1847 707 1916 Bulenlilius
718 1844 805 1935 (lgy)
817 1845 952 1914 comitis
962 1845 1077 1912 Buken
1092 1844 1265 1932 degenere

135 1957 352 2045 Huntpaznan
375 1956 416 2024 ab
435 1976 501 2024 vna
526 1961 628 2042 parte,
656 1954 788 2023 domina
812 1953 983 2021 Elisabeth
1008 1960 1110 2021 metro
1135 1972 1197 2022 sua
1222 1972 1264 2019 ex

135 2066 252 2151 altera,
278 2064 365 2134 idem
390 2063 508 2134 Gomcs
533 2063 648 2130 Bulren
675 2071 724 2130 est
748 2059 917 2130 confessus
942 2061 1029 2128 wiua
1054 2081 1148 2148 uoce,
1176 2060 1263 2148 quod

134 2179 269 2260 propter
295 2171 489 2240 discordiam
505 2169 611 2256 Regni
637 2177 669 2236 ct
694 2167 958 2236 deuastaoionem
975 2166 1263 2254 Tbeutuuicorum,

133 2300 175 2348 ac
190 2300 285 2348 sunm
301 2279 510 2348 infortunium
527 2299 584 2346 seu
599 2283 836 2365 paupertatem,
854 2275 895 2344 de
911 2274 1175 2363 possessionibus
1192 2279 1261 2345 suis

133 2387 218 2455 dixit
234 2409 270 2456 se
286 2387 468 2474 dissipasse
485 2385 576 2453 iuxta
591 2385 700 2470 Regni
716 2385 989 2470 consuetudinem,
1011 2385 1097 2453 sicut
1112 2405 1182 2454 mos
1199 2385 1260 2453 luit

132 2495 176 2562 ab
202 2495 347 2581 antiquo,
373 2516 431 2581 pro
447 2494 524 2562 dote
540 2513 580 2558 ac
606 2493 771 2579 dotalioijs
797 2499 828 2560 et
853 2492 949 2560 rebus
974 2512 1085 2561 secum
1110 2491 1261 2562 adductis

131 2601 263 2670 domine
280 2605 395 2670 matris
411 2621 479 2689 suc,
498 2600 616 2687 quibus
632 2600 703 2688 ipse
720 2599 799 2668 dare
815 2600 995 2686 tenebatur,
1013 2600 1143 2688 penitus
1159 2599 1259 2669 nichil

130 2731 170 2777 se
196 2708 327 2778 dedisse
343 2707 538 2791 affirmauit3
565 2705 624 2772 sed
640 2716 815 2792 antequam
840 2707 1010 2774 infaciem
1032 2707 1155 2793 judicis
1180 2709 1259 2796 legi·

130 2821 211 2886 time
227 2816 402 2887 conuenire
429 2815 617 2883 debuissent
634 2835 675 2882 en
691 2814 896 2902 beneplacito
923 2815 1051 2883 domine
1070 2817 1184 2885 matris
1199 2836 1259 2884 sue

128 2928 224 2993 iuxta
249 2922 493 2992 ordinacionem
520 2927 552 2988 et
577 2919 850 3006 composicionem
875 2920 1055 3008 Beronum,
1088 2921 1166 3007 quia
1189 2921 1258 2991 filia

127 3033 252 3103 sororis
268 3033 366 3116 Regis
382 3031 511 3099 Andrec
528 3052 600 3101 esse
617 3031 872 3117 dinosscebatur,
891 3031 931 3097 ob
948 3032 1009 3118 lpcc
1026 3030 1181 3100 dotalicia
1197 3052 1257 3100 sua

126 3151 162 3209 et
177 3162 232 3210 res
248 3161 358 3210 secum
376 3141 534 3208 adductas
551 3144 584 3207 in
600 3161 689 3224 auro,
717 3146 862 3224 argento,
880 3141 1018 3224 gemmis
1035 3147 1067 3206 ct
1087 3141 1256 3229 preciosis·

124 3249 218 3316 simis
234 3247 412 3335 lapidibus,
439 3269 478 3316 ac
496 3247 609 3332 viginti
628 3247 738 3335 capita
764 3247 928 3314 bominum
952 3246 1089 3333 predicti
1109 3246 1255 3319 Berones

124 3377 190 3424 vna
206 3377 279 3424 cum
295 3356 459 3426 nobilibus
475 3355 581 3441 Regni
599 3355 642 3422 ud
660 3356 804 3424 ualorem
821 3355 910 3422 mille
923 3375 1105 3424 murcatum
1121 3358 1255 3425 extima·

124 3469 209 3530 runt.
237 3463 299 3544 Qui
317 3463 401 3531 idem
419 3465 536 3532 Comes
553 3464 668 3530 Buken
695 3482 931 3549 recognoscens
948 3485 994 3551 se,
1021 3464 1108 3552 quod
1125 3466 1166 3534 de
1183 3488 1254 3555 pro-

126 3571 208 3659 prijs
226 3571 294 3637 suis
310 3576 435 3636 tautam
452 3589 611 3637 summam
627 3573 774 3656 pecunie,
792 3573 1025 3658 undesclucrc,
1043 3594 1106 3642 non
1124 3573 1253 3643 babuis-

123 3687 194 3766 sel3
222 3687 358 3764 quatuor
378 3680 474 3746 villus
499 3700 575 3750 suus
591 3680 706 3771 Kurtb,
723 3680 826 3767 l‘aka,
844 3682 933 3750 Bekc
950 3691 983 3752 et
1003 3683 1254 3752 Chuturtulrbel·

124 3789 215 3874 wigy
232 3795 387 3872 uocatas,
414 3807 485 3854 cum
503 3787 652 3856 omuibus
670 3788 865 3855 utilitatibus
891 3790 957 3858 suis
977 3791 1019 3856 ad
1045 3791 1136 3878 ipsas
1156 3791 1251 3878 perti-

123 3898 248 3982 ncncijs
274 3896 308 3963 in
336 3895 515 3965 Obollolruu
542 3897 743 3982 adiacentes,
771 3905 926 3985 exceptas
952 3905 984 3965 et
1009 3906 1180 3986 exemptas
1209 3902 1252 3966 ab

122 4004 210 4072 omni
234 4003 447 4071 iuridiociouc
473 4013 685 4088 cognatorum
704 4025 834 4072 suorum
850 4011 883 4070 ct
908 4005 1159 4090 generacionum
1176 4026 1249 4075 suu·

124 4133 205 4198 rum,
222 4105 354 4180 domine
370 4111 484 4180 matris
502 4132 560 4179 sue
582 4113 732 4199 superius
749 4116 905 4179 annotate
923 4111 1005 4179 dixit
1026 4132 1061 4180 se
1084 4112 1248 4200 statuisse,

121 4228 154 4287 et
170 4217 284 4288 statuit
308 4239 416 4287 coram
433 4220 528 4286 nobis
545 4219 579 4284 in
605 4225 796 4306 perpetuum
814 4227 845 4284 et
861 4220 1121 4288 irreuocabiliter·
1146 4222 1249 4307 possi·

121 4327 261 4396 dendam
281 4325 377 4414 (lgy).
402 4327 454 4392 lla
471 4333 588 4411 tamen,
616 4326 703 4410 quod
721 4347 761 4393 ne
777 4346 933 4414 processu
958 4335 1137 4416 temporum
1163 4328 1248 4396 idem

120 4435 236 4506 Comes
252 4434 369 4502 Bukcn
386 4435 496 4517 aliquo
516 4435 661 4520 maligno
678 4435 844 4520 instinctu,
872 4455 931 4502 nec
947 4437 1004 4525 filij
1023 4436 1085 4523 sui,
1112 4455 1171 4505 nco
1188 4437 1247 4526 filij

121 4543 269 4630 filiorum,
298 4564 374 4631 ymo
391 4563 451 4610 nec
467 4543 569 4627 aliqui
595 4542 636 4611 de
652 4545 921 4629 generacionibus
947 4545 1014 4612 suis
1032 4545 1163 4612 racione
1177 4566 1247 4633 pre·
