3210 5194
102 517 270 584 Hemerici
297 517 538 604 predecessoris
566 518 667 584 nostri
683 523 715 584 et
732 514 862 582 Andree
888 515 1045 600 genitoris
1061 515 1163 584 nostri
1180 515 1239 580 Re-

103 646 178 710 gnm
205 625 379 710 Hungarie
404 626 587 693 illustrium
607 623 749 692 indebite
775 625 927 709 alienata,
955 624 996 690 de
1022 625 1187 692 uoluntate
1208 628 1240 688 et

105 754 271 802 consensu
299 735 468 802 karissimi
493 734 604 800 fratris
630 735 732 803 nostri
760 733 928 800 colomani
954 731 1055 816 Regis
1082 739 1114 798 et
1139 733 1239 800 Ducis

108 847 216 912 tooius
234 845 419 928 Sclavenie,
438 865 477 912 ue
494 844 635 911 omnium
651 843 814 910 Beronum
831 849 1013 910 nostrorum
1030 842 1176 927 consilio,
1193 859 1239 906 re-

108 971 325 1038 uocaremus;
352 952 536 1019 innenimus
551 958 671 1018 terram
688 951 851 1036 quandam
868 952 975 1017 Ratun
995 948 1127 1018 nomine
1143 971 1164 1016 a
1180 949 1237 1016 (la-

109 1067 177 1128 stro
194 1061 354 1130 Nitrlensi
380 1067 552 1148 exceptam
569 1066 768 1148 perpetrem
785 1066 930 1126 nostrum
951 1059 1129 1142 predictum
1145 1059 1238 1127 Nico-

109 1169 162 1236 lao
180 1175 214 1235 et
230 1168 336 1254 'lump
360 1169 437 1235 tiliis
454 1169 554 1236 Zeres
570 1167 612 1233 de
628 1167 709 1236 uilla
722 1166 880 1234 Tulmaeb
899 1165 970 1234 iore
986 1166 1150 1250 collatam,
1177 1187 1239 1251 que

112 1299 184 1344 enm
202 1285 314 1345 eastre
331 1278 519 1366 supradicto
536 1276 652 1344 luisset
667 1275 824 1357 restituta,
849 1277 932 1342 siout
948 1273 989 1342 de
1005 1277 1074 1342 iure
1090 1275 1238 1358 decebat,

109 1385 211 1472 ijdem
228 1407 288 1454 nos
304 1386 471 1452 humiliter
486 1391 685 1471 rogauerunt
705 1392 737 1451 et
753 1383 912 1452 instanter
930 1423 973 1434 --
983 1421 1026 1434 --
1036 1404 1111 1452 ecre
1127 1385 1239 1472 digna-

109 1512 220 1560 remnr
237 1531 281 1540 -
292 1529 335 1541 -
346 1533 389 1542 —
401 1493 656 1578 considerantes,
673 1490 760 1576 quod
777 1492 917 1562 donacio
928 1529 1239 1542 ------

108 1609 232 1669 terram
253 1604 379 1670 culture
394 1603 532 1669 duorum
548 1609 729 1670 aratrorum
755 1601 968 1669 sufficientem
993 1600 1034 1668 de
1050 1607 1136 1668 terra
1152 1607 1238 1668 ante·

110 1709 201 1776 dieta
218 1709 343 1776 eisdem
370 1709 520 1778 duximus
546 1710 800 1795 relinquendam,
827 1716 893 1776 tam
909 1709 952 1777 ab
967 1708 1061 1796 ipsis,
1080 1729 1178 1796 quam
1196 1709 1239 1776 ab

110 1818 274 1901 omnibns,
299 1817 356 1902 qui
372 1817 415 1884 ab
438 1817 522 1902 ipsis
548 1817 776 1884 descenderint
800 1817 869 1884 iure
891 1823 1048 1904 perpetuo
1071 1817 1239 1902 possiden·

109 1923 208 2010 dam;
234 1926 295 1992 tali
308 1931 419 1991 tanmn
436 1925 626 1993 condicione
644 1925 776 2009 inserta,
802 1933 839 1992 ut
854 1932 999 2012 tempore
1017 1925 1239 2012 expedicionis

109 2043 222 2102 nostre
239 2053 339 2102 unum
356 2033 491 2102 mutiam
515 2034 615 2101 armis
631 2033 828 2102 militaribus
843 2036 926 2104 bene
950 2043 1162 2122 preparatum
1177 2036 1238 2104 sub

106 2141 234 2210 uexillo
259 2142 363 2228 Regio
388 2142 647 2228 progredientem
673 2143 717 2210 ad
738 2151 886 2211 nostrum
909 2143 1086 2212 exereitum
1111 2145 1238 2214 mittere

106 2257 294 2337 teneantur,
310 2249 455 2333 quicum
470 2251 591 2320 nostris
606 2250 762 2318 militibus
779 2248 966 2336 descendat,
985 2253 1067 2320 nulli
1083 2253 1117 2320 in
1133 2253 1234 2322 socie-

106 2367 179 2427 tate
194 2361 359 2426 Baronum
383 2364 566 2426 nostrorum
581 2359 764 2426 adiunctus.
791 2357 897 2439 Quum
912 2361 1022 2445 utique
1037 2368 1156 2430 terram
1179 2381 1239 2452 per

107 2466 243 2535 fidelem
266 2473 413 2535 nostrum
432 2465 591 2535 (tomitem
609 2466 798 2554 chepanum
813 2465 856 2534 de
871 2465 998 2536 chusar
1016 2469 1121 2538 eidem
1137 2471 1238 2538 statui

108 2583 143 2647 et
151 2574 251 2642 certis
260 2574 512 2662 circumquaque
521 2573 617 2642 metis
632 2574 767 2644 lecimus
784 2575 959 2661 assignari.
975 2575 1018 2642 Vt
1032 2575 1132 2662 igitur
1142 2578 1238 2646 huius

109 2693 224 2754 nostre
239 2682 432 2752 donacionis
457 2685 560 2754 series
577 2685 673 2753 salua
696 2703 825 2772 semper
848 2690 881 2754 et
895 2684 1090 2754 inconeussa
1112 2705 1238 2772 perma-

108 2799 199 2880 neat,
226 2811 287 2859 nec
311 2791 416 2878 possit
435 2794 480 2860 ab
504 2793 615 2878 aliquo
640 2793 840 2880 inposterum
864 2795 1043 2878 retraetari,
1068 2803 1237 2882 presentes

110 2901 238 2970 eisdem
254 2899 475 2970 concessimus
499 2902 624 2970 litteras
641 2900 805 2988 duppliois
821 2899 922 2987 sigilli
942 2901 1046 2971 nostri
1063 2902 1238 2970 munimine

108 3009 355 3100 perhempniter
371 3009 552 3078 roboratas.
568 3011 690 3078 Datum
707 3027 766 3096 per
781 3029 896 3077 manns
906 3011 1057 3095 Magistri
1070 3010 1238 3080 Benedicti

108 3115 276 3204 Prepesiti
285 3116 440 3184 Albensis
450 3117 524 3185 aule
535 3125 646 3186 nostre
656 3118 865 3204 Oaneellarij,
886 3119 999 3204 quinto
1009 3117 1087 3186 Idus
1097 3121 1237 3203 Augusti

105 3244 192 3294 auno
224 3225 338 3310 gracie
369 3225 544 3294 millesimo
574 3227 795 3296 ducentesimo
830 3226 1100 3312 quadragesimo,
1132 3229 1236 3312 Regni

105 3342 217 3402 antem
232 3333 336 3402 nostri
353 3351 441 3400 anno
455 3336 577 3419 quinto.

249 3529 285 3598 (Δ
299 3528 400 3598 kirtlyi
413 3533 496 3584 truria
508 3528 695 3612 levdlttrtban
709 3537 797 3588 brubtt
810 3531 868 3602 regi
881 3532 1087 3604 periratolnbdl.)

543 3817 805 3830 m
