3226 5194
599 923 603 930 ’
628 961 705 1030 cre.

90 1145 208 1212 Iatudn
226 1149 404 1213 szlaoc'uicc'
418 1146 542 1212 bduuulr
557 1145 658 1230 Eurys
685 1143 874 1228 uecdfh'ldct
888 1141 1039 1226 tdrpyazd
1055 1133 1226 1219 tdroduylrc·

88 1255 154 1318 ze'ai
171 1255 373 1338 hatdrozuta,
393 1253 464 1320 Scllr
481 1253 649 1338 corncafiai
664 1259 695 1316 e's
710 1275 729 1314 a
750 1250 880 1316 verardi
903 1243 1128 1334 udojcbdcipyck
1152 1242 1227 1306 ludet.

482 1455 485 1462 .
621 1357 718 1427 1258.

208 1561 282 1631 Nos
306 1563 488 1650 Stephanus
514 1563 623 1629 Banus
648 1560 752 1628 tocius
776 1559 948 1628 Solanonie
972 1566 1004 1624 et
1028 1553 1226 1643 Gepitaneua

92 1668 219 1747 Stiric,
255 1670 475 1755 significamus
501 1670 650 1736 omnibns
681 1687 814 1756 presens
837 1668 991 1753 scriptum
1023 1660 1226 1749 inspecturis,

92 1778 281 1860 quodcum
310 1777 460 1846 dominus
486 1785 596 1845 noster
612 1779 693 1844 Bcla
717 1763 857 1844 illustris
874 1777 943 1842 Rex
963 1772 1106 1859 Vngarie
1134 1769 1228 1838 nobis
1290 1850 1292 1864 1

93 1886 127 1951 in
144 1892 221 1953 tota
239 1887 425 1971 Solemnis,
453 1894 485 1954 et
500 1886 688 1975 specialiter
704 1887 736 1952 in
754 1885 914 1955 uomicam
930 1879 1151 1951 Worosdiensi
1167 1884 1228 1944 ter-

93 2013 152 2060 ras
170 1995 280 2060 castri
295 2015 316 2060 a
341 2003 486 2083 tempore
501 1996 669 2064 colomani
686 1995 785 2079 Regia
809 1993 914 2060 felicis
929 1991 1082 2060 memorie
1105 1986 1228 2054 aliena·

94 2109 148 2169 tas
165 2101 319 2171 indicare
345 2106 554 2192 precepisset,
579 2104 711 2172 tandem
728 2102 877 2170 Andreas
894 2101 1008 2169 Comes
1025 2095 1228 2166 Worosdicn-

96 2210 154 2295 sis,
181 2217 217 2277 et
235 2210 425 2296 iobagiones
442 2213 540 2280 castri
565 2210 710 2278 eiusdem
736 2211 890 2296 uniuersi,
916 2208 1041 2276 scilicet
1070 2203 1228 2284 Damaak‚

95 2319 275 2403 Martinus,
291 2317 412 2406 Volpot
426 2319 513 2386 lilius
529 2319 691 2403 Nezdasa,
709 2319 876 2387 chonlau
893 2323 926 2384 et
941 2314 1126 2384 Demetrius
1141 2311 1228 2379 lilius

98 2427 181 2512 eius,
210 2428 403 2515 Folcumar,
430 2429 509 2495 Panl
536 2428 620 2495 lilius
645 2428 769 2512 Ponse,
796 2428 960 2509 Renchet,
989 2427 1117 2510 llartyn
1142 2421 1229 2488 filins

97 2537 242 2622 Zulych,
268 2537 400 2604 Iwalren
417 2537 503 2605 tilius
530 2537 675 2622 Manche,
695 2536 840 2603 Acuzlau
864 2535 949 2602 lilius
965 2532 1067 2617 Acina,
1085 2536 1118 2597 et
1132 2527 1229 2598 ceteri

98 2643 299 2730 iobagiones
315 2645 424 2731 castri,
451 2663 490 2710 ex
506 2649 595 2710 terra
619 2643 756 2711 filiorum
773 2643 852 2709 Sells
878 2643 1007 2710 nomine
1023 2637 1131 2725 ldbrys
1150 2641 1230 2722 a‘put

100 2753 261 2818 Sanctum
284 2751 413 2839 Elyam,
444 2753 501 2819 ubi
527 2758 576 2819 est
600 2761 840 2820 commataneus
865 2752 936 2817 eins
961 2748 1120 2816 Martinus
1143 2743 1229 2812 filins

100 2859 242 2945 anych,
268 2859 432 2946 quandam
458 2860 652 2946 particulam
668 2860 711 2927 ad
727 2861 867 2927 alterum
892 2855 1060 2924 dimidium
1085 2859 1229 2922 aratrum

102 2969 299 3037 existentem
325 2969 454 3034 nomine
479 2968 579 3034 castri
601 2967 841 3034 reambulantes
858 2969 1094 3054 proposuerunt
1118 2979 1228 3029 coram

101 3078 199 3146 nobis
217 3083 332 3144 contra
347 3077 432 3144 illios
443 3077 531 3162 Sellr,
550 3075 637 3161 quod
647 3077 721 3164 ipsa
736 3075 900 3163 particula
908 3071 994 3141 terre
1004 3071 1102 3139 castri
1122 3078 1227 3152 eseet;

102 3185 146 3252 ad
163 3184 254 3271 quod
269 3184 327 3270 filij
338 3183 417 3252 Sellr
433 3184 677 3272 respondentes,
694 3185 758 3271 ipsi
773 3182 967 3270 particulam
978 3187 1011 3250 et
1020 3180 1105 3247 alias
1125 3183 1228 3244 terras

102 3295 296 3362 adiacentes
322 3293 492 3380 empticius
518 3311 591 3360 esse
616 3313 694 3361 suas
711 3315 731 3360 a
746 3293 873 3380 Zepina
898 3298 929 3359 et
948 3288 1057 3357 Endre
1082 3301 1228 3355 aramue·

103 3409 187 3490 runt,
205 3409 238 3470 et
253 3400 418 3488 quandam
434 3402 535 3469 aliam
552 3411 680 3486 terram,
698 3401 883 3487 contiguam
900 3401 974 3486 sibi,
994 3399 1098 3468 eciam
1115 3393 1227 3484 empti-

104 3511 188 3579 ciam
216 3517 323 3576 ectum
338 3508 503 3592 dicebaut,
530 3530 626 3596 snper
641 3509 703 3577 hoc
719 3509 927 3595 priuilegium
942 3507 1083 3595 Capituli
1102 3507 1227 3590 Zagra-

104 3620 229 3688 biensis
245 3620 340 3687 nobis
368 3625 604 3704 presentamnt.
630 3619 723 3688 Vnde
739 3618 858 3688 auditis
875 3621 1019 3705 parcium
1043 3616 1227 3706 propositis,

106 3733 137 3795 et
150 3727 321 3796 tenoribus
343 3727 507 3812 priuilegii
527 3727 669 3814 Capituli
694 3728 879 3815 intellectis,
903 3730 1009 3814 ipsam
1035 3725 1228 3814 particulam

105 3841 190 3902 terre
206 3834 249 3902 ad
265 3835 404 3902 alterum
430 3834 599 3903 dimidium
615 3843 758 3903 aratrum
784 3834 996 3904 sufficientem
1021 3839 1128 3900 castro
1153 3830 1226 3898 Wo-

105 3943 268 4014 rosdiensi
293 3943 446 4012 duximus
472 3944 727 4030 relinquendam.
754 3944 818 4012 Sed
835 3942 1039 4031 postmodnm
1060 3939 1145 4006 idem
1162 3938 1226 4005 An-

107 4048 203 4119 dreas
219 4049 337 4120 (lomes
353 4060 385 4120 et
399 4053 592 4138 iobagiones
618 4055 718 4122 castri
732 4054 839 4140 ipsam
862 4051 1056 4138 particulam
1082 4057 1169 4115 terre
1184 4048 1227 4116 ad

107 4159 243 4229 alterum
270 4161 439 4228 dimidium
465 4169 609 4229 aratrum
635 4160 845 4229 sufficientem
871 4161 1024 4246 inlibris,
1052 4180 1092 4224 ex
1117 4177 1226 4224 eorum

109 4268 313 4358 beneplacito
328 4277 361 4335 et
375 4288 545 4354 consensu,
573 4271 695 4337 eisdem
711 4269 786 4354 filiis
801 4270 879 4336 Sclk
896 4268 1093 4353 reliquerunt
1109 4267 1142 4332 in
1157 4283 1226 4351 per·

109 4389 237 4464 petuam
262 4377 504 4466 possidendam.
530 4381 568 4445 ln
584 4379 674 4446 cuius
702 4376 925 4446 concambium
951 4379 1086 4443 interra
1105 4375 1226 4444 Zbelou

109 4506 207 4575 prope
225 4488 268 4555 ad
283 4487 512 4557 Worosdinum
528 4509 549 4555 a
565 4488 641 4574 filijs
658 4487 736 4555 Sellr
752 4491 875 4552 antam
891 4492 1012 4553 terram
1026 4492 1225 4571 receperunt,

110 4593 189 4666 aient
203 4596 238 4662 in
262 4595 378 4664 litteris
392 4595 523 4666 Andree
540 4595 674 4665 Comitis
690 4593 942 4680 Worosdiensis,
965 4599 998 4661 et
1013 4612 1053 4661 cx
1070 4593 1225 4662 assercio-

112 4703 201 4774 nibus
226 4703 433 4788 iobagionum
460 4704 560 4774 castri
576 4705 786 4791 cognocimus
802 4701 988 4790 manifeste,
1013 4707 1080 4771 tum
1096 4722 1156 4790 pro
1174 4722 1225 4790 eo,
