3162 5188
869 347 1027 452 —3-3-8-

385 554 506 620 Dumin
524 573 564 616 m.
576 571 616 616 m.
629 569 672 616 ss.
689 586 733 596 —
749 548 820 632 Ego
836 547 951 613 Petrus
962 543 1194 611 Scandolarius
1204 543 1378 627 Presbyter
1395 541 1509 609 Sancti

384 659 609 749 Appollinaris
628 656 750 724 Jadrae
765 656 934 741 Notarius,
952 652 1001 722 his
1016 651 1194 740 praedictis
1216 651 1344 719 intertui
1359 659 1509 736 rogatus,

385 779 421 838 ut
445 766 557 838 audivi
583 767 666 834 hanc
691 773 814 834 cartam
839 763 974 850 scripsi,
1000 760 1152 831 roboravi
1177 764 1210 826 et
1234 761 1328 844 signo
1352 771 1509 827 consueto

385 879 526 964 signavi.

980 983 1052 1064 Ego
1069 976 1202 1046 Gabriel
1217 977 1375 1045 Paulinus
1392 985 1429 1044 et
1445 978 1510 1042 Dr·

422 1095 499 1184 (Hic
514 1092 604 1161 cadit
618 1095 709 1160 locus
725 1093 810 1180 signi
919 1090 1001 1157 calis
1020 1090 1125 1155 Aulac
1141 1085 1353 1155 Venetiamm
1377 1085 1511 1152 Cancel-

545 1201 688 1288 Notarii)
918 1197 1022 1265 larius
1032 1193 1209 1284 praedictis
1225 1193 1354 1263 interlui
1369 1205 1404 1262 et
1420 1213 1514 1276 roga-

919 1313 971 1372 tus
982 1305 1110 1391 scripsi,
1127 1303 1289 1389 compleri
1298 1309 1330 1370 et
1344 1301 1513 1370 roboravi.

450 1507 484 1574 (A
498 1509 633 1561 velenczei
646 1509 729 1560 Liber
742 1507 888 1559 Paetorum
900 1502 988 1556 czimll
1001 1501 1222 1569 illamlrbnyvbb'l
1234 1505 1269 1554 11.
1284 1503 1342 1555 kct
1356 1503 1400 1554 ⁷5.
1417 1499 1451 1568 l.)

911 2201 989 2290 aas.

382 2404 403 2468 Ι
409 2404 441 2469 V.
459 2403 538 2468 Be'la
562 2403 729 2490 Icirdlpnalc
756 2403 853 2468 Ozlrtr
868 2401 1000 2468 birtolrdt
1020 2403 1171 2489 tdrpyazd
1197 2401 1377 2488 adomdnyu
1401 2398 1509 2467 Garbe

511 2513 736 2598 nemaetse'pbele'
754 2511 913 2590 Oltcmon,
929 2509 1096 2591 Pctmrsfia
1114 2513 1269 2577 ezdma'ro.
1286 2505 1385 2572 1252.

488 2709 571 2775 Bela
595 2710 658 2775 Dei
683 2708 798 2793 gracia
823 2705 1001 2794 Hungarie,
1027 2706 1209 2791 Dalmacie,
1229 2704 1379 2788 Groacie,
1396 2707 1508 2789 Rame,

378 2817 502 2901 Seruis,
514 2817 663 2902 Gallicis,
682 2817 880 2900 Lodomerie,
893 2816 1114 2901 Cumanieque
1122 2817 1193 2883 Rex
1211 2814 1371 2882 uniuersis
1389 2812 1510 2880 Christi

380 2922 531 2992 fidelibus
547 2945 681 3012 presens
698 2927 853 3012 scriptum
869 2925 1063 3011 inspecturis
1079 2925 1221 2992 salutem
1231 2925 1265 2990 in
1281 2941 1331 3008 eo,
1348 2925 1406 3005 qui
1419 2923 1510 2988 silus

381 3039 431 3099 est
455 3033 608 3099 omnium.
634 3036 759 3118 Regum
784 3032 950 3099 celsitudo
975 3033 1136 3117 conuenit,
1162 3039 1194 3098 et
1217 3030 1405 3098 sublimium
1432 3050 1506 3097 con·

380 3141 469 3206 uenit
494 3140 658 3226 dignitati,
685 3147 719 3206 ut
734 3159 865 3206 suorum
882 3140 1045 3207 oculorum
1072 3140 1207 3206 intuitus
1222 3144 1314 3205 tanto
1334 3137 1507 3210 iocundius

379 3249 412 3312 in
428 3267 505 3315 suos
525 3245 637 3314 fideles
654 3247 776 3332 iniciat,
795 3255 915 3330 quanto
931 3248 1006 3335 ipsa
1021 3246 1173 3330 fidelitas,
1192 3264 1364 3331 perquam
1380 3247 1507 3328 Regum

379 3357 628 3437 Regnorumque
653 3355 794 3422 omnium
811 3357 964 3441 potencia
988 3354 1172 3439 roboratur,
1191 3355 1308 3421 ceteris
1327 3352 1506 3420 uirtutibus

378 3460 533 3546 polliticis
558 3469 608 3527 cst
632 3462 827 3548 preferenda
852 3471 884 3528 et
910 3463 1124 3549 amplioribus
1150 3462 1284 3549 premiis
1309 3461 1507 3529 attollenda.

377 3567 448 3634 Hac
473 3567 573 3654 igitur
599 3570 864 3637 consideracione
891 3569 1015 3637 inducti
1034 3569 1077 3636 ad
1101 3571 1324 3638 uniuersorum
1351 3569 1507 3636 noticiam

377 3681 444 3742 tam
459 3679 663 3764 presencium
688 3698 785 3761 quam
810 3685 1013 3766 posterorum
1039 3679 1187 3746 uolumus
1204 3677 1387 3763 peruenire,
1415 3678 1504 3762 qnod

377 3804 449 3851 cum
475 3784 581 3852 tidelis
599 3792 709 3854 noster
724 3785 918 3854 Oltumanus
943 3785 1028 3852 filius
1045 3788 1161 3853 Petrus
1186 3788 1227 3853 de
1242 3805 1362 3871 genere
1388 3787 1505 3854 Gurlra

376 3889 523 3972 Comitis,
550 3892 659 3959 multis
672 3892 841 3959 fidelitatis
858 3895 1022 3977 obsequiis
1047 3892 1269 3961 indesinenter
1290 3899 1323 3960 et
1337 3893 1505 3962 indefesse

375 3999 469 4066 nobis
486 4004 517 4066 et
533 3999 659 4068 Corone
675 4001 808 4067 exibitis
824 4021 934 4069 coram
951 4009 1060 4071 nostre
1070 4003 1253 4070 Maiestatis
1269 4002 1373 4069 oculis
1390 4003 1503 4069 lauda-

375 4105 483 4173 biliter
498 4107 673 4192 efulsisset,
699 4109 846 4176 nolentes
862 4129 920 4176 sue
937 4111 1110 4193 probitatis
1128 4130 1227 4197 opera
1242 4119 1275 4176 et
1298 4109 1503 4177 maritatam
1541 4145 1543 4148 -

375 4214 557 4282 attollenda
582 4216 642 4282 sub
658 4216 792 4282 silencio
808 4219 974 4303 preterire,
1001 4217 1114 4300 aliqua
1130 4219 1171 4283 de
1196 4218 1261 4284 illis
1280 4217 1323 4284 ad
1348 4217 1503 4284 reforma·

374 4324 501 4390 cionem
517 4323 604 4410 (lgy)
621 4324 868 4392 succedencium
894 4325 1044 4393 duximus
1065 4327 1097 4390 in
1114 4325 1257 4392 medium
1275 4324 1500 4411 proponenda.

374 4434 450 4516 Ipse
476 4431 673 4516 siquidema
695 4435 852 4520 primeuis
877 4454 935 4503 sne
959 4436 1137 4502 iuuentutis
1164 4433 1364 4521 temporibus
1392 4431 1500 4500 fidelis

373 4539 482 4605 extitit
506 4541 601 4606 nobis
626 4547 659 4608 et
683 4541 818 4626 Corone,
847 4548 879 4609 et
905 4563 1005 4629 opera
1029 4541 1197 4610 fidelitatis
1224 4561 1352 4629 semper
1376 4540 1502 4608 studuit

373 4647 513 4718 exibere.
531 4647 610 4713 (lum
628 4649 713 4715 onim
730 4650 868 4718 accincti
885 4650 1009 4717 milicia
1026 4650 1131 4735 Regni
1145 4649 1248 4718 nostri
1264 4669 1337 4716 cum
1353 4649 1501 4717 exercitu
