3252 5198
616 343 774 443 -21—

118 546 184 605 tam
200 556 305 621 usque
323 536 368 604 ad
385 544 487 623 caput
511 537 604 603 fluuii
620 535 727 604 Obris.
753 539 795 605 llt
809 543 846 604 ut
863 546 972 605 ratum
997 537 1059 608 hoc
1075 547 1108 606 et
1131 543 1259 608 firmum

118 651 312 732 permaneat
327 644 460 711 litterar
479 650 611 713 nostras
627 645 823 714 contulimus
847 666 945 733 super
960 648 1022 714 hoc
1038 647 1142 733 sigilli
1156 651 1260 716 nostri

120 755 300 824 munimine
316 757 502 822 roboratas.
519 754 670 821 Secundo
680 754 848 842 Stephano
858 756 1024 842 Episcopo
1041 757 1259 842 Zagrabicnsi

121 863 292 946 existente,
309 862 388 928 Fila
398 861 582 948 Proposito,
594 863 779 947 Pangracio
791 861 940 946 (lentore,
952 863 1101 931 Johannc
1112 864 1259 950 lectore,

123 970 282 1055 Gregorio
300 968 459 1051 Custode,
476 973 575 1035 Petro
590 972 737 1055 Decem,
754 977 787 1036 st
802 971 878 1056 alijs
895 972 1016 1039 multis.
1035 973 1128 1042 Anno
1144 972 1257 1056 gracie

121 1080 165 1144 ll⁰
175 1077 241 1144 000
249 1079 362 1144 XXX⁰
374 1078 444 1144 Vr.

121 1276 258 1339 (Eaedetic
271 1272 451 1341 bdrhdrtydn,
464 1293 482 1327 a
493 1275 586 1341 pscstt
598 1272 656 1326 mtr
669 1275 807 1339 eluenactt,
821 1291 839 1326 a
850 1275 952 1328 romola
962 1277 1078 1343 hercaog
1091 1275 1258 1344 Esntsrhtay

537 1362 630 1416 cuulad
640 1361 851 1426 loreltdrdban.)

564 1663 829 1671 ——.,.-.-..—-..-

661 2113 715 2178 12.

122 2297 237 2362 Robert
247 2295 435 2380 aratorqomi
444 2293 529 2358 ἐνεοῖς
539 2295 570 2357 ds
585 2293 742 2356 kikrttdoo
752 2292 929 2357 btrdtdrrai
937 2317 976 2357 cz
986 2291 1033 2358 Aa
1048 2295 1255 2380 navtjotdon

123 2429 142 2466 a
158 2404 283 2490 kirdlyi
300 2403 445 2466 loodszolt
461 2400 542 2464 altat
560 2399 732 2483 satelliaco
750 2400 957 2490 hatdry'elekat
982 2405 1187 2486 lerontatoda,
1205 2417 1258 2469 uat

296 2534 336 2572 aa
353 2509 537 2595 eaztcrqama'
552 2507 735 2596 eyyddanaic
749 2509 965 2593 maazaadjdk.
983 2511 1079 2574 1236.

231 2706 396 2772 Robertus
412 2704 475 2770 Dei
501 2703 615 2788 gracia
637 2703 873 2787 strigoniensis
891 2705 1177 2793 Archiepiscopus‚
1202 2709 1257 2774 Se·

124 2814 181 2880 bes
198 2813 318 2879 Comes
343 2813 530 2893 Nitriensis,
554 2811 703 2877 Andreas
728 2812 874 2898 Ruphus‚
899 2814 1093 2898 Zoboalaus,
1119 2814 1256 2900 Micelae,

126 2923 251 3006 Zoolryt
267 2921 420 3002 Comites,
448 2927 480 2986 et
496 2918 553 3004 alij
571 2919 756 2987 coniudices
772 2920 968 3007 corumdem,
988 2941 1011 2986 a
1026 2922 1157 2990 domino
1173 2922 1257 2990 Belo

125 3029 244 3095 illustri
259 3031 351 3114 Rege
367 3027 537 3112 Hungarie
552 3027 595 3092 ad
611 3027 814 3094 revocandas
833 3030 1069 3114 perpetuitates
1083 3029 1118 3095 in
1135 3029 1257 3114 Strigo·

127 3138 231 3205 niensi
242 3135 393 3203 Diooessi
405 3133 581 3217 constituti,
598 3134 760 3200 vniversis
772 3133 892 3199 Christi
906 3134 1067 3218 fidelibus,
1084 3142 1258 3220 presentes

129 3247 258 3312 litteras
273 3241 479 3329 inspecturis,
494 3242 632 3306 salutem
648 3241 681 3308 in
691 3240 831 3308 Domino
847 3240 928 3308 Jesu
940 3241 1078 3308 Christo.
1093 3241 1256 3309 Vniversi-

123 3355 183 3436 tatj
198 3361 310 3418 vestre
327 3358 439 3417 tenore
454 3349 659 3434 presencium
676 3350 825 3416 volumus
841 3349 912 3433 fierj
929 3347 1148 3435 manifestum,
1167 3349 1258 3435 quod

125 3461 243 3525 fratres
260 3456 496 3543 strigoniensis
511 3455 655 3541 Capituli
680 3457 723 3521 ad
738 3464 883 3523 nostram
907 3455 1100 3524 accedentes
1125 3477 1256 3544 pressu·
1313 3509 1317 3530 .

126 3569 219 3649 ciam,
247 3564 416 3649 conquesti
443 3571 519 3630 sunt
543 3563 638 3630 nobis
655 3562 697 3628 de
721 3563 922 3647 agasonibus
948 3563 1071 3630 domini
1095 3566 1196 3650 Regis
1212 3566 1255 3632 de

123 3676 203 3742 nilla
220 3677 342 3756 Louaz,
359 3673 516 3754 dicentes,
542 3672 630 3755 quod
644 3672 744 3738 iidem
769 3691 933 3756 agasones
960 3672 1133 3740 destructis
1157 3675 1256 3741 metis

124 3783 277 3868 antiquis,
294 3792 415 3847 terram
432 3781 475 3846 ad
490 3785 626 3864 quatuor
643 3787 755 3845 aratra
771 3779 817 3846 de·
826 3789 914 3846 terra
932 3782 996 3846 Ass
1012 3781 1159 3847 Ecclesie
1175 3780 1254 3846 Stri-

124 3891 302 3978 goniensis,
330 3894 444 3953 eontra
460 3890 563 3954 Deum
590 3895 623 3953 et
638 3888 797 3954 iustitiam
822 3888 1033 3956 abstulerunt.
1059 3890 1129 3956 Nos
1151 3889 1254 3972 igitur

124 4002 217 4067 iuxta
233 3999 425 4064 mandatum
442 3995 565 4063 domini
576 3998 674 4081 Regis
690 3997 785 4064 nobis
800 3998 987 4082 iniunctum,
1004 3999 1089 4064 sicut
1105 3995 1252 4079 decebat,

124 4131 144 4175 a
159 4108 282 4176 notris
308 4105 533 4174 conludicibus
560 4115 592 4172 et
608 4125 629 4170 a
643 4105 759 4172 uicinis
775 4112 808 4170 et
824 4105 1032 4171 conterminis
1058 4102 1144 4169 dicte
1168 4109 1255 4169 terre

123 4237 221 4304 super
237 4217 301 4281 hoc
326 4213 486 4298 inquisita
511 4213 707 4297 diligencius
724 4213 879 4296 veritate;
901 4213 978 4296 quia
998 4210 1143 4278 constitit
1157 4209 1255 4276 nobis

122 4347 180 4413 per
196 4324 330 4390 eosdem
353 4320 540 4387 eoniudices
558 4329 686 4387 nostros
713 4327 745 4386 et
761 4321 885 4387 vicinos
902 4325 934 4385 et
950 4318 1166 4384 conterminos
1181 4337 1251 4403 pre·

123 4434 208 4499 dicte
224 4442 319 4512 terre,
346 4433 456 4517 ipsam
472 4437 591 4497 terram
616 4451 688 4495 esse
706 4441 738 4496 et
753 4429 853 4496 inisse
876 4434 999 4494 terram
1016 4426 1254 4511 Strigoniensis

122 4542 269 4608 Ecclesia
286 4543 330 4608 ab
347 4541 501 4622 antiqu0;
530 4561 587 4626 per
603 4537 826 4604 Alexandrum
843 4537 1010 4618 Comitem,
1026 4555 1125 4602 uuum
1142 4555 1182 4600 ex
1198 4555 1253 4601 no-

124 4651 182 4736 bis,
206 4663 315 4720 metas
340 4669 457 4733 nouas,
486 4669 567 4730 quas
584 4667 746 4730 agasones
772 4645 929 4712 antedicti
955 4651 1066 4711 contra
1089 4644 1252 4711 iusticiam
