3162 5188
566 299 725 406 -231-

50 475 201 543 nomina
221 486 259 545 et
274 485 359 545 mete
375 481 553 565 separatim
578 482 844 548 subscribuntur:
861 483 972 550 Prima
997 486 1096 570 igitur
1120 495 1206 555 meta

50 590 144 648 terre
165 585 345 670 Ghebden‚
363 607 425 671 que
445 596 496 654 est
510 590 643 674 'rhome
660 589 774 678 incipit
785 591 826 656 ab
843 592 966 658 oriente
977 596 1074 678 juxta
1084 594 1207 663 iontem

50 691 211 779 Dolych,
233 702 268 761 et
283 694 388 760 tendit
403 716 516 763 versus
533 697 734 765 occidentem
753 700 840 766 bona
865 700 1079 788 longitudine,
1106 709 1139 769 et
1154 723 1207 769 ve-

48 801 100 866 nit
117 802 169 866 ad
189 803 348 870 arborem
362 807 481 887 borozt,
499 806 560 871 sub
576 811 707 890 quaest
723 814 812 873 meta
828 813 954 893 terrea3
973 809 1050 876 hinc
1066 809 1158 878 vadit
1172 810 1206 876 in

48 909 140 976 bono
159 911 299 997 spacio,
317 917 350 977 et
365 913 455 978 cadit
470 910 514 978 ad
530 912 670 980 riuulum
688 913 852 998 Ohebden‚
870 923 903 981 et
919 936 979 1001 per
995 918 1132 984 eundem
1147 939 1203 985 ra-

49 1015 99 1081 dit
115 1017 221 1085 bona
242 1020 435 1105 quantitate,
460 1027 493 1088 et
509 1020 576 1087 exit
591 1039 706 1088 uersus
722 1020 888 1087 meridiem
906 1022 950 1088 ad
965 1032 1085 1092 metam
1104 1030 1203 1091 terre-

50 1144 117 1207 am,
148 1125 197 1191 de
218 1149 289 1213 qua
304 1129 449 1216 procedit
464 1131 551 1194 vltra
566 1148 689 1211 nemus,
718 1134 750 1193 et
765 1129 854 1195 venit
869 1130 912 1197 ad
928 1129 1061 1197 dumum
1077 1131 1151 1218 piri,
1169 1135 1203 1199 in

51 1251 117 1314 quo
136 1240 196 1299 est
216 1242 309 1301 meta
333 1241 440 1302 terrea
457 1255 586 1322 semper
602 1256 623 1301 a
640 1233 771 1302 sinistro
790 1241 876 1303 terre
901 1237 1145 1325 lerenburen,
1170 1248 1204 1306 et

50 1347 146 1406 terra
163 1343 302 1408 Zetane
313 1341 502 1428 jobagionis
519 1342 628 1410 Castri
648 1351 846 1430 remanente,
872 1351 904 1411 et
919 1345 1040 1413 ibidem
1056 1345 1146 1412 cadit
1161 1344 1204 1412 ad

50 1448 184 1514 fontem
202 1449 405 1536 Breznyoza,
432 1457 463 1517 et
479 1469 539 1537 per
559 1450 696 1518 eundem
721 1450 814 1518 radit
830 1451 986 1540 superius,
1012 1454 1069 1520 vbi
1084 1453 1204 1520 fluuius

51 1552 194 1640 Dalyoh
214 1557 308 1622 cadit
322 1559 357 1624 in
371 1557 604 1644 Breznycham,
622 1565 654 1624 et
669 1578 728 1644 per
741 1557 870 1644 Dolych
879 1559 1049 1624 reuertitur
1065 1559 1109 1625 ad
1118 1560 1201 1646 prio·

52 1684 123 1730 rem
141 1671 287 1732 metam.
303 1669 385 1734 Item
397 1669 503 1754 prima
523 1673 611 1735 meta
626 1675 710 1733 terre
726 1669 927 1753 Breznycha,
945 1688 1008 1752 quc
1018 1675 1069 1735 est
1084 1669 1200 1754 Prybe,

52 1769 177 1858 incipit
196 1793 222 1838 a
240 1775 375 1840 meridie
385 1775 483 1858 juxta
497 1775 620 1843 iontem
635 1775 827 1860 Breznycha
842 1774 877 1840 in
893 1776 1009 1842 arbore
1024 1775 1097 1864 piri,
1124 1775 1200 1842 binc

54 1890 166 1948 autem
188 1883 299 1950 tendit
315 1905 429 1951 versus
445 1886 602 1952 orientem
614 1885 712 1969 juxta
721 1906 818 1952 vnam
834 1885 962 1970 siluam,
982 1885 1018 1950 in
1034 1905 1098 1970 qua
1113 1884 1200 1952 idem

54 1991 172 2074 Pryba
201 1999 256 2058 est
271 1993 445 2078 particeps,
472 1994 556 2060 sicut
582 1991 700 2073 aliquis
726 2011 766 2057 ex
790 1993 1030 2076 commetamur,
1056 2000 1089 2058 et
1108 1993 1200 2060 vadit

55 2099 146 2164 bona
163 2101 387 2186 longitudine,
404 2108 437 2166 et
452 2101 539 2166 cadit
563 2098 608 2164 ad
624 2119 721 2165 vnum
743 2099 878 2166 fluuium
904 2099 1115 2186 Glogonchiz‚
1140 2122 1198 2186 per

58 2226 158 2289 quam
176 2211 276 2275 vadit
289 2230 404 2297 parum
421 2210 614 2296 perueniens
631 2211 674 2275 ad
699 2215 803 2276 metas
818 2208 953 2294 Thome‚
979 2209 1034 2274 vbi
1050 2209 1138 2275 cadit
1154 2210 1198 2274 ad

58 2315 250 2398 predictum
266 2318 388 2385 fontem
412 2317 612 2402 Breznycha‚
638 2336 697 2402 per
714 2336 809 2400 quem
825 2317 996 2384 reuertitur
1019 2318 1061 2383 ad
1078 2325 1197 2384 metam

57 2424 216 2506 priorem.
244 2427 326 2491 Item
351 2427 456 2511 prima
481 2432 567 2490 meta
590 2430 675 2490 terre
701 2423 899 2510 Breznycba,
930 2443 992 2507 que
1018 2430 1067 2490 est
1092 2426 1196 2492 eciam

59 2529 182 2618 Prybe‚
213 2533 331 2618 incipit
347 2554 367 2599 a
383 2532 527 2617 meridie,
556 2533 611 2598 vbi
626 2533 752 2598 riuulus
769 2532 941 2600 Brewenni
961 2532 1050 2598 cadit
1066 2531 1110 2598 ad
1126 2531 1193 2599 lon-

59 2645 123 2703 tem
141 2641 348 2726 Breznyoha,
376 2649 407 2707 et
423 2642 514 2706 vadit
529 2661 643 2708 versus
663 2641 821 2707 orientem
832 2643 929 2724 juxta
955 2637 1093 2706 eandem
1108 2660 1193 2708 com-

60 2767 193 2814 munem
211 2748 341 2832 siluam,
361 2747 555 2834 perueniens
572 2747 616 2815 ad
630 2750 746 2834 locum,
764 2747 820 2814 vbi
835 2745 953 2813 fluuius
971 2746 1125 2814 Ohebden
1140 2768 1193 2814 ca-

60 2853 105 2919 dit
120 2856 167 2922 ad
184 2856 422 2940 Breznyohcm,
439 2877 497 2942 per
524 2877 619 2941 quem
643 2857 815 2923 reuertitur
840 2855 883 2922 ad
898 2856 1039 2942 priorem
1064 2863 1192 2922 metam.

60 2963 141 3030 Item
159 2965 272 3049 prima
288 2972 374 3041 meta
389 2970 472 3030 terre
489 2963 653 3049 Chebdeu,
680 2985 743 3048 que
759 2969 809 3030 est
824 2963 962 3030 filiorum
979 2965 1095 3050 Prybe,
1114 2963 1193 3028 inci-

61 3071 109 3154 pit
134 3075 179 3138 ab
207 3073 441 3159 orientcjuxta
465 3079 596 3158 puteum
615 3072 786 3139 Berwenni
811 3073 845 3138 in
870 3079 958 3137 meta
982 3078 1089 3138 terrea
1105 3071 1192 3135 circa

62 3179 212 3245 arborem
238 3181 349 3245 beccus
365 3180 491 3266 posita;
524 3180 599 3246 hino
623 3199 700 3246 uero
719 3178 826 3244 tendit
849 3197 964 3245 versus
990 3178 1190 3245 occidentem

61 3305 116 3370 per
136 3308 255 3354 nemus
280 3287 366 3354 bona
391 3288 593 3370 longitudine
609 3287 803 3374 perueniens
830 3287 873 3352 ad
897 3285 1031 3353 fluuium
1050 3285 1190 3353 Choma·

62 3395 186 3480 mlaka‚
206 3417 302 3480 quem
318 3396 480 3462 transiens
491 3396 638 3480 peruenit
648 3394 691 3460 ad
702 3394 849 3461 arborem
858 3393 948 3480 tilye‚
966 3395 1020 3460 vbi
1037 3401 1088 3460 est
1103 3401 1190 3460 meta

62 3509 188 3590 terrea;
207 3505 282 3570 hinc
298 3505 388 3570 venit
403 3523 517 3570 versus
533 3505 718 3585 aquilonem
733 3503 767 3568 in
782 3501 883 3569 veteri
899 3502 963 3589 ria,
980 3522 1103 3588 magna
1117 3503 1187 3570 lon·

63 3613 210 3692 gitudine
226 3613 331 3680 eundo
342 3614 487 3679 declinat
503 3613 545 3678 ad
561 3611 739 3698 predictum
750 3611 1004 3694 Ghomamlaka,
1021 3629 1188 3697 perquem

64 3721 151 3787 vadit
167 3723 212 3787 ad
227 3728 326 3808 caput
350 3721 611 3805 Chornamlaka;
635 3719 710 3785 inde
724 3718 872 3805 procedit
888 3717 931 3784 ad
948 3719 1097 3784 arborem
1120 3722 1187 3800 scil,

64 3833 94 3892 et
107 3829 184 3896 hinc
201 3831 290 3898 venit
315 3830 474 3914 adriam,
502 3850 561 3914 per
577 3848 674 3913 quam
690 3829 781 3895 vadit
793 3829 890 3914 juxta
904 3846 1043 3914 paruum
1061 3845 1186 3910 nemus,

66 3941 95 4000 et
109 3940 246 4004 transito
263 3939 328 4002 fine
343 3937 438 4003 vuius
452 3937 579 4021 jugeris
595 3935 683 4001 cadit
697 3935 731 4002 in
748 3934 848 4000 aliam
865 3934 960 4014 uiam,
979 3933 1012 3998 in
1028 3952 1093 4017 qua
1109 3952 1184 3999 eun·

64 4041 102 4109 do
118 4047 268 4132 peruenit
283 4047 327 4111 ad
341 4051 459 4111 metam
475 4053 635 4128 terream;
651 4042 729 4110 iude
739 4062 798 4130 per
813 4043 951 4110 eandem
967 4041 1116 4128 peruenit
1130 4041 1186 4106 ite-

67 4171 131 4219 rum
156 4155 198 4220 ad
225 4161 343 4220 metam
372 4161 513 4220 terream
537 4155 678 4240 positam
699 4153 795 4237 juxta
818 4158 886 4218 tres
910 4151 1044 4217 arbores
1077 4148 1184 4234 ilicis3

67 4259 135 4328 binc
165 4263 304 4330 flectitur
329 4263 362 4328 in
387 4261 494 4329 medio
520 4261 680 4327 dictarum
706 4261 856 4328 arborum
879 4277 992 4324 versus
1018 4256 1183 4339 orientem,

68 4369 154 4438 vuius
169 4372 297 4458 jugeris
312 4370 514 4456 longitudine
533 4368 639 4434 eundo
656 4367 799 4434 declinat
813 4385 927 4432 versus
943 4362 1110 4431 meridiem
1126 4379 1184 4449 per

71 4477 226 4546 minimam
255 4475 441 4545 valliculam
462 4477 559 4543 trium
577 4479 731 4562 jugerum
755 4471 977 4556 longitudine3
1003 4469 1183 4536 indevoto

70 4587 192 4655 vertitur
215 4607 331 4656 versus
347 4582 546 4654 occidentem
563 4583 743 4670 quantitate
758 4581 853 4648 vuius
866 4579 1003 4666 jugeris,
1024 4578 1081 4646 vbi
1097 4576 1185 4648 cadit

960 4697 1017 4756 19*
