3252 5198
112 1045 222 1110 Ender
236 1046 396 1130 pozronyt'
406 1043 544 1130 slit'apdo
562 1049 594 1109 cn
609 1044 768 1109 mordere
791 1046 964 1112 birotdrsai
979 1047 1098 1112 Monet·
1114 1047 1249 1134 belyctg·

112 1154 173 1216 uelo
196 1153 354 1217 labescit
375 1151 488 1216 Monoi
514 1163 645 1236 cuperent
662 1155 693 1217 e‘s
719 1155 862 1219 terruerat
886 1155 957 1220 kozt
981 1156 1097 1221 itc‘letet
1120 1155 1248 1220 dotauit.

636 1259 733 1325 1236.

224 1457 396 1524 lohannes
411 1455 624 1524 Posoniensis
634 1457 825 1542 Propositus
840 1463 1008 1540 totumque
1024 1457 1169 1525 eiusdem
1186 1459 1250 1527 loci

116 1563 306 1649 Capitulum
323 1565 474 1632 omnibus
497 1571 682 1651 presentem
704 1566 861 1653 paginam
884 1565 1085 1634 intuentibus
1111 1569 1251 1634 salutem

116 1673 151 1739 in
166 1672 319 1738 Domino.
342 1673 560 1740 Vniuersiteti
576 1681 684 1740 vestre
700 1675 817 1740 harum
834 1673 918 1739 serie
933 1673 1117 1739 innotescat
1131 1674 1252 1741 littera

119 1799 202 1862 rum,
229 1780 317 1863 quod
342 1799 416 1846 cum
440 1781 569 1846 diutina
592 1782 816 1848 controuersia
838 1787 985 1867 tempore
1008 1781 1148 1849 illustris
1172 1781 1252 1848 Bclc

117 1886 230 1970 Regis,
257 1887 392 1954 Andree
417 1887 517 1972 Regis
544 1888 613 1973 lilij,
639 1889 674 1954 in
691 1887 864 1954 audiencia
885 1888 1016 1954 Andree
1040 1889 1251 1957 Posoniensis

120 1994 257 2062 Comitis
273 1995 332 2061 filli
348 1996 534 2082 Seraphini,
561 1995 632 2062 vice
648 1997 750 2080 Regis
766 1995 944 2082 qualitates
968 2003 1126 2063 terrarum
1141 1998 1175 2063 in
1193 1995 1251 2064 (io

118 2103 235 2168 mitatu
250 2102 448 2169 Posonicnsi
464 2101 713 2169 constitutarum
735 2102 923 2190 iudicantis,
950 2105 1034 2170 inter
1049 2105 1190 2170 villanos
1210 2103 1252 2171 de

118 2211 245 2293 blenau,
263 2211 420 2276 videlieet
435 2213 532 2294 Sena,
551 2213 629 2295 Gyr,
644 2212 726 2290 Bon,
744 2213 877 2296 Choma,
899 2212 1045 2298 Obepan,
1064 2211 1204 2278 Obokan
1220 2217 1252 2277 et

117 2319 203 2386 ulios
222 2341 264 2385 ex
280 2340 347 2385 una
362 2327 465 2407 parte,
493 2330 526 2387 et
541 2322 660 2387 Moncb
675 2323 844 2387 Decannm
861 2340 1003 2405 suosque
1022 2319 1149 2403 iratres,
1167 2320 1252 2386 vide-

116 2427 195 2494 licet
210 2429 302 2511 Hyne
319 2435 351 2493 et
368 2429 565 2512 Gregorium
590 2449 632 2493 ex
648 2429 716 2495 alia
731 2435 834 2515 parte,
861 2449 961 2514 super
976 2428 1117 2511 quodam
1136 2425 1251 2515 predio

117 2537 235 2601 Menan
250 2535 393 2614 nomine,
421 2536 509 2619 quod
534 2537 621 2602 idem
638 2537 758 2604 Monob
775 2544 807 2603 et
823 2536 941 2604 iratres
967 2537 1018 2603 sui
1033 2534 1252 2621 predictorum

15 2639 16 2642 ’
118 2642 318 2710 villanorum
345 2645 441 2711 terris
466 2647 672 2729 contiguum,
700 2645 879 2727 antiquitus
905 2653 937 2710 et
958 2645 1028 2710 iure
1051 2644 1251 2710 hereditario

118 2751 349 2835 possederant,
378 2753 513 2836 grauium
539 2757 737 2836 uerteretnr;
767 2751 877 2817 multis
900 2751 977 2817 hinc
1002 2751 1079 2818 inde
1103 2749 1252 2818 deductis

118 2859 320 2945 nacionibus,
347 2860 489 2928 dictante
516 2862 644 2927 demum
670 2861 836 2926 sentencia
859 2861 1111 2926 idem‘rlndreas
1136 2861 1252 2927 (lomes

120 2966 299 3048 constitnit,
317 2967 407 3051 quod
421 2967 540 3033 Moncb
558 2965 654 3055 (lgy),
672 2969 788 3050 eurique
806 2966 924 3034 fratres
940 2967 990 3034 ius
1006 2967 1250 3052 hereditarium,

121 3071 207 3156 quod
232 3092 269 3139 se
285 3073 319 3138 in
344 3061 451 3158 terre,
479 3075 519 3141 de
535 3095 601 3158 qua
617 3076 657 3141 lis
674 3075 844 3158 agebatur,
869 3076 991 3140 habere
1015 3075 1252 3159 proponebant,

121 3179 436 3246 circumsedentibus
449 3187 483 3246 et
497 3181 640 3249 honestis
657 3181 904 3268 comprobarent
913 3181 1060 3247 testibus.
1082 3180 1252 3247 Productis

120 3287 219 3371 igitur
235 3288 348 3354 multis
365 3310 405 3354 ao
414 3289 554 3372 ydoneis
572 3291 708 3356 testibus
725 3291 827 3356 castri
838 3288 1084 3374 J'obagionibus,
1100 3285 1253 3354 videlicet

121 3395 240 3477 Kotor,
261 3395 356 3481 Geel,
374 3398 467 3481 Fyle,
485 3398 586 3480 Bodo,
604 3398 726 3480 Boohk,
745 3396 864 3464 Cosma
888 3403 920 3462 et
936 3397 1010 3462 aliis
1036 3416 1135 3479 quam
1153 3395 1251 3481 pluri-

121 3502 191 3586 bus,
208 3511 279 3568 tam
291 3504 525 3586 jobagionibus
536 3506 645 3586 castri,
663 3526 763 3590 quam
778 3505 855 3571 aliis
865 3505 1039 3587 nobilibus,
1057 3503 1163 3596 coacti
1178 3511 1253 3570 sunt
1304 3555 1308 3562 .

123 3609 267 3676 aiudice
284 3612 389 3678 sebna
413 3613 570 3680 Comitem
596 3620 629 3678 et
645 3614 761 3678 Buben
786 3621 918 3700 propter
943 3613 1100 3681 maiorem
1125 3611 1254 3696 negocii

123 3717 330 3783 euidenoiam
345 3719 380 3784 in
396 3721 617 3787 testimonium
634 3722 824 3806 producere.
840 3721 907 3786 Sed
922 3741 995 3786 cum
1012 3719 1118 3786 Sebus
1134 3718 1251 3788 Comes

123 3825 224 3891 Recis
241 3837 274 3891 et
289 3827 397 3909 Regni
423 3829 567 3913 negociis
590 3829 797 3912 detineretur,
824 3836 967 3916 tempore
993 3829 1167 3895 iuramenti
1192 3826 1253 3892 fra·

123 3939 202 3998 bem
219 3953 317 3999 suum
335 3934 448 4000 Buluen
464 3937 623 4003 Comitem
639 3938 825 4003 destinauit.
843 3936 905 4013 Qui
922 3956 994 4002 cum
1010 3934 1043 3999 in
1060 3940 1171 4000 nostro
1188 3953 1252 3999 mo-

124 4043 269 4108 nasterio
286 4050 423 4128 paratus
439 4053 528 4111 esset
543 4047 658 4124 iurare,
677 4045 838 4131 sepedicti
854 4051 1036 4110 castrenses
1053 4041 1252 4127 perpenden-

122 4154 181 4231 tes,
199 4170 237 4215 se
253 4150 372 4215 ordine
393 4151 562 4216 iudiciario
579 4153 821 4237 condempnari,
842 4151 990 4236 personis
1005 4148 1143 4232 ydoneis
1159 4147 1254 4214 inter-

125 4257 242 4340 potitis
269 4258 314 4324 ad
346 4259 431 4324 banc
456 4260 729 4346 composicionem
761 4259 978 4340 denenerunt,
1012 4255 1099 4339 qood
1122 4263 1253 4339 terram,

124 4382 221 4446 quam
238 4385 260 4430 a
277 4366 397 4432 Moneb
412 4369 545 4434 Decano
571 4370 704 4452 suisque
728 4367 881 4431 iratribus
907 4364 1028 4429 iniuste
1052 4363 1253 4446 repetebant,

15 4477 17 4482 “
123 4470 224 4538 libere
243 4482 347 4556 atque
365 4475 498 4558 paeifice
524 4477 736 4560 permiserunt
753 4474 931 4560 possidere.
954 4467 1006 4536 Ita
1022 4478 1140 4556 tamen,
1168 4472 1255 4554 quod

121 4581 338 4647 medietatem
354 4581 466 4648 indicii
482 4583 622 4652 iudicem
649 4585 868 4668 contingentis
885 4581 1001 4647 Monob
1018 4599 1091 4644 cum
1107 4579 1175 4644 suis
1192 4579 1255 4646 lra-
