3186 5188
908 863 983 930 143.

380 1047 516 1125 quernae,
533 1052 563 1109 u'e
583 1045 702 1130 Tpuan
720 1045 910 1108 Liirinezuei·
916 1045 978 1126 fin,
995 1066 1015 1106 α
1030 1045 1157 1108 nasu-riri
1170 1043 1320 1128 iuiptalun
1336 1043 1412 1106 elb'tt
1433 1041 1521 1104 Ram

380 1153 594 1238 birtekqfeleit
610 1159 689 1238 pepp
706 1166 780 1216 lauru
797 1155 866 1216 olrici
877 1158 1050 1238 appeare'pre
1065 1150 1181 1236 lupaek,
1197 1173 1275 1215 uzon
1283 1151 1405 1236 selieiel
1424 1149 1521 1224 aluit,

379 1261 495 1345 kappa
518 1258 629 1343 nrelpr'i·
644 1258 695 1343 fe'l
720 1282 757 1322 uz
783 1263 951 1343 apprese'pet
976 1259 1147 1342 erepezepss
1172 1255 1239 1320 500
1263 1259 1349 1341 pirna
1364 1256 1520 1338 fiaessea.

896 1362 991 1428 1236.

721 1541 760 1606 A.
923 1540 959 1605 Β.
1123 1538 1159 1606 G.

455 1691 457 1694 Ι
490 1724 559 1790 Nes
571 1722 757 1808 Capitulum
773 1720 921 1786 Eeelesie
931 1720 1043 1788 Sancti
1059 1720 1229 1786 Michaelis
1249 1718 1291 1786 de
1307 1719 1429 1786 Castro
1442 1720 1519 1784 Fer-

386 1851 440 1898 rco
454 1833 603 1898 omnibus
613 1838 724 1898 notum
739 1830 886 1912 facimus,
910 1830 997 1914 qnod
1008 1831 1138 1896 Iuanea
1148 1830 1189 1894 de
1199 1829 1266 1896 Seli
1281 1849 1341 1914 pro
1352 1847 1518 1910 germano

385 1959 443 2006 suo
460 1940 578 2025 etfilio,
596 1947 630 2006 et
640 1940 761 2004 Paulus
779 1938 818 2004 de
830 1937 981 2023 Chonpse
1000 1958 1041 2003 ex
1057 1958 1122 2004 una
1141 1945 1235 2022 parte
1246 1936 1516 2021 respondentes3

385 2053 418 2111 et
432 2047 558 2130 Tywan
574 2047 660 2112 filius
677 2046 850 2130 Laureneij
868 2066 927 2131 pre
945 2065 980 2111 se
998 2051 1030 2110 et
1046 2045 1122 2129 filijs
1139 2052 1171 2112 et
1191 2044 1354 2130 germanis
1372 2044 1457 2124 suis,
1486 2048 1518 2106 et

387 2154 576 2220 Gothardus
593 2175 650 2239 pro
661 2173 697 2220 se
714 2159 746 2220 et
761 2160 855 2239 patre
871 2173 929 2218 suo
940 2152 1065 2219 scilieet
1080 2152 1184 2219 Paule
1200 2171 1241 2218 ex
1258 2152 1363 2218 altera
1378 2169 1519 2235 respon·

387 2260 510 2342 dentes,
537 2259 677 2345 professi
704 2265 780 2326 sunt
805 2280 915 2327 eoram
940 2259 1045 2342 nobis,
1071 2259 1158 2341 quod
1184 2259 1248 2344 ipsi
1264 2258 1304 2324 de
1329 2258 1387 2323 lite
1412 2275 1517 2341 snper

386 2375 474 2434 terra
489 2371 581 2451 Rum,
598 2369 708 2434 Marco
719 2376 751 2433 et
767 2367 920 2433 fratribus
934 2367 1003 2434 suis
1016 2372 1195 2452 spectante,
1211 2366 1363 2432 intereos
1383 2371 1515 2445 exerta,

388 2483 420 2540 et
437 2494 534 2560 snper
550 2475 697 2557 qualibet
720 2475 944 2540 controuersia
960 2476 1075 2556 altera,
1092 2494 1205 2558 pacem
1221 2477 1414 2557 perpetuam
1443 2493 1517 2539 een-

388 2579 565 2665 dixissent;
591 2588 624 2648 et
640 2601 737 2665 super·
755 2579 816 2646 hee
832 2585 1015 2646 statuerunt
1031 2600 1139 2648 eoram
1155 2580 1249 2648 nobis
1265 2585 1403 2663 quatuor
1426 2582 1516 2648 uires

389 2687 606 2771 fideiussores,
624 2687 817 2754 Michaelem
834 2688 958 2754 scilieet
983 2688 1084 2754 filiurn
1104 2689 1223 2772 Meym,
1245 2688 1386 2756 Ponsam
1411 2690 1516 2756 filiurn

389 2796 482 2878 Seeh,
499 2795 620 2860 Baeam
630 2795 730 2860 filiurn
741 2794 912 2879 Juhannis‚
924 2793 1101 2878 Georgium
1111 2794 1212 2859 filium
1223 2794 1320 2862 Weta
1330 2796 1389 2860 tali
1406 2796 1516 2876 medo,

389 2902 474 2988 qued
490 2921 679 2986 quecunque
694 2903 841 2988 parcium
858 2902 1078 2988 predictarum
1097 2902 1187 2970 litem
1203 2901 1348 2986 aliquam
1364 2923 1424 2970 seu
1441 2924 1516 2972 eon-

389 3011 582 3091 trouersiam
599 3029 696 3094 super
720 3018 810 3076 terra
825 3010 894 3076 siue
912 3029 1105 3095 quaennque
1123 3031 1226 3078 eausa
1242 3011 1310 3076 alia
1329 3017 1516 3097 acceptaret

385 3122 503 3201 ,eontra
529 3117 678 3200 aiteram,
705 3135 769 3178 nnn
793 3134 960 3182 reeurrens
986 3116 1030 3182 ad
1049 3116 1255 3184 fideiussores
1279 3116 1457 3203 predictus,
1483 3117 1515 3184 in

390 3223 627 3309 quinquaginta
652 3221 771 3286 mareis
787 3229 970 3288 remaneret
993 3243 1051 3309 pre
1067 3224 1159 3309 paeis
1180 3223 1291 3290 federe
1315 3225 1441 3292 uiolato
1467 3245 1515 3291 se-

392 3330 531 3400 eundnm
556 3329 690 3394 uerbum
717 3327 943 3394 fideiussorum
969 3330 1199 3414 predictorum.
1230 3331 1324 3408 Quod
1349 3339 1384 3398 ut
1410 3340 1516 3400 ratum

394 3438 447 3518 sit,
465 3456 600 3522 presens
625 3437 781 3520 scripturn
797 3437 992 3504 contulimus
1008 3439 1109 3522 sigilli
1126 3440 1229 3506 nostri
1250 3439 1361 3507 federe
1376 3460 1512 3508 commu·

393 3545 504 3613 nitnm.
521 3545 625 3612 Paulo
637 3544 796 3610 existente
806 3551 916 3614 nostro
927 3547 1108 3632 Proposito,
1125 3548 1265 3614 Roberte
1277 3548 1429 3630 Oantnre,
1443 3549 1516 3616 Om-

394 3651 624 3738 nudcuuode,
642 3651 813 3737 Eymerieo
824 3654 968 3720 Deeano.
983 3653 1078 3721 Anne
1088 3654 1220 3722 Domini
1236 3656 1280 3722 Μο
1290 3653 1355 3722 00⁰
1365 3656 1440 3723 XL⁰
1450 3659 1517 3726 VI⁰.

392 3849 529 3916 (Eredetie
542 3869 558 3903 a
570 3827 658 3917 Ruffly
671 3853 763 3908 esaiad
775 3853 968 3919 levaltairr'rban,
980 3854 1114 3908 misniata
1127 3873 1144 3908 a
1156 3858 1270 3924 Megyar
1283 3858 1351 3912 Tud.
1364 3859 1517 3912 anamais

763 3944 874 3998 iriziruti
890 3943 1155 4012 gyiijturneuyubun.)
