<?xml version="1.0" encoding="UTF-8"?>
<!DOCTYPE html PUBLIC "-//W3C//DTD XHTML 1.0 Transitional//EN"
    "http://www.w3.org/TR/xhtml1/DTD/xhtml1-transitional.dtd">
<html xmlns="http://www.w3.org/1999/xhtml" xml:lang="en" lang="en">
 <head>
  <title>
</title>
<meta http-equiv="Content-Type" content="text/html;charset=utf-8" />
  <meta name='ocr-system' content='tesseract 3.04.00' />
  <meta name='ocr-capabilities' content='ocr_page ocr_carea ocr_par ocr_line ocrx_word'/>
</head>
<body>
  <div class='ocr_page' id='page_1' title='image "./codexdiplomatic18wenzgoog_0338.png"; bbox 0 0 3162 5188; ppageno 0'>
   <div class='ocr_carea' id='block_1_1' title="bbox 856 349 1012 452">
    <p class='ocr_par' dir='ltr' id='par_1_1' title="bbox 856 349 1012 452">
     <span class='ocr_line' id='line_1_1' title="bbox 856 349 1012 452; baseline 0 0"><span class='ocrx_word' id='word_1_1' title='bbox 856 349 1012 452; x_wconf 53' lang='lat'>„395-</span> 
     </span>
    </p>
   </div>
   <div class='ocr_carea' id='block_1_2' title="bbox 365 547 1501 1718">
    <p class='ocr_par' dir='ltr' id='par_1_2' title="bbox 365 547 1501 1718">
     <span class='ocr_line' id='line_1_2' title="bbox 371 547 1494 641; baseline -0.008 -20"><span class='ocrx_word' id='word_1_2' title='bbox 371 555 494 641; x_wconf 88' lang='lat' dir='ltr'><strong>placuit</strong></span> <span class='ocrx_word' id='word_1_3' title='bbox 518 551 676 641; x_wconf 87' lang='lat' dir='ltr'><strong>partibus,</strong></span> <span class='ocrx_word' id='word_1_4' title='bbox 702 558 737 617; x_wconf 91' lang='lat' dir='ltr'><strong>nt</strong></span> <span class='ocrx_word' id='word_1_5' title='bbox 752 557 828 638; x_wconf 94' lang='lat' dir='ltr'><strong>post</strong></span> <span class='ocrx_word' id='word_1_6' title='bbox 843 547 1027 616; x_wconf 82' lang='lat' dir='ltr'><strong>huiusmodi</strong></span> <span class='ocrx_word' id='word_1_7' title='bbox 1054 549 1259 615; x_wconf 80' lang='lat' dir='ltr'><strong>amicabilem</strong></span> <span class='ocrx_word' id='word_1_8' title='bbox 1285 548 1494 636; x_wconf 84' lang='lat' dir='ltr'><strong>composicio</strong></span> 
     </span>
     <span class='ocr_line' id='line_1_3' title="bbox 370 660 1499 746; baseline -0.008 -16"><span class='ocrx_word' id='word_1_9' title='bbox 370 685 444 731; x_wconf 92' lang='lat' dir='ltr'><strong>nem</strong></span> <span class='ocrx_word' id='word_1_10' title='bbox 460 663 592 746; x_wconf 87' lang='lat' dir='ltr'><strong>factam,</strong></span> <span class='ocrx_word' id='word_1_11' title='bbox 621 660 729 728; x_wconf 90' lang='lat' dir='ltr'><strong>omnia</strong></span> <span class='ocrx_word' id='word_1_12' title='bbox 744 661 960 726; x_wconf 90' lang='lat' dir='ltr'><strong>instrumenta</strong></span> <span class='ocrx_word' id='word_1_13' title='bbox 975 694 1379 708; x_wconf 75' lang='lat'><strong>———————</strong></span> <span class='ocrx_word' id='word_1_14' title='bbox 1386 687 1440 706; x_wconf 85' lang='lat'><strong>·-</strong></span> <span class='ocrx_word' id='word_1_15' title='bbox 1455 696 1499 706; x_wconf 92' lang='lat'>—</span> 
     </span>
     <span class='ocr_line' id='line_1_4' title="bbox 368 765 1500 855; baseline -0.005 -18"><span class='ocrx_word' id='word_1_16' title='bbox 368 809 413 820; x_wconf 86' lang='lat'>—</span> <span class='ocrx_word' id='word_1_17' title='bbox 429 809 472 820; x_wconf 91' lang='lat'><em>-</em></span> <span class='ocrx_word' id='word_1_18' title='bbox 488 808 533 819; x_wconf 90' lang='lat'>—</span> <span class='ocrx_word' id='word_1_19' title='bbox 547 807 591 818; x_wconf 92' lang='lat'><em>-</em></span> <span class='ocrx_word' id='word_1_20' title='bbox 607 769 756 855; x_wconf 87' lang='lat' dir='ltr'><strong>partibus</strong></span> <span class='ocrx_word' id='word_1_21' title='bbox 783 788 911 852; x_wconf 88' lang='lat' dir='ltr'><strong>quoquo</strong></span> <span class='ocrx_word' id='word_1_22' title='bbox 928 765 1024 833; x_wconf 88' lang='lat' dir='ltr'><strong>modo</strong></span> <span class='ocrx_word' id='word_1_23' title='bbox 1041 767 1094 832; x_wconf 90' lang='lat' dir='ltr'><strong>uel</strong></span> <span class='ocrx_word' id='word_1_24' title='bbox 1111 785 1152 832; x_wconf 84' lang='lat' dir='ltr'><strong>ex</strong></span> <span class='ocrx_word' id='word_1_25' title='bbox 1167 772 1315 852; x_wconf 88' lang='lat' dir='ltr'><strong>tempore</strong></span> <span class='ocrx_word' id='word_1_26' title='bbox 1339 767 1500 852; x_wconf 89' lang='lat' dir='ltr'><strong>prescrip·</strong></span> 
     </span>
     <span class='ocr_line' id='line_1_5' title="bbox 370 874 1499 961; baseline -0.004 -17"><span class='ocrx_word' id='word_1_27' title='bbox 370 881 463 946; x_wconf 88' lang='lat' dir='ltr'><strong>cione</strong></span> <span class='ocrx_word' id='word_1_28' title='bbox 478 899 534 945; x_wconf 88' lang='lat' dir='ltr'><strong>seu</strong></span> <span class='ocrx_word' id='word_1_29' title='bbox 550 877 645 943; x_wconf 90' lang='lat' dir='ltr'><strong>aliter</strong></span> <span class='ocrx_word' id='word_1_30' title='bbox 662 896 757 961; x_wconf 93' lang='lat' dir='ltr'><strong>opem</strong></span> <span class='ocrx_word' id='word_1_31' title='bbox 774 875 815 941; x_wconf 88' lang='lat' dir='ltr'><strong>de</strong></span> <span class='ocrx_word' id='word_1_32' title='bbox 830 875 915 960; x_wconf 84' lang='lat' dir='ltr'><strong>lege,</strong></span> <span class='ocrx_word' id='word_1_33' title='bbox 940 880 996 940; x_wconf 89' lang='lat' dir='ltr'><strong>aut</strong></span> <span class='ocrx_word' id='word_1_34' title='bbox 1012 893 1205 958; x_wconf 90' lang='lat' dir='ltr'><strong>quocunque</strong></span> <span class='ocrx_word' id='word_1_35' title='bbox 1221 874 1396 959; x_wconf 84' lang='lat' dir='ltr'><strong>priuilegio</strong></span> <span class='ocrx_word' id='word_1_36' title='bbox 1413 874 1499 940; x_wconf 87' lang='lat' dir='ltr'><strong>ferre</strong></span> 
     </span>
     <span class='ocr_line' id='line_1_6' title="bbox 369 983 1501 1073; baseline -0.009 -19"><span class='ocrx_word' id='word_1_37' title='bbox 369 993 506 1073; x_wconf 87' lang='lat' dir='ltr'><strong>poterat,</strong></span> <span class='ocrx_word' id='word_1_38' title='bbox 530 985 574 1051; x_wconf 87' lang='lat' dir='ltr'><strong>sit</strong></span> <span class='ocrx_word' id='word_1_39' title='bbox 589 1004 727 1051; x_wconf 88' lang='lat' dir='ltr'><strong>vacuum</strong></span> <span class='ocrx_word' id='word_1_40' title='bbox 753 987 785 1048; x_wconf 86' lang='lat' dir='ltr'><strong>et</strong></span> <span class='ocrx_word' id='word_1_41' title='bbox 811 983 898 1048; x_wconf 89' lang='lat' dir='ltr'><strong>omni</strong></span> <span class='ocrx_word' id='word_1_42' title='bbox 917 1017 1501 1033; x_wconf 79' lang='lat'>——————————</span> 
     </span>
     <span class='ocr_line' id='line_1_7' title="bbox 368 1091 1501 1183; baseline -0.004 -21"><span class='ocrx_word' id='word_1_43' title='bbox 368 1094 619 1183; x_wconf 77' lang='lat' dir='ltr'><strong>composicionis</strong></span> <span class='ocrx_word' id='word_1_44' title='bbox 647 1092 772 1179; x_wconf 84' lang='lat' dir='ltr'><strong>pagina</strong></span> <span class='ocrx_word' id='word_1_45' title='bbox 802 1091 886 1157; x_wconf 91' lang='lat' dir='ltr'><strong>inter</strong></span> <span class='ocrx_word' id='word_1_46' title='bbox 911 1093 1001 1176; x_wconf 87' lang='lat' dir='ltr'><strong>ipsos</strong></span> <span class='ocrx_word' id='word_1_47' title='bbox 1025 1111 1113 1157; x_wconf 91' lang='lat' dir='ltr'><strong>nunc</strong></span> <span class='ocrx_word' id='word_1_48' title='bbox 1144 1091 1274 1176; x_wconf 85' lang='lat' dir='ltr'><strong>habite,</strong></span> <span class='ocrx_word' id='word_1_49' title='bbox 1306 1099 1501 1179; x_wconf 89' lang='lat' dir='ltr'><strong>perpetuum</strong></span> 
     </span>
     <span class='ocr_line' id='line_1_8' title="bbox 367 1197 1501 1283; baseline -0.003 -15"><span class='ocrx_word' id='word_1_50' title='bbox 367 1205 466 1270; x_wconf 89' lang='lat' dir='ltr'><strong>robur</strong></span> <span class='ocrx_word' id='word_1_51' title='bbox 483 1202 630 1270; x_wconf 88' lang='lat' dir='ltr'><strong>obtineat</strong></span> <span class='ocrx_word' id='word_1_52' title='bbox 645 1201 818 1266; x_wconf 86' lang='lat' dir='ltr'><strong>firmitatis.</strong></span> <span class='ocrx_word' id='word_1_53' title='bbox 845 1201 914 1266; x_wconf 84' lang='lat' dir='ltr'><strong>Nos</strong></span> <span class='ocrx_word' id='word_1_54' title='bbox 930 1199 1029 1283; x_wconf 83' lang='lat' dir='ltr'><strong>igitur</strong></span> <span class='ocrx_word' id='word_1_55' title='bbox 1044 1197 1149 1283; x_wconf 83' lang='lat' dir='ltr'><strong>ipsam</strong></span> <span class='ocrx_word' id='word_1_56' title='bbox 1167 1199 1442 1282; x_wconf 81' lang='lat' dir='ltr'><strong>composicionem</strong></span> <span class='ocrx_word' id='word_1_57' title='bbox 1457 1201 1501 1265; x_wconf 88' lang='lat' dir='ltr'><strong>de</strong></span> 
     </span>
     <span class='ocr_line' id='line_1_9' title="bbox 369 1307 1500 1394; baseline -0.003 -18"><span class='ocrx_word' id='word_1_58' title='bbox 369 1311 506 1378; x_wconf 86' lang='lat' dir='ltr'><strong>consilio</strong></span> <span class='ocrx_word' id='word_1_59' title='bbox 521 1343 1098 1358; x_wconf 80' lang='lat'><strong>———————————</strong></span> <span class='ocrx_word' id='word_1_60' title='bbox 1115 1307 1187 1391; x_wconf 83' lang='lat' dir='ltr'><strong>atis,</strong></span> <span class='ocrx_word' id='word_1_61' title='bbox 1202 1315 1352 1374; x_wconf 88' lang='lat' dir='ltr'><strong>ratamet</strong></span> <span class='ocrx_word' id='word_1_62' title='bbox 1366 1316 1500 1394; x_wconf 85' lang='lat' dir='ltr'><strong>gratam</strong></span> 
     </span>
     <span class='ocr_line' id='line_1_10' title="bbox 369 1413 1498 1502; baseline -0.003 -18"><span class='ocrx_word' id='word_1_63' title='bbox 369 1419 539 1502; x_wconf 84' lang='lat' dir='ltr'><strong>habentes,</strong></span> <span class='ocrx_word' id='word_1_64' title='bbox 556 1418 591 1483; x_wconf 92' lang='lat' dir='ltr'><strong>in</strong></span> <span class='ocrx_word' id='word_1_65' title='bbox 601 1415 819 1484; x_wconf 89' lang='lat' dir='ltr'><strong>testimonium</strong></span> <span class='ocrx_word' id='word_1_66' title='bbox 836 1413 931 1481; x_wconf 92' lang='lat' dir='ltr'><strong>huius</strong></span> <span class='ocrx_word' id='word_1_67' title='bbox 947 1413 995 1479; x_wconf 90' lang='lat' dir='ltr'><strong>rei</strong></span> <span class='ocrx_word' id='word_1_68' title='bbox 1009 1422 1178 1500; x_wconf 87' lang='lat' dir='ltr'><strong>presentes</strong></span> <span class='ocrx_word' id='word_1_69' title='bbox 1188 1413 1337 1482; x_wconf 83' lang='lat' dir='ltr'><strong>dedimus</strong></span> <span class='ocrx_word' id='word_1_70' title='bbox 1354 1416 1498 1500; x_wconf 81' lang='lat' dir='ltr'><strong>litteras,</strong></span> 
     </span>
     <span class='ocr_line' id='line_1_11' title="bbox 366 1521 1495 1611; baseline -0.005 -18"><span class='ocrx_word' id='word_1_71' title='bbox 366 1537 433 1593; x_wconf 88' lang='lat' dir='ltr'><strong>tam</strong></span> <span class='ocrx_word' id='word_1_72' title='bbox 451 1525 552 1610; x_wconf 85' lang='lat' dir='ltr'><strong>sigilli</strong></span> <span class='ocrx_word' id='word_1_73' title='bbox 577 1525 689 1611; x_wconf 82' lang='lat' dir='ltr'><strong>nostri,</strong></span> <span class='ocrx_word' id='word_1_74' title='bbox 714 1545 812 1611; x_wconf 83' lang='lat' dir='ltr'><strong>quam</strong></span> <span class='ocrx_word' id='word_1_75' title='bbox 829 1522 972 1609; x_wconf 83' lang='lat' dir='ltr'><strong>Capituli</strong></span> <span class='ocrx_word' id='word_1_76' title='bbox 996 1521 1185 1589; x_wconf 85' lang='lat' dir='ltr'><strong>Geuriensis</strong></span> <span class='ocrx_word' id='word_1_77' title='bbox 1207 1560 1495 1576; x_wconf 76' lang='lat'>-----</span> 
     </span>
     <span class='ocr_line' id='line_1_12' title="bbox 365 1628 1498 1718; baseline -0.003 -19"><span class='ocrx_word' id='word_1_78' title='bbox 365 1669 769 1687; x_wconf 76' lang='lat'>-------</span> <span class='ocrx_word' id='word_1_79' title='bbox 786 1653 871 1698; x_wconf 92' lang='lat' dir='ltr'><strong>anno</strong></span> <span class='ocrx_word' id='word_1_80' title='bbox 898 1631 1008 1717; x_wconf 83' lang='lat' dir='ltr'><strong>gracie</strong></span> <span class='ocrx_word' id='word_1_81' title='bbox 1034 1631 1093 1718; x_wconf 81' lang='lat' dir='ltr'><strong>(M)</strong></span> <span class='ocrx_word' id='word_1_82' title='bbox 1106 1628 1252 1697; x_wconf 82' lang='lat' dir='ltr'>OO⁰XL⁰</span> <span class='ocrx_word' id='word_1_83' title='bbox 1277 1650 1373 1718; x_wconf 84' lang='lat' dir='ltr'><strong>nono,</strong></span> <span class='ocrx_word' id='word_1_84' title='bbox 1401 1633 1498 1697; x_wconf 85' lang='lat' dir='ltr'><strong>Xlll⁰</strong></span> 
     </span>
    </p>
   </div>
   <div class='ocr_carea' id='block_1_3' title="bbox 365 1743 641 1828">
    <p class='ocr_par' dir='ltr' id='par_1_3' title="bbox 365 1743 641 1828">
     <span class='ocr_line' id='line_1_13' title="bbox 365 1743 641 1828; baseline 0 -20"><span class='ocrx_word' id='word_1_85' title='bbox 365 1743 527 1810; x_wconf 85' lang='lat' dir='ltr'><strong>kalendas</strong></span> <span class='ocrx_word' id='word_1_86' title='bbox 549 1743 641 1828; x_wconf 88' lang='lat' dir='ltr'><strong>Julij.</strong></span> 
     </span>
    </p>
   </div>
   <div class='ocr_carea' id='block_1_4' title="bbox 366 1954 1495 2112">
    <p class='ocr_par' dir='ltr' id='par_1_4' title="bbox 366 1954 1495 2112">
     <span class='ocr_line' id='line_1_14' title="bbox 366 1954 1495 2028; baseline -0.001 -19"><span class='ocrx_word' id='word_1_87' title='bbox 366 1959 477 2028; x_wconf 79' lang='lat' dir='ltr'><strong>(Mikros</strong></span> <span class='ocrx_word' id='word_1_88' title='bbox 491 1959 568 2024; x_wconf 80' lang='lat' dir='ltr'><strong>gyiiri</strong></span> <span class='ocrx_word' id='word_1_89' title='bbox 582 1960 742 2024; x_wconf 80' lang='lat' dir='ltr'><strong>pllspltknck</strong></span> <span class='ocrx_word' id='word_1_90' title='bbox 761 1959 870 2008; x_wconf 71' lang='lat' dir='ltr'><strong>leta-ki</strong></span> <span class='ocrx_word' id='word_1_91' title='bbox 882 1955 983 2008; x_wconf 74' lang='lat' dir='ltr'><strong>ltirata</strong></span> <span class='ocrx_word' id='word_1_92' title='bbox 995 1954 1061 2007; x_wconf 69' lang='lat' dir='ltr'><strong>utin</strong></span> <span class='ocrx_word' id='word_1_93' title='bbox 1072 1958 1152 2024; x_wconf 79' lang='lat' dir='ltr'><strong>Nagy</strong></span> <span class='ocrx_word' id='word_1_94' title='bbox 1162 1959 1239 2019; x_wconf 90' lang='lat' dir='ltr'><strong>lmre,</strong></span> <span class='ocrx_word' id='word_1_95' title='bbox 1253 1959 1342 2009; x_wconf 75' lang='lat' dir='ltr'><strong>Huzai</strong></span> <span class='ocrx_word' id='word_1_96' title='bbox 1352 1956 1495 2024; x_wconf 75' lang='lat' dir='ltr'><strong>Okmrlny-</strong></span> 
     </span>
     <span class='ocr_line' id='line_1_15' title="bbox 793 2045 1062 2112; baseline -0.019 -12"><span class='ocrx_word' id='word_1_97' title='bbox 793 2045 836 2100; x_wconf 70' lang='lat' dir='ltr'><strong>tir</strong></span> <span class='ocrx_word' id='word_1_98' title='bbox 849 2049 896 2100; x_wconf 85' lang='lat' dir='ltr'><strong>IV.</strong></span> <span class='ocrx_word' id='word_1_99' title='bbox 907 2049 962 2098; x_wconf 81' lang='lat' dir='ltr'><strong>ket.</strong></span> <span class='ocrx_word' id='word_1_100' title='bbox 977 2050 1020 2098; x_wconf 85' lang='lat'><strong>33.</strong></span> <span class='ocrx_word' id='word_1_101' title='bbox 1031 2045 1062 2112; x_wconf 91' lang='lat' dir='ltr'><strong>l.)</strong></span> 
     </span>
    </p>
   </div>
   <div class='ocr_carea' id='block_1_5' title="bbox 795 2354 1056 2367">
    <p class='ocr_par' dir='ltr' id='par_1_5' title="bbox 795 2354 1056 2367">
     <span class='ocr_line' id='line_1_16' title="bbox 795 2354 1056 2367; baseline -0.004 1"><span class='ocrx_word' id='word_1_102' title='bbox 795 2354 1056 2367; x_wconf 33' lang='lat' dir='ltr'><strong>&#39;‘m-Q—</strong></span> 
     </span>
    </p>
   </div>
   <div class='ocr_carea' id='block_1_6' title="bbox 362 3037 1492 3234">
    <p class='ocr_par' dir='ltr' id='par_1_6' title="bbox 362 3037 1492 3234">
     <span class='ocr_line' id='line_1_17' title="bbox 362 3037 1490 3126; baseline -0.002 -24"><span class='ocrx_word' id='word_1_103' title='bbox 362 3041 391 3102; x_wconf 90' lang='lat' dir='ltr'><em>A</em></span> <span class='ocrx_word' id='word_1_104' title='bbox 408 3040 566 3125; x_wconf 81' lang='lat' dir='ltr'><strong>templomi</strong></span> <span class='ocrx_word' id='word_1_105' title='bbox 580 3041 658 3106; x_wconf 71' lang='lat' dir='ltr'><strong>renel</strong></span> <span class='ocrx_word' id='word_1_106' title='bbox 674 3037 1113 3126; x_wconf 66' lang='lat' dir='ltr'><strong>mapparorscripifliao&#39;lrenek</strong></span> <span class='ocrx_word' id='word_1_107' title='bbox 1128 3039 1394 3125; x_wconf 65' lang='lat' dir='ltr'><strong>biroapcciylecelc</strong></span> <span class='ocrx_word' id='word_1_108' title='bbox 1404 3040 1490 3123; x_wconf 77' lang='lat' dir='ltr'><strong>lrcqp</strong></span> 
     </span>
     <span class='ocr_line' id='line_1_18' title="bbox 362 3147 1492 3234; baseline -0.002 -22"><span class='ocrx_word' id='word_1_109' title='bbox 362 3175 382 3212; x_wconf 89' lang='grc' dir='ltr'><em>α</em></span> <span class='ocrx_word' id='word_1_110' title='bbox 395 3151 625 3234; x_wconf 77' lang='lat' dir='ltr'><strong>pooconbclmi</strong></span> <span class='ocrx_word' id='word_1_111' title='bbox 639 3149 831 3233; x_wconf 76' lang='lat' dir='ltr'><strong>cpdtscippul</strong></span> <span class='ocrx_word' id='word_1_112' title='bbox 850 3147 971 3210; x_wconf 70' lang='lat' dir='ltr'><strong>Saitica</strong></span> <span class='ocrx_word' id='word_1_113' title='bbox 995 3147 1153 3211; x_wconf 66' lang='lat' dir='ltr'><strong>bicolora</strong></span> <span class='ocrx_word' id='word_1_114' title='bbox 1177 3153 1266 3210; x_wconf 65' lang='lat' dir='ltr'><strong>aeaco</strong></span> <span class='ocrx_word' id='word_1_115' title='bbox 1291 3148 1492 3232; x_wconf 74' lang='lat' dir='ltr'><strong>cpyeakedett.</strong></span> 
     </span>
    </p>
   </div>
   <div class='ocr_carea' id='block_1_7' title="bbox 882 3251 979 3317">
    <p class='ocr_par' dir='ltr' id='par_1_7' title="bbox 882 3251 979 3317">
     <span class='ocr_line' id='line_1_19' title="bbox 882 3251 979 3317; baseline -0.01 0"><span class='ocrx_word' id='word_1_116' title='bbox 882 3251 979 3317; x_wconf 74' lang='lat'><em>1249.</em></span> 
     </span>
    </p>
   </div>
   <div class='ocr_carea' id='block_1_8' title="bbox 357 3447 1492 4722">
    <p class='ocr_par' dir='ltr' id='par_1_8' title="bbox 357 3447 1492 4722">
     <span class='ocr_line' id='line_1_20' title="bbox 468 3447 1492 3536; baseline -0.001 -19"><span class='ocrx_word' id='word_1_117' title='bbox 468 3454 583 3517; x_wconf 82' lang='lat' dir='ltr'><strong>Frater</strong></span> <span class='ocrx_word' id='word_1_118' title='bbox 598 3449 740 3535; x_wconf 84' lang='lat' dir='ltr'><strong>Morgolt</strong></span> <span class='ocrx_word' id='word_1_119' title='bbox 751 3449 909 3534; x_wconf 84' lang='lat' dir='ltr'><strong>Magister</strong></span> <span class='ocrx_word' id='word_1_120' title='bbox 924 3448 1043 3515; x_wconf 83' lang='lat' dir='ltr'><strong>Milicie</strong></span> <span class='ocrx_word' id='word_1_121' title='bbox 1059 3448 1188 3536; x_wconf 79' lang='lat' dir='ltr'><strong>Templi</strong></span> <span class='ocrx_word' id='word_1_122' title='bbox 1205 3447 1246 3515; x_wconf 90' lang='lat' dir='ltr'><strong>dc</strong></span> <span class='ocrx_word' id='word_1_123' title='bbox 1256 3449 1435 3535; x_wconf 69' lang='lat' dir='ltr'><strong>ilungaria</strong></span> <span class='ocrx_word' id='word_1_124' title='bbox 1455 3455 1492 3516; x_wconf 88' lang='lat' dir='ltr'><strong>et</strong></span> 
     </span>
     <span class='ocr_line' id='line_1_21' title="bbox 359 3558 1488 3644; baseline -0.004 -16"><span class='ocrx_word' id='word_1_125' title='bbox 359 3565 477 3629; x_wconf 86' lang='lat' dir='ltr'><strong>Frater</strong></span> <span class='ocrx_word' id='word_1_126' title='bbox 502 3562 534 3626; x_wconf 85' lang='lat' dir='ltr'><strong>S.</strong></span> <span class='ocrx_word' id='word_1_127' title='bbox 561 3561 713 3628; x_wconf 89' lang='lat' dir='ltr'><strong>Uicarius</strong></span> <span class='ocrx_word' id='word_1_128' title='bbox 739 3559 884 3626; x_wconf 89' lang='lat' dir='ltr'><strong>eiusdem</strong></span> <span class='ocrx_word' id='word_1_129' title='bbox 910 3558 1059 3623; x_wconf 92' lang='lat' dir='ltr'><strong>omnibus</strong></span> <span class='ocrx_word' id='word_1_130' title='bbox 1084 3577 1219 3644; x_wconf 86' lang='lat' dir='ltr'><strong>presens</strong></span> <span class='ocrx_word' id='word_1_131' title='bbox 1251 3559 1406 3644; x_wconf 89' lang='lat' dir='ltr'><strong>scriptum</strong></span> <span class='ocrx_word' id='word_1_132' title='bbox 1437 3558 1488 3624; x_wconf 91' lang='lat' dir='ltr'><strong>in-</strong></span> 
     </span>
     <span class='ocr_line' id='line_1_22' title="bbox 358 3667 1489 3756; baseline -0.004 -20"><span class='ocrx_word' id='word_1_133' title='bbox 358 3669 521 3756; x_wconf 88' lang='lat' dir='ltr'><strong>specturis</strong></span> <span class='ocrx_word' id='word_1_134' title='bbox 538 3669 678 3735; x_wconf 86' lang='lat' dir='ltr'><strong>salutem</strong></span> <span class='ocrx_word' id='word_1_135' title='bbox 703 3667 737 3733; x_wconf 95' lang='lat' dir='ltr'><strong>in</strong></span> <span class='ocrx_word' id='word_1_136' title='bbox 753 3667 903 3734; x_wconf 91' lang='lat' dir='ltr'><strong>Domino.</strong></span> <span class='ocrx_word' id='word_1_137' title='bbox 929 3667 1050 3732; x_wconf 89' lang='lat' dir='ltr'><strong>Notum</strong></span> <span class='ocrx_word' id='word_1_138' title='bbox 1068 3667 1110 3732; x_wconf 88' lang='lat' dir='ltr'><strong>sit</strong></span> <span class='ocrx_word' id='word_1_139' title='bbox 1126 3667 1285 3752; x_wconf 66' lang='lat' dir='ltr'><strong>omnibus</strong></span> <span class='ocrx_word' id='word_1_140' title='bbox 1311 3667 1489 3751; x_wconf 89' lang='lat' dir='ltr'><strong>quodcum</strong></span> 
     </span>
     <span class='ocr_line' id='line_1_23' title="bbox 359 3773 1488 3866; baseline -0.002 -21"><span class='ocrx_word' id='word_1_141' title='bbox 359 3799 456 3866; x_wconf 90' lang='lat' dir='ltr'><strong>super</strong></span> <span class='ocrx_word' id='word_1_142' title='bbox 471 3775 633 3843; x_wconf 84' lang='lat' dir='ltr'><strong>diuisione</strong></span> <span class='ocrx_word' id='word_1_143' title='bbox 650 3785 735 3842; x_wconf 87' lang='lat' dir='ltr'><strong>terre</strong></span> <span class='ocrx_word' id='word_1_144' title='bbox 751 3775 870 3841; x_wconf 89' lang='lat' dir='ltr'><strong>Zelcus</strong></span> <span class='ocrx_word' id='word_1_145' title='bbox 886 3773 971 3840; x_wconf 90' lang='lat' dir='ltr'><strong>inter</strong></span> <span class='ocrx_word' id='word_1_146' title='bbox 988 3795 1048 3841; x_wconf 94' lang='lat' dir='ltr'><strong>nos</strong></span> <span class='ocrx_word' id='word_1_147' title='bbox 1064 3781 1214 3860; x_wconf 85' lang='lat' dir='ltr'><strong>exparte</strong></span> <span class='ocrx_word' id='word_1_148' title='bbox 1230 3795 1305 3860; x_wconf 89' lang='lat' dir='ltr'><strong>nna,</strong></span> <span class='ocrx_word' id='word_1_149' title='bbox 1330 3783 1362 3842; x_wconf 90' lang='lat' dir='ltr'><strong>ct</strong></span> <span class='ocrx_word' id='word_1_150' title='bbox 1379 3775 1488 3843; x_wconf 81' lang='lat' dir='ltr'><strong>Abba-</strong></span> 
     </span>
     <span class='ocr_line' id='line_1_24' title="bbox 357 3881 1489 3970; baseline -0.004 -16"><span class='ocrx_word' id='word_1_151' title='bbox 357 3896 424 3954; x_wconf 89' lang='lat' dir='ltr'><strong>tem</strong></span> <span class='ocrx_word' id='word_1_152' title='bbox 440 3893 538 3969; x_wconf 88' lang='lat' dir='ltr'><strong>atque</strong></span> <span class='ocrx_word' id='word_1_153' title='bbox 551 3883 755 3953; x_wconf 84' lang='lat' dir='ltr'><strong>Conuentum</strong></span> <span class='ocrx_word' id='word_1_154' title='bbox 767 3883 877 3948; x_wconf 86' lang='lat' dir='ltr'><strong>Sancti</strong></span> <span class='ocrx_word' id='word_1_155' title='bbox 893 3881 1024 3948; x_wconf 85' lang='lat' dir='ltr'><strong>Martini</strong></span> <span class='ocrx_word' id='word_1_156' title='bbox 1041 3902 1082 3948; x_wconf 89' lang='lat' dir='ltr'><strong>ex</strong></span> <span class='ocrx_word' id='word_1_157' title='bbox 1098 3883 1213 3970; x_wconf 85' lang='lat' dir='ltr'><strong>altera,</strong></span> <span class='ocrx_word' id='word_1_158' title='bbox 1229 3884 1327 3966; x_wconf 82' lang='lat' dir='ltr'><strong>longo</strong></span> <span class='ocrx_word' id='word_1_159' title='bbox 1338 3890 1489 3969; x_wconf 89' lang='lat' dir='ltr'><strong>tempore</strong></span> 
     </span>
     <span class='ocr_line' id='line_1_25' title="bbox 361 3990 1489 4080; baseline -0.002 -19"><span class='ocrx_word' id='word_1_160' title='bbox 361 3997 502 4080; x_wconf 84' lang='lat' dir='ltr'><strong>iurgium</strong></span> <span class='ocrx_word' id='word_1_161' title='bbox 527 3997 716 4076; x_wconf 82' lang='lat' dir='ltr'><strong>verteretur,</strong></span> <span class='ocrx_word' id='word_1_162' title='bbox 742 3990 875 4056; x_wconf 89' lang='lat' dir='ltr'><strong>tandem</strong></span> <span class='ocrx_word' id='word_1_163' title='bbox 901 4009 985 4075; x_wconf 88' lang='lat' dir='ltr'><strong>pace</strong></span> <span class='ocrx_word' id='word_1_164' title='bbox 1007 3996 1192 4056; x_wconf 87' lang='lat' dir='ltr'><strong>restaurata</strong></span> <span class='ocrx_word' id='word_1_165' title='bbox 1217 3991 1489 4060; x_wconf 85' lang='lat' dir='ltr'><strong>concordauimus</strong></span> 
     </span>
     <span class='ocr_line' id='line_1_26' title="bbox 358 4097 1488 4185; baseline -0.002 -18"><span class='ocrx_word' id='word_1_166' title='bbox 358 4105 391 4168; x_wconf 90' lang='lat' dir='ltr'><strong>in</strong></span> <span class='ocrx_word' id='word_1_167' title='bbox 407 4103 493 4169; x_wconf 90' lang='lat' dir='ltr'><strong>hunc</strong></span> <span class='ocrx_word' id='word_1_168' title='bbox 518 4099 659 4180; x_wconf 85' lang='lat' dir='ltr'><strong>modum,</strong></span> <span class='ocrx_word' id='word_1_169' title='bbox 685 4105 720 4164; x_wconf 87' lang='lat' dir='ltr'><strong>vt</strong></span> <span class='ocrx_word' id='word_1_170' title='bbox 736 4099 887 4164; x_wconf 87' lang='lat' dir='ltr'><strong>uidelicet</strong></span> <span class='ocrx_word' id='word_1_171' title='bbox 909 4097 1018 4164; x_wconf 90' lang='lat' dir='ltr'><strong>media</strong></span> <span class='ocrx_word' id='word_1_172' title='bbox 1034 4118 1111 4183; x_wconf 87' lang='lat' dir='ltr'><strong>pars</strong></span> <span class='ocrx_word' id='word_1_173' title='bbox 1135 4097 1239 4184; x_wconf 88' lang='lat' dir='ltr'><strong>ipsius</strong></span> <span class='ocrx_word' id='word_1_174' title='bbox 1265 4107 1359 4182; x_wconf 87' lang='lat' dir='ltr'><strong>terre,</strong></span> <span class='ocrx_word' id='word_1_175' title='bbox 1386 4121 1488 4185; x_wconf 91' lang='lat' dir='ltr'><strong>snper</strong></span> 
     </span>
     <span class='ocr_line' id='line_1_27' title="bbox 364 4200 1488 4296; baseline -0.004 -19"><span class='ocrx_word' id='word_1_176' title='bbox 364 4231 430 4296; x_wconf 88' lang='lat' dir='ltr'><strong>qua</strong></span> <span class='ocrx_word' id='word_1_177' title='bbox 443 4200 665 4294; x_wconf 85' lang='lat' dir='ltr'><strong>iurgabamur&#39;,</strong></span> <span class='ocrx_word' id='word_1_178' title='bbox 681 4207 752 4272; x_wconf 90' lang='lat' dir='ltr'><strong>siue</strong></span> <span class='ocrx_word' id='word_1_179' title='bbox 767 4207 801 4272; x_wconf 92' lang='lat' dir='ltr'><strong>in</strong></span> <span class='ocrx_word' id='word_1_180' title='bbox 818 4206 913 4291; x_wconf 82' lang='lat' dir='ltr'><strong>silua,</strong></span> <span class='ocrx_word' id='word_1_181' title='bbox 931 4206 1002 4272; x_wconf 89' lang='lat' dir='ltr'><strong>siue</strong></span> <span class='ocrx_word' id='word_1_182' title='bbox 1018 4205 1052 4271; x_wconf 92' lang='lat' dir='ltr'><strong>in</strong></span> <span class='ocrx_word' id='word_1_183' title='bbox 1069 4211 1187 4289; x_wconf 81' lang='lat' dir='ltr'><strong>stagno</strong></span> <span class='ocrx_word' id='word_1_184' title='bbox 1206 4206 1334 4274; x_wconf 91' lang='lat' dir='ltr'><strong>cederet</strong></span> <span class='ocrx_word' id='word_1_185' title='bbox 1358 4207 1392 4272; x_wconf 93' lang='lat' dir='ltr'><strong>in</strong></span> <span class='ocrx_word' id='word_1_186' title='bbox 1411 4229 1488 4293; x_wconf 88' lang='lat' dir='ltr'><strong>par-</strong></span> 
     </span>
     <span class='ocr_line' id='line_1_28' title="bbox 363 4313 1487 4401; baseline -0.007 -12"><span class='ocrx_word' id='word_1_187' title='bbox 363 4331 429 4390; x_wconf 89' lang='lat' dir='ltr'><strong>tem</strong></span> <span class='ocrx_word' id='word_1_188' title='bbox 445 4323 599 4400; x_wconf 83' lang='lat' dir='ltr'><strong>nostram,</strong></span> <span class='ocrx_word' id='word_1_189' title='bbox 625 4321 657 4382; x_wconf 90' lang='lat' dir='ltr'><strong>et</strong></span> <span class='ocrx_word' id='word_1_190' title='bbox 672 4313 781 4380; x_wconf 87' lang='lat' dir='ltr'><strong>media</strong></span> <span class='ocrx_word' id='word_1_191' title='bbox 806 4314 839 4380; x_wconf 93' lang='lat' dir='ltr'><strong>in</strong></span> <span class='ocrx_word' id='word_1_192' title='bbox 863 4321 989 4401; x_wconf 92' lang='lat' dir='ltr'><strong>partem</strong></span> <span class='ocrx_word' id='word_1_193' title='bbox 1004 4314 1193 4382; x_wconf 89' lang='lat' dir='ltr'><strong>monasterii</strong></span> <span class='ocrx_word' id='word_1_194' title='bbox 1217 4315 1330 4382; x_wconf 86' lang='lat' dir='ltr'><strong>Sancti</strong></span> <span class='ocrx_word' id='word_1_195' title='bbox 1354 4316 1487 4382; x_wconf 86' lang='lat' dir='ltr'><strong>Martini</strong></span> 
     </span>
     <span class='ocr_line' id='line_1_29' title="bbox 363 4421 1487 4511; baseline -0.007 -13"><span class='ocrx_word' id='word_1_196' title='bbox 363 4432 487 4511; x_wconf 86' lang='lat' dir='ltr'><strong>absque</strong></span> <span class='ocrx_word' id='word_1_197' title='bbox 512 4423 580 4489; x_wconf 84' lang='lat' dir='ltr'><strong>vlla</strong></span> <span class='ocrx_word' id='word_1_198' title='bbox 605 4421 867 4488; x_wconf 87' lang='lat' dir='ltr'><strong>contradiccione</strong></span> <span class='ocrx_word' id='word_1_199' title='bbox 893 4429 1049 4508; x_wconf 88' lang='lat' dir='ltr'><strong>perpetuo</strong></span> <span class='ocrx_word' id='word_1_200' title='bbox 1075 4421 1284 4508; x_wconf 89' lang='lat' dir='ltr'><strong>possidenda.</strong></span> <span class='ocrx_word' id='word_1_201' title='bbox 1310 4425 1353 4490; x_wconf 90' lang='lat' dir='ltr'><strong>Vt</strong></span> <span class='ocrx_word' id='word_1_202' title='bbox 1375 4433 1487 4490; x_wconf 86' lang='lat' dir='ltr'><strong>autem</strong></span> 
     </span>
     <span class='ocr_line' id='line_1_30' title="bbox 359 4529 1487 4615; baseline -0.006 -11"><span class='ocrx_word' id='word_1_203' title='bbox 359 4539 421 4603; x_wconf 92' lang='lat' dir='ltr'><strong>hoc</strong></span> <span class='ocrx_word' id='word_1_204' title='bbox 436 4537 593 4600; x_wconf 87' lang='lat' dir='ltr'><strong>statutum</strong></span> <span class='ocrx_word' id='word_1_205' title='bbox 609 4549 766 4613; x_wconf 90' lang='lat' dir='ltr'><strong>processu</strong></span> <span class='ocrx_word' id='word_1_206' title='bbox 782 4536 964 4614; x_wconf 89' lang='lat' dir='ltr'><strong>temporum</strong></span> <span class='ocrx_word' id='word_1_207' title='bbox 980 4534 1121 4613; x_wconf 87' lang='lat' dir='ltr'><strong>nequeat</strong></span> <span class='ocrx_word' id='word_1_208' title='bbox 1136 4529 1312 4615; x_wconf 87' lang='lat' dir='ltr'><strong>immutari,</strong></span> <span class='ocrx_word' id='word_1_209' title='bbox 1338 4529 1372 4596; x_wconf 93' lang='lat' dir='ltr'><strong>in</strong></span> <span class='ocrx_word' id='word_1_210' title='bbox 1389 4531 1487 4597; x_wconf 88' lang='lat' dir='ltr'><strong>huius</strong></span> 
     </span>
     <span class='ocr_line' id='line_1_31' title="bbox 358 4636 1486 4722; baseline -0.007 -10"><span class='ocrx_word' id='word_1_211' title='bbox 358 4647 406 4712; x_wconf 90' lang='lat' dir='ltr'><strong>rei</strong></span> <span class='ocrx_word' id='word_1_212' title='bbox 431 4637 650 4710; x_wconf 88' lang='lat' dir='ltr'><strong>testimonium</strong></span> <span class='ocrx_word' id='word_1_213' title='bbox 676 4642 842 4722; x_wconf 87' lang='lat' dir='ltr'><strong>presentes</strong></span> <span class='ocrx_word' id='word_1_214' title='bbox 860 4637 985 4702; x_wconf 86' lang='lat' dir='ltr'><strong>litteras</strong></span> <span class='ocrx_word' id='word_1_215' title='bbox 1011 4636 1202 4722; x_wconf 87' lang='lat' dir='ltr'><strong>scripsimus</strong></span> <span class='ocrx_word' id='word_1_216' title='bbox 1226 4637 1407 4721; x_wconf 80' lang='lat' dir='ltr'><strong>sigillorum</strong></span> <span class='ocrx_word' id='word_1_217' title='bbox 1432 4659 1486 4705; x_wconf 92' lang='lat' dir='ltr'><strong>nc·</strong></span> 
     </span>
    </p>
   </div>
   <div class='ocr_carea' id='block_1_9' title="bbox 0 0 1586 5188">
    <p class='ocr_par' dir='ltr' id='par_1_9' title="bbox 0 0 1586 5188">
     <span class='ocr_line' id='line_1_32' title="bbox 0 0 1586 5188; baseline 0 4"><span class='ocrx_word' id='word_1_218' title='bbox 0 0 1586 5188; x_wconf 95' lang='lat' dir='ltr'><strong> </strong></span> 
     </span>
    </p>
   </div>
  </div>
 </body>
</html>
