3186 5188
625 929 701 997 lar.

95 1101 121 1166 I
128 1103 157 1168 Γ.
176 1104 251 1170 Belo
268 1107 436 1191 l‘r'rcilpnulr
452 1109 569 1174 Militi
583 1116 659 1195 perri
668 1111 771 1195 so'lclet
786 1115 937 1198 tcirppoto'
953 1116 1132 1202 odorrrcirrpo
1149 1118 1229 1183 Iunia

365 1285 367 1288 ,
445 1222 476 1280 e'a
492 1217 588 1304 Lptcr
603 1225 760 1286 azriracira.
785 1219 880 1285 1246.

205 1409 289 1476 Belo
306 1411 368 1477 Dei
395 1401 507 1496 gracia
529 1413 709 1501 Hungarie,
735 1417 918 1502 Dalmacie,
942 1417 1088 1506 Croacie,
1114 1424 1227 1506 Rama,

96 1511 220 1600 Sernie,
234 1517 386 1604 Gallicie,
406 1518 608 1606 Lodomerie,
623 1521 844 1604 Gemanieque
854 1525 924 1590 Rex
934 1526 1093 1594 uniuersis
1107 1525 1228 1596 Christi

96 1621 252 1689 fidelibus
277 1630 345 1689 taur
362 1627 569 1711 presentibus
595 1647 693 1710 quam
718 1628 835 1695 suturis
860 1640 1044 1716 presentem
1068 1634 1226 1720 paginam

98 1729 295 1812 inspecturis
312 1733 449 1801 salutem
465 1733 498 1800 in
514 1737 657 1802 omniurn
674 1739 848 1805 saluatore.
866 1739 959 1806 Licet
974 1741 1107 1824 Regalis
1124 1744 1225 1809 muni-

98 1836 234 1905 ficeneie
250 1840 437 1925 benignitas
461 1842 504 1910 ad
521 1845 684 1928 quoslibet
700 1867 797 1913 manu
813 1847 965 1932 largiflua
983 1848 1105 1916 habere
1121 1869 1156 1917 se
1172 1850 1225 1918 de-

101 1947 196 2034 beat;
213 1950 291 2016 illos
307 1957 417 2017 tamen
433 1953 594 2020 uberioris
611 1965 643 2020 et
660 1957 829 2040 amplioris
847 1959 960 2040 gracie
975 1959 1130 2027 beneficio
1152 1978 1227 2026 oon-

98 2055 211 2124 tonere
227 2065 355 2125 tenetur
366 2064 398 2125 et
415 2060 578 2145 amplecti,
597 2082 730 2146 quorum
748 2062 915 2130 fidelitatis
927 2065 1149 2132 constanciam
1170 2084 1229 2149 per

100 2165 328 2250 experimenta
344 2166 467 2250 didicit,
485 2175 518 2234 et
533 2189 656 2236 morum
673 2170 877 2237 honestatem
893 2169 1025 2238 tirmiter
1042 2172 1230 2259 comproha-

99 2282 178 2340 tam.
205 2273 260 2339 Ad
275 2273 501 2343 uniuersorum
527 2276 627 2360 igitur
646 2277 800 2345 noticiam
825 2279 942 2345 harum
969 2280 1052 2346 serie
1078 2281 1229 2347 uolumus

100 2381 287 2470 peruenire,
313 2387 401 2466 quod
417 2403 489 2450 curn
515 2384 625 2451 dilecti
650 2390 682 2452 et
697 2385 812 2452 fideles
835 2387 937 2454 nostri
952 2387 1110 2473 Magister
1123 2389 1228 2472 Iwan,

102 2499 134 2558 et
149 2492 254 2577 Lyter
269 2491 356 2558 filius
372 2493 482 2578 Lyter,
509 2512 531 2557 a
547 2493 704 2578 primeuis
727 2493 871 2578 puericie
896 2493 1040 2580 ipsorum
1065 2501 1097 2560 et
1121 2502 1230 2564 nostre

101 2600 305 2686 temporibus
329 2606 427 2684 grata
452 2601 549 2667 nohis
574 2600 743 2668 fidelitatis
769 2621 869 2686 opera
893 2601 1137 2688 inpendissent;
1164 2623 1229 2668 ma·

101 2708 190 2774 xime
207 2716 320 2774 tamen
336 2727 375 2775 eo
391 2714 548 2792 ternpore,
564 2727 628 2790 quo
639 2707 768 2773 Tartari
784 2710 932 2791 Regnum
946 2715 1092 2777 nostrum
1108 2697 1232 2776 Diuina

101 2812 320 2900 permissione
345 2813 464 2880 acerbe
488 2813 705 2900 flagellarunt,
733 2813 798 2900 ipsi
814 2816 995 2882 venerabili
1021 2815 1107 2901 patri
1127 2815 1228 2882 Bene·

102 2921 190 2989 dieto
208 2921 464 3008 Archiepiaoopo
480 2919 650 2988 Colocensi
666 2927 699 2986 et
716 2921 791 2986 arrle
807 2929 918 2988 nostre
931 2921 1134 2988 Cancellario
1153 2921 1228 2986 ade-

102 3035 227 3114 rentes,
243 3027 381 3096 honesta
391 3028 560 3094 fidelitatis
571 3047 672 3114 opera
685 3027 759 3114 sibi,
776 3034 809 3094 et
824 3027 857 3093 in
874 3028 944 3095 eius
960 3049 1101 3114 persona
1110 3027 1231 3095 Nostro

102 3131 311 3218 celsitudini,
336 3142 404 3200 tum
420 3154 535 3202 uersus
551 3141 663 3220 partes
688 3134 870 3200 maritimas
886 3134 991 3218 Regni
1007 3134 1112 3200 nostri
1132 3135 1238 3224 nego-j

102 3243 144 3330 cij
162 3243 326 3329 qualitate
342 3241 493 3326 exigente
505 3242 600 3311 nobis
616 3240 880 3327 procedentibus,
901 3247 969 3307 tum
985 3237 1090 3307 eciam
1105 3241 1139 3307 in
1156 3241 1231 3325 alijs

101 3350 257 3438 partibus
281 3349 386 3434 Regni
402 3349 506 3417 nostri
521 3349 613 3416 nobis
630 3347 914 3434 commorantibus,
935 3346 1160 3435 inpenderunt,
1189 3347 1232 3415 ad

103 3460 263 3526 honorem
274 3459 421 3545 Regium,
439 3477 502 3539 que
513 3457 642 3524 fuerant
657 3461 847 3544 opportuna,
864 3455 1001 3524 fideliter
1011 3455 1231 3542 adimplendo,

105 3566 190 3634 adeo
209 3565 296 3648 qnod
313 3571 344 3630 et
370 3585 502 3631 numero
519 3571 551 3631 et
567 3564 680 3632 merito
707 3564 747 3630 de
763 3563 1005 3650 obsequialihus
1025 3563 1127 3632 nostri
1148 3563 1232 3630 late·

104 3677 148 3742 n's
166 3678 245 3739 suut
260 3693 323 3740 non
341 3671 485 3739 indebite
501 3673 688 3758 computati.
716 3671 784 3738 Nos
801 3679 917 3758 autem,
935 3672 1053 3756 quibus
1070 3692 1110 3737 ex
1127 3669 1234 3739 officio

105 3781 210 3866 Regie
238 3780 404 3864 dignitatis
420 3781 586 3866 incumbit,
613 3779 721 3847 metiri
737 3781 856 3846 merita
881 3779 1093 3864 singulorum,
1119 3784 1150 3846 et
1166 3779 1231 3846 sin·

106 3890 193 3974 gulis
214 3888 307 3954 iuxta
333 3887 437 3954 meriti
462 3888 654 3974 qualitatem
679 3887 887 3973 respondere,
915 3907 986 3953 eum
1012 3886 1075 3972 ipsi
1106 3884 1235 3972 copiam

106 4004 192 4063 terre
219 4016 283 4061 non
306 3996 476 4080 haberent,
503 4001 538 4061 ut
564 3995 715 4080 apciores
740 4000 875 4080 possent
899 3993 933 4057 in
958 3999 1056 4059 antea
1084 3991 1234 4075 inueniri,

106 4103 319 4172 medietatem
344 4113 430 4171 terre
461 4105 701 4190 speculatorum
726 4110 906 4170 nostrorum
936 4100 977 4165 de
1001 4099 1146 4183 Wolcon,
1174 4118 1240 4182 que,

107 4211 223 4278 llihali
240 4211 435 4299 appellatur,
452 4213 500 4278 eis
517 4210 668 4276 duximus
680 4218 835 4296 perpetuo
854 4191 1091 4296 conterendam,
1109 4214 1177 4271 tam
1194 4201 1240 4276 ab}

106 4321 187 4407 ipsis
205 4340 303 4404 quarn
318 4317 464 4403 ipsorum
481 4317 654 4384 heredibus
666 4315 891 4399 heredumque
910 4312 1151 4382 successoribus
1167 4312 1238 4408 iure

107 4433 265 4514 perpetuo
290 4426 533 4513 possidendam.
562 4425 659 4491 Cuius
677 4431 763 4490 terre
779 4427 874 4505 mete,
902 4421 986 4486 eleut
1000 4440 1059 4506 per
1081 4413 1237 4486 dilectum

108 4545 139 4601 et
153 4535 283 4602 fidelem
309 4539 454 4602 nostrum
477 4532 643 4599 Enardnm
669 4529 827 4596 Comitem
853 4528 895 4594 de
910 4525 1047 4594 Wolcou
1072 4525 1231 4591 intellexi-

108 4665 185 4729 mus,
212 4664 273 4730 per
289 4662 385 4726 quem
401 4639 491 4726 ipsos
508 4639 541 4705 in
559 4637 798 4723 possessionem
833 4635 1033 4719 corporalem
1054 4633 1139 4698 dicte
1156 4639 1240 4697 terre

149 4781 251 4816 norun.
269 4777 349 4814 rinno,
369 4777 438 4812 rrrer.
459 4787 493 4794 —
514 4777 585 4810 orer..
604 4765 637 4805 12·
1040 4751 1077 4804 14
