3210 5194
833 311 986 410 ..rm

348 511 465 596 quibus
491 510 641 578 omnibus
657 508 868 596 priuilegium
884 506 994 574 fratris
1011 507 1114 575 nostri
1129 504 1268 593 predicti
1283 503 1482 571 autenticum

347 619 503 688 uidelicet
512 619 553 686 de
563 616 821 687 commutacione
835 616 925 683 facta
934 614 1099 702 exhibuit,
1120 615 1211 682 cuius
1221 613 1402 682 tencrtalis
1414 621 1480 680 est:

456 726 653 794 Golomanus
669 725 733 793 stb.
751 723 847 813 (mint
861 725 993 792 fentebb
1009 725 1063 790 25.
1081 744 1125 791 sz.
1142 721 1188 810 a.)

457 835 499 902 Et
515 834 602 922 quod
618 834 706 903 idem
722 836 792 902 Rex
817 833 999 922 predictam
1014 838 1136 900 terram
1160 830 1307 918 legitime
1327 828 1483 919 possede-

348 943 400 1028 rit,
418 945 591 1030 ipsamque
608 942 656 1010 eis
674 942 715 1009 de
731 942 801 1009 inre
811 941 890 1009 dare
906 941 1057 1030 potnerit,
1073 941 1201 1008 litteras
1217 937 1482 1007 confirmacionis

350 1051 458 1120 eidem
472 1051 567 1118 fratri
583 1057 692 1119 nostro
712 1050 843 1118 anobis
860 1049 955 1116 datas
979 1049 1162 1117 secretioris
1179 1048 1281 1135 sigilli
1296 1047 1398 1116 nostri
1416 1066 1485 1113 mu·

350 1160 472 1227 nimine
497 1177 596 1225 auree
609 1157 763 1226 videlicet
788 1159 875 1224 bulle
900 1164 1010 1224 nostre
1034 1158 1130 1225 nobis
1153 1157 1360 1243 presentanit
1384 1176 1485 1242 super

351 1269 426 1358 ipsa
440 1273 527 1334 terra
536 1266 669 1352 Heyreh
681 1287 752 1333 cnm
769 1266 837 1333 suis
853 1265 1073 1352 pertineneiJs,
1092 1271 1125 1332 et
1140 1264 1325 1332 aliaLuder
1341 1265 1484 1348 nomine,

352 1375 502 1444 similiter
518 1395 591 1442 cnm
607 1374 675 1443 suis
701 1374 922 1461 pertinencijs‚
950 1393 1032 1459 quas
1052 1372 1188 1460 predicti
1205 1373 1364 1458 Magister
1379 1371 1486 1458 Phyle

351 1490 384 1550 et
399 1482 516 1552 fratres
533 1483 583 1550 sui
598 1483 632 1550 in
643 1481 898 1552 commutacione
908 1489 1057 1569 receptas
1068 1481 1301 1568 possidebant3
1324 1487 1357 1549 et
1372 1500 1486 1568 qnam·

351 1592 403 1659 uis
418 1591 609 1678 Prepositus
625 1595 657 1658 et
674 1589 792 1657 iratres
820 1589 871 1658 sui
887 1588 1068 1675 supradicti
1084 1589 1168 1656 satis
1191 1589 1361 1656 euidenter
1385 1595 1419 1656 et
1435 1608 1487 1654 ra-

351 1698 557 1768 cionabiliter
567 1697 791 1766 declarassent
800 1697 1008 1784 priuilegium
1020 1705 1166 1766 nostrum
1177 1696 1387 1782 antedictum,
1405 1697 1488 1782 quia

352 1815 472 1891 tamem
499 1813 533 1873 nt
548 1805 679 1894 plenius
703 1811 841 1893 apareat
857 1824 958 1873 eausa
974 1804 1188 1872 alienationis
1211 1809 1372 1871 terramm
1393 1825 1415 1870 a
1431 1803 1489 1872 do·

353 1914 442 1982 mino
457 1933 527 1999 sno,
554 1912 631 1999 quia
647 1915 730 1980 sicut
746 1913 873 1997 dicitur,
898 1914 1022 1981 veritas
1046 1912 1157 2000 sepius
1181 1915 1353 1997 exagitata
1377 1911 1489 1996 magis

354 2020 553 2108 splendescit
577 2019 611 2085 in
636 2020 752 2106 lucem,
778 2020 821 2088 ad
837 2020 1040 2108 probandam
1067 2029 1099 2088 et
1123 2018 1362 2087 excludendam
1387 2016 1489 2085 huius

354 2127 402 2194 rei
427 2127 676 2215 ambiguitatem
701 2127 828 2194 litteras
853 2126 996 2215 Capituli
1021 2125 1424 2212 Quinque-Ecclesiamm,
1453 2125 1490 2192 in

355 2235 472 2319 quibus
497 2234 619 2302 factum
641 2231 797 2301 indicium
811 2241 958 2304 nostrum
973 2238 1166 2322 continetur,
1192 2233 1280 2320 quod
1295 2240 1328 2303 et
1342 2254 1402 2302 nos
1420 2254 1489 2302 me

355 2343 517 2431 minimus,
535 2341 621 2410 idem
636 2342 825 2430 Prepositus
842 2343 989 2412 exhibuit
1004 2342 1038 2412 in
1053 2345 1140 2412 hune
1156 2342 1306 2413 modum:

462 2452 640 2519 Furcasius
651 2452 840 2538 Prepositus
851 2450 1211 2538 Quinqueecclesiensis
1227 2451 1289 2520 stb.
1307 2449 1405 2539 (mint
1420 2449 1492 2519 fen·

356 2560 433 2628 tebb
452 2561 504 2628 72.
522 2581 567 2628 sa.
584 2561 630 2646 a.)

463 2668 532 2737 llos
542 2668 642 2754 igitur
653 2669 714 2754 hys
731 2678 763 2736 et
779 2669 856 2755 alijs
865 2668 995 2757 plenius
1011 2669 1198 2758 intellectis,
1214 2675 1248 2737 et
1257 2667 1400 2737 maxime
1415 2688 1493 2736 cum

357 2797 517 2846 memores
529 2796 675 2844 essemus
691 2778 866 2845 uerborum
876 2776 1044 2846 karissimi
1059 2776 1170 2845 fratris
1188 2775 1405 2861 nostriRegis
1420 2776 1493 2845 iam

358 2883 447 2969 dieti,
465 2885 520 2970 qui
530 2885 751 2972 personaliter
765 2885 866 2973 pecijt
882 2885 1006 2953 anobis
1027 2887 1310 2954 confirmacionem
1319 2892 1406 2952 terre
1420 2884 1494 2952 iam

358 2991 444 3059 dicte
458 2991 662 3077 aliarumque
687 2999 847 3060 terrarum
863 3011 1006 3080 suarum,
1029 2993 1147 3080 cuique
1168 2991 1301 3062 eredere
1317 2992 1493 3061 debuimus

357 3105 390 3168 et
406 3098 562 3168 debemus
578 3101 771 3188 peremnia,
797 3107 1046 3188 respectumque
1071 3100 1231 3169 habentes
1252 3098 1295 3168 ad
1320 3101 1494 3169 confirma·

359 3209 485 3276 cionem
500 3228 601 3276 auree
616 3209 713 3295 bulle,
742 3228 804 3293 qne
819 3209 948 3277 nonnisi
965 3217 1132 3296 comperta
1149 3208 1290 3276 ueritate
1305 3215 1339 3276 et
1353 3209 1497 3296 propria

357 3315 478 3384 noticia
493 3315 598 3400 Regia
613 3316 685 3384 dari
702 3317 879 3403 consueuit,
896 3317 1078 3403 predictam
1103 3326 1224 3388 terram
1240 3335 1314 3384 cnm
1336 3316 1404 3383 suis
1420 3336 1495 3404 per-

359 3422 510 3508 tinenciis
525 3423 659 3508 Heyrnh
674 3425 805 3494 nomine
821 3425 1010 3512 supradicto
1025 3426 1130 3512 Phyle
1149 3424 1321 3512 Preposito
1337 3432 1369 3492 et
1384 3423 1495 3492 fratri-

359 3531 421 3597 bus
438 3528 518 3616 suis,
543 3529 698 3618 quoniam
713 3531 785 3600 iura
810 3533 955 3620 ipsorum
974 3532 1098 3600 exibita
1124 3533 1173 3601 rei
1191 3530 1328 3620 apciora
1353 3537 1386 3599 et
1410 3551 1495 3600 uero

358 3638 560 3727 proximiora
575 3640 787 3728 inspeximus,
812 3639 1202 3728 eonsensujobagionum
1227 3648 1411 3708 nostrorum
1434 3639 1497 3706 ad-

359 3746 576 3816 iudicauimus
602 3754 635 3815 et
660 3750 935 3819 sentenciauimus
960 3751 1030 3819 iure
1054 3756 1214 3838 perpetuo
1245 3747 1496 3836 possidendam,

359 3853 505 3944 predicto
522 3855 705 3927 Bertramio
730 3859 859 3928 nomine
884 3859 994 3928 uxoris
1020 3878 1079 3926 sue
1101 3863 1295 3946 perpetuum
1319 3855 1498 3926 silencium

359 3966 573 4053 imponentes.
599 3964 748 4034 Ceterum
763 3972 796 4034 et
812 3967 873 4036 hoc
898 3975 1013 4055 patere
1036 3967 1189 4036 uolumus
1205 3966 1381 4054 uniuersis,
1404 3965 1497 4052 quod

360 4094 433 4142 cnm
458 4075 558 4141 multe
582 4094 691 4160 ymmo
715 4075 854 4163 plurime
872 4083 957 4143 terre
974 4083 1006 4144 et
1030 4075 1268 4164 possessiones,
1295 4094 1379 4160 quas
1401 4075 1498 4163 prins

359 4182 454 4251 fratri
470 4189 583 4252 nostro
608 4181 784 4252 karissimo
801 4182 1043 4253 contuleramus
1068 4185 1129 4252 sub
1155 4183 1304 4271 predicta
1327 4184 1498 4252 confirma·

360 4291 453 4359 aione
469 4291 558 4359 bulle
575 4311 673 4359 auree
697 4300 819 4377 nostre,
845 4312 910 4379 que
925 4313 1028 4378 usque
1044 4292 1088 4360 ad
1104 4292 1229 4362 obitum
1257 4292 1363 4380 ipsius
1382 4292 1497 4361 fratris

359 4398 463 4470 nostri
478 4418 537 4487 per
555 4398 693 4466 eundem
709 4420 775 4468 non
799 4401 930 4469 inerant
945 4401 1095 4468 ordinate
1120 4401 1175 4468 uel
1190 4400 1313 4469 donate
1334 4399 1431 4486 alias,
1459 4408 1496 4470 et

360 4529 422 4596 qne
437 4509 505 4575 iam
521 4507 728 4592 exigentibus
751 4509 897 4596 peccatis
913 4508 1034 4578 nostris
1050 4509 1122 4596 ipso
1138 4509 1227 4577 niam
1243 4506 1398 4576 vninerse
1421 4527 1493 4576 car-

359 4618 411 4686 nis
427 4618 577 4703 ingresso
601 4615 646 4685 ad
661 4635 721 4686 nos
737 4624 813 4687 snnt
831 4616 994 4703 deuolute,
1019 4616 1281 4703 continerentnr3
1307 4635 1367 4684 nos
1383 4617 1496 4703 ipsam
