3210 5194
909 250 970 316 126

375 453 460 522 cium
485 451 637 519 noticiam
662 448 823 518 habituris
849 449 985 516 salutem
1011 456 1043 514 et
1059 469 1154 516 omne
1181 452 1310 519 bonum.
1336 451 1501 518 Noueriut

374 561 527 643 uniuersi,
553 557 670 644 quihus
696 557 778 623 scire
803 557 991 642 expedierit,
1018 555 1103 641 quod
1129 577 1201 624 cum
1228 566 1332 627 terras
1348 559 1501 626 Johancc

374 668 432 753 sdij
451 666 594 753 Georgij,
622 665 807 731 decedentis
832 665 901 731 sine
916 664 1046 749 herede,
1063 667 1192 733 nomine
1216 669 1354 752 Mycola,
1380 667 1501 750 Maria,

374 778 523 844 cumsuis
534 773 744 862 pertinencijs
756 773 919 857 scrineis,
938 772 980 840 ad
995 773 1190 860 peticionem
1205 776 1373 842 karissimi
1384 775 1500 840 hauris

373 885 475 954 nostri
491 883 635 972 piissime
650 881 889 948 recordacionis
906 883 1004 966 Regis
1022 882 1202 968 Colomani,
1221 885 1403 952 dilectione
1420 884 1500 949 fide·

373 992 458 1059 libus
489 989 609 1060 noshis
634 989 716 1075 Tyle
741 988 911 1074 Preposito
941 989 1154 1074 Zagrabiensi
1187 997 1219 1056 et
1244 993 1311 1058 suis
1342 990 1500 1058 fratribus

373 1099 496 1168 Thomc
521 1098 638 1168 comiti
662 1103 696 1162 et
710 1098 806 1162 Petro
831 1097 1097 1182 contulissemus;
1124 1099 1267 1165 Thomas
1292 1098 1376 1165 filius
1403 1099 1500 1164 Lam-

373 1209 457 1295 perti
473 1215 506 1275 et
522 1207 580 1292 aiij
597 1206 638 1271 de
662 1205 877 1290 generosiore
896 1227 965 1292 sua,
992 1227 1051 1274 nec
1066 1228 1131 1272 non
1145 1207 1362 1294 Wyneenoius
1377 1211 1499 1293 Prepo-

372 1317 453 1385 situs
469 1322 502 1383 et
516 1315 632 1398 Bagyn
648 1332 707 1399 pro
724 1311 790 1380 filio
806 1313 936 1379 Martini
952 1313 1058 1379 mariti
1075 1315 1196 1381 sororis
1213 1333 1324 1381 eorum
1342 1313 1381 1380 de
1397 1333 1496 1398 gene-

371 1426 503 1491 racione
518 1419 633 1489 eadem
649 1421 692 1486 ad
706 1439 766 1487 nos
782 1420 974 1487 accedentes
990 1422 1023 1487 in
1039 1421 1247 1506 querimoniis
1265 1429 1497 1510 exposuerunt,

372 1532 461 1619 quod
486 1529 650 1617 predictus
667 1529 825 1615 Magister
840 1529 923 1615 Tylo
948 1535 980 1595 et
997 1529 1113 1598 fratres
1131 1533 1180 1598 sui
1206 1538 1310 1598 renas
1328 1527 1498 1616 supradic-

369 1649 421 1707 tas
437 1639 542 1707 minus
558 1639 643 1706 iuste
659 1637 845 1724 peciissent‚
863 1657 935 1704 cum
950 1642 1035 1704 terre
1049 1638 1104 1705 ille
1120 1639 1232 1724 pocius
1249 1637 1292 1704 ad
1309 1657 1376 1721 eos,
1393 1657 1497 1720 quam

371 1748 415 1814 ad
432 1748 516 1815 alios
534 1753 715 1832 extraneos,
733 1745 861 1814 deuolui
878 1743 1074 1816 debuissent.
1100 1747 1169 1814 Nos
1185 1745 1291 1832 igitur,
1313 1763 1385 1811 cum
1410 1743 1498 1811 nulli

371 1856 403 1920 in
421 1855 491 1921 iure
518 1873 575 1920 svo
592 1852 705 1920 deesse
722 1850 911 1938 debeamus,
939 1854 1143 1940 supradictos
1167 1855 1358 1939 Magistrum
1374 1852 1495 1938 Fylam

371 1969 404 2030 et
418 1963 535 2030 fratres
560 1980 636 2028 suos
653 1960 695 2027 ad
712 1966 855 2028 nostram
880 1961 1081 2049 presenciam
1101 1963 1235 2030 fecimus
1261 1962 1410 2047 euocari;
1436 1961 1496 2044 qui

371 2073 620 2154 comparuerunt
644 2065 767 2132 eisdem
792 2068 898 2152 parati
925 2067 1129 2154 respondere.
1158 2068 1186 2133 A
1212 2067 1339 2153 quibus,
1365 2068 1497 2136 Thomu

369 2175 524 2244 videlicet
549 2181 580 2240 et
598 2173 673 2258 ulijs
689 2193 729 2240 ex
745 2194 810 2240 vua
826 2183 928 2260 parte,
954 2195 992 2241 ac
1008 2177 1178 2262 Preposito
1195 2183 1227 2242 et
1247 2177 1314 2243 suis
1334 2174 1495 2242 iratribus

370 2303 411 2350 ex
427 2282 540 2362 altera,
560 2300 631 2347 cum
647 2279 788 2366 plurima
803 2278 943 2347 fuissent
959 2281 1120 2367 allegata;
1141 2282 1272 2350 tandem
1287 2283 1495 2368 prenomina-

367 2399 420 2459 tus
436 2389 591 2472 Thomas,
619 2395 651 2454 et
667 2386 735 2470 alij,
753 2387 807 2470 qui
833 2407 904 2454 cum
922 2408 960 2456 eo
975 2397 1077 2472 eraut,
1102 2395 1207 2457 terras
1232 2397 1495 2477 prememoratas

365 2497 476 2566 fratris
503 2517 613 2564 eorum
628 2495 775 2562 Johance
792 2495 862 2562 fore
879 2495 1048 2582 empticius
1073 2504 1147 2564 suut
1171 2497 1330 2582 confessi,
1357 2517 1379 2562 a
1393 2498 1493 2564 nohis

367 2609 399 2673 iu
421 2607 497 2691 jure
522 2603 677 2687 requisiti.
703 2601 792 2680 Quas
818 2624 877 2671 uos
903 2623 975 2670 cum
1001 2624 1040 2671 ex
1064 2605 1200 2690 antiqua
1223 2605 1492 2691 predecessorum

368 2719 551 2782 nostrorum
578 2731 616 2777 ac
632 2711 736 2795 Regni
761 2711 992 2778 consuetudine
1010 2713 1041 2778 in
1066 2712 1250 2781 huiusmodi
1275 2713 1371 2779 terris
1396 2710 1492 2778 dece-

369 2820 519 2888 denoium
535 2819 605 2886 sine
614 2819 705 2905 prole
715 2818 927 2904 conserendis,
938 2819 1067 2904 plenam
1077 2821 1270 2888 haberemus
1281 2825 1490 2906 potestatem,

366 2929 541 3017 sepedictis
565 2926 721 3013 Magistro
738 2926 820 3010 Tyle
846 2935 878 2993 et
897 2927 965 2994 suis
990 2928 1142 2996 fratribus
1167 2951 1208 2996 ex
1232 2937 1321 2996 certa
1347 2929 1492 2997 sciencia

366 3037 560 3104 contulimus
585 3040 741 3122 perpetuo
766 3035 903 3121 pacifice
919 3036 1144 3121 possidendas.
1172 3039 1214 3103 Vt
1230 3043 1338 3103 autem
1357 3036 1419 3102 hec
1434 3057 1490 3103 uo-

365 3154 436 3215 stra
461 3141 599 3211 donacio
630 3141 711 3228 ipsis
737 3147 893 3228 perpetuo
920 3151 1105 3227 perseueret
1130 3144 1333 3228 inconcussa,
1359 3144 1490 3210 neceb

364 3254 474 3339 aliquo
490 3253 690 3339 inposterum
706 3269 804 3336 super
819 3250 934 3318 eadem
958 3251 1132 3335 inquietari
1148 3252 1257 3320 ualeat
1273 3253 1327 3320 uel
1343 3255 1467 3321 moueri
1480 3279 1488 3340 ς

365 3367 535 3447 presentes
561 3357 685 3425 eisdem
711 3359 929 3426 concessimus
954 3358 1078 3428 litteras
1094 3361 1127 3426 in
1143 3362 1237 3428 huius
1263 3360 1309 3427 rei
1329 3361 1489 3428 stabilitu-

364 3477 440 3552 tem,
458 3465 598 3553 duplicis
615 3465 715 3552 sigilli
730 3467 832 3534 nostri
849 3468 1023 3535 munimine
1045 3471 1201 3556 perhenni
1219 3470 1333 3537 robore
1348 3491 1488 3537 commu-

364 3576 461 3642 nitas.
478 3575 598 3639 Datum
614 3572 702 3659 apud
716 3573 851 3640 Pontem
862 3574 1011 3660 Mauricij
1028 3595 1086 3660 per
1101 3596 1215 3644 manus
1233 3575 1342 3643 dilecti
1354 3596 1394 3642 ac
1411 3576 1490 3644 fide·

364 3684 405 3749 lis
429 3679 533 3747 nostri
558 3679 707 3763 Magistri
722 3681 891 3748 Benedicti
915 3682 1076 3767 Prepositi
1099 3682 1251 3750 Albensis
1275 3684 1349 3750 aule
1375 3690 1489 3751 nostre

363 3788 560 3873 Cancellarij
578 3807 663 3855 anno
689 3789 732 3854 ab
748 3789 983 3856 Incarnaoione
999 3791 1130 3858 Domini
1146 3789 1316 3859 millesimo
1336 3791 1489 3858 dueente-

363 3899 445 3968 simo
462 3897 534 3963 XL⁰
544 3897 609 3982 11⁰„
628 3897 666 3962 V.
684 3916 788 3964 nonas
799 3895 949 3966 Octobris
965 3898 1069 3982 Regni
1085 3903 1192 3966 autem
1211 3899 1314 3967 nostri
1334 3917 1420 3966 anno
1438 3919 1488 3966 se·

361 4009 472 4096 ptimo.

361 4205 498 4274 (Ercdstie
521 4199 693 4270 bdrhdrtyiu,
717 4203 836 4271 apecsdt
848 4205 975 4259 tdredhhe
988 4203 1312 4276 vdrbssdrga·uiolasaiud
1333 4207 1487 4274 solyemzsi-

573 4293 657 4347 ndron
672 4294 740 4360 ittgg
753 4309 770 4346 a
783 4295 866 4350 budsi
880 4298 932 4350 hir.
946 4299 1068 4352 humarai
1080 4296 1268 4368 leveltdrhan.)

792 4583 1055 4598 Μ
