3252 5198
873 311 1028 412 ..ffi-

388 509 605 597 portariorum
622 507 732 592 Regis,
758 506 813 572 vbi
829 508 1045 572 terminantur
1070 511 1155 571 mete
1171 504 1257 570 diete
1279 509 1373 570 terre.
1400 503 1524 570 Aotum

388 617 429 682 ab
455 615 689 683 Inoamaeione
713 614 845 681 Domini
873 635 960 681 anno
985 613 1158 681 millesimo
1190 610 1411 680 ducentesimo
1439 610 1527 676 triee

387 723 469 791 simo
486 729 613 792 ootauo.

389 919 492 988 (Merop
504 919 607 988 mihaly
619 918 719 986 uir-slyr
732 917 903 986 szemdiJndk
916 917 984 971 tltal
997 918 1159 972 hitelosr'tett
1173 920 1284 970 rues-ki
1297 914 1408 970 octavas
1421 914 1518 968 dtirat-

659 1011 712 1072 bbi,
726 1025 743 1060 a
755 1011 837 1062 budai
850 1011 900 1061 kir.
914 1011 1035 1061 kamarai
1047 1007 1237 1074 laveltarban)

819 1298 1084 1308 *—

926 1740 982 1807 41.

393 1925 457 1990 Pet
466 1923 637 2010 febdrodri
645 1921 783 2008 fdispdrs
799 1924 831 1986 eo
841 1945 863 1986 a
878 1920 984 2008 surely
1001 1919 1403 1986 distribuentium
1420 1921 1527 1988 stetero

393 2031 538 2119 biaouyoa
548 2031 788 2118 fridddirtobrdi,
804 2053 825 2094 α
841 2027 1003 2095 bdrureudi
1018 2028 1171 2114 varrusque
1181 2052 1197 2092 o
1208 2029 1300 2094 Buzo
1317 2033 1347 2096 es
1362 2030 1528 2095 erdedetdr·

822 2139 873 2202 sai
887 2137 966 2202 ko'zt.
992 2138 1091 2200 1238.

502 2334 623 2400 Paulus
641 2335 758 2401 Comes
773 2329 929 2400 Albensis
945 2333 1094 2399 omnibus
1120 2332 1364 2417 quibuscunque
1387 2354 1528 2420 presens

396 2445 552 2531 seriptum
578 2448 744 2510 ostensum
759 2441 856 2509 fuerit
871 2442 1010 2508 salutem
1026 2442 1060 2507 in
1076 2441 1191 2508 salutis
1207 2441 1373 2527 largitore.
1395 2442 1529 2510 Notioie

397 2549 538 2618 omnium
563 2556 632 2615 tam
647 2549 851 2636 presencium
868 2568 966 2632 quarn
981 2548 1161 2615 futurorum
1181 2550 1412 2635 significamus,
1437 2550 1530 2634 quod

398 2681 470 2727 oum
486 2679 545 2726 nos
562 2665 715 2744 preoepto
736 2657 859 2725 domini
874 2657 954 2723 Bele
970 2657 1068 2743 Regis
1084 2664 1204 2724 terram
1217 2660 1409 2744 populorum
1425 2659 1529 2742 Regis

399 2769 440 2834 de
455 2768 537 2833 uilla
548 2765 719 2852 Curmend,
737 2767 791 2851 qui
807 2766 953 2852 hospites
964 2766 1064 2849 Regis
1081 2765 1240 2852 dicuntur,
1260 2764 1373 2833 ordine
1387 2766 1530 2851 judioia-

399 2877 446 2944 rio
463 2876 633 2943 restituere
645 2873 880 2959 debuissemus,
894 2873 982 2939 Buza
992 2878 1026 2939 et
1036 2871 1234 2956 Alexander,
1252 2873 1380 2959 Oozrna,
1392 2873 1529 2957 Miohal,

398 2986 544 3066 (iazmer,
570 2982 686 3064 Jacob,
712 2981 821 3046 Endre
846 2980 879 3046 in
904 2988 1017 3048 nostra
1042 2981 1213 3066 presencia
1238 2985 1358 3046 terram
1389 2981 1529 3047 duorum

401 3098 584 3158 aratrorum
599 3088 640 3155 de
656 3088 786 3176 populis
803 3089 844 3155 de
860 3087 1009 3175 predicta
1024 3089 1105 3154 uilla
1121 3087 1283 3155 Ourmend
1296 3087 1527 3174 requisierunt,

397 3205 615 3286 proponentes
632 3202 743 3263 eontra
758 3197 898 3283 populos
916 3197 1027 3281 sepius
1043 3195 1158 3280 dietus,
1177 3197 1264 3279 quod
1272 3201 1393 3261 terram
1411 3215 1526 3262 eorum

399 3307 629 3374 hereditariam
654 3306 814 3374 uiolenter
840 3306 1034 3372 detinerent.
1061 3306 1178 3392 Populi
1194 3325 1271 3372 uero
1296 3305 1337 3371 de
1356 3304 1435 3372 uilla
1451 3304 1531 3369 Our-

400 3414 497 3482 mend
522 3416 601 3481 uiris
629 3415 906 3501 supranominatis
932 3415 1117 3481 obiciebant
1142 3414 1299 3501 dieentes,
1327 3414 1415 3498 quod
1438 3420 1532 3478 terra

401 3523 469 3607 illa,
496 3543 593 3606 quam
609 3522 756 3590 homines
781 3523 902 3609 prefati
920 3523 1138 3609 requirebant,
1163 3530 1250 3591 esset
1274 3529 1363 3588 terra
1387 3528 1531 3589 austren-

400 3631 484 3697 sium
501 3630 541 3696 de
566 3629 646 3696 uilla
662 3633 782 3718 Lapsa.
808 3632 849 3698 Et
865 3651 937 3697 oum
953 3651 1014 3698 nos
1029 3632 1073 3698 ad
1098 3639 1218 3699 terram
1234 3634 1344 3716 Lapsa
1363 3629 1531 3717 peruenis-

403 3757 522 3821 semus,
549 3745 581 3804 et
605 3745 724 3804 terram
750 3738 841 3805 illam
856 3739 1095 3826 oirouissemus,
1112 3741 1200 3805 Buza
1216 3745 1248 3804 et
1273 3740 1391 3805 fratres
1407 3737 1458 3804 sui
1476 3757 1531 3804 su-

403 3845 513 3934 perius
529 3846 687 3913 nominati
712 3847 807 3914 nobis
828 3866 942 3915 uersus
967 3853 1087 3914 terram
1103 3850 1214 3933 Lapsa
1236 3867 1374 3930 magnas
1399 3852 1432 3912 et
1448 3847 1533 3912 anti·

402 3973 485 4038 quas
510 3960 613 4020 metas
630 3953 910 4042 demonstrarunt,
936 3957 1084 4023 similiter
1101 3963 1133 4022 et
1147 3955 1262 4043 populi
1288 3955 1330 4020 de
1353 3954 1434 4020 uilla
1449 3953 1530 4019 Cur-

404 4061 499 4128 mend
515 4080 629 4129 uersus
645 4067 766 4129 terram
776 4063 863 4130 Buze
876 4070 979 4131 metas
990 4063 1262 4146 demonstrarunt,
1280 4061 1339 4130 sed
1355 4061 1444 4128 solas
1460 4082 1530 4128 non

403 4169 507 4236 binas.
525 4171 567 4234 ut
581 4188 654 4235 oum
669 4190 729 4237 nos
745 4191 806 4256 per
830 4171 1147 4240 demonstraoionem
1162 4173 1330 4253 utriusque
1349 4170 1454 4255 partis
1469 4176 1533 4236 ter-

403 4296 474 4342 ram
490 4275 581 4341 illam
606 4276 878 4363 oirouiuissemus,
904 4280 1132 4346 terramillam
1149 4279 1274 4347 duobus
1301 4278 1421 4345 aratris
1439 4267 1533 4343 ‘suffi-

403 4403 476 4451 eere
490 4382 711 4468 cognouimus.
736 4385 779 4450 Et
793 4386 854 4451 heo
869 4391 940 4451 erat
955 4385 1038 4470 inter
1054 4386 1176 4452 Buram
1200 4391 1233 4452 et
1247 4385 1366 4452 fratres
1391 4405 1468 4452 suos
1487 4404 1531 4450 ex

404 4498 497 4577 parte
513 4510 579 4556 una
594 4495 772 4577 oontenoio,
799 4493 887 4577 quod
903 4492 961 4559 illa
975 4498 1064 4559 terra
1080 4515 1139 4579 per
1155 4500 1259 4561 metas
1276 4513 1390 4561 uersus
1405 4500 1530 4560 terram

404 4601 516 4685 Lapsa
531 4598 668 4682 leuatae,
685 4595 771 4666 ess'et
786 4597 830 4666 ad
845 4620 938 4666 usum
954 4599 1099 4687 ipsorum
1116 4600 1290 4686 distinota;
1316 4600 1430 4688 populi
1447 4619 1528 4668 uero
