3210 5194
641 843 697 911 65.

97 1014 157 1082 IV.
176 1016 259 1082 Belo
275 1020 454 1108 lcr'rcilyrralt
475 1024 704 1110 prr'rilcpt'umo
727 1051 748 1090 a
769 1026 857 1091 burri
883 1029 1034 1115 nerrdo'pelc
1062 1031 1231 1118 (lrospt'trr)

480 1133 686 1220 szatadsu'ptt
697 1134 735 1198 o'l.
760 1137 855 1200 1240.

202 1328 288 1395 Bela
313 1329 376 1395 Dei
401 1329 516 1413 gracia
541 1330 701 1414 Vngarie,
728 1331 911 1415 Dalmacie,
938 1333 1088 1418 Croaoie,
1116 1336 1228 1418 Rama,

95 1433 217 1520 Seruie,
239 1437 393 1518 Gallicis,
409 1437 602 1505 Lodomerie
613 1437 836 1525 Cumanicquo
852 1443 922 1508 Rex
941 1443 1091 1511 omnibus
1108 1443 1229 1510 Christi

94 1541 251 1611 fidelibus
277 1565 416 1630 presens
438 1545 594 1630 scriptum
621 1546 816 1630 inspecturis
842 1548 981 1614 salutem
1008 1555 1039 1614 et
1055 1569 1150 1616 omne
1175 1551 1228 1618 bo-

92 1671 179 1718 nurn.
197 1651 310 1718 Tanto
325 1651 428 1737 Regia
439 1650 648 1720 celsitudinis
665 1655 736 1719 alta
755 1655 970 1740 prouidentia
980 1677 1020 1722 ac
1035 1656 1228 1741 prouidendi

92 1761 256 1829 discrecio
268 1763 444 1846 magnifica
455 1761 495 1828 de
512 1769 598 1828 statu
616 1773 647 1828 et
659 1763 799 1828 vtilitate
816 1763 979 1849 hospitum
995 1764 1029 1830 in
1046 1784 1103 1832 suo
1114 1766 1226 1848 Regno

92 1869 373 1937 commoraneium
391 1869 562 1955 benignius
573 1869 671 1936 debet
687 1868 853 1955 ordinare;
874 1878 996 1956 quanto
1013 1872 1082 1956 iugi
1099 1872 1225 1939 illorum

89 1978 256 2046 famulatu
274 1979 387 2046 honori
404 1977 507 2063 Regio
522 1978 712 2065 oportunius
727 1979 892 2046 assistitur
908 1979 1045 2065 opnione
1062 1979 1226 2046 seruiendi

89 2086 255 2173 pleniore.
282 2087 464 2174 llapropter
488 2086 531 2154 ad
557 2087 710 2155 noticiam
735 2089 961 2154 vniucrsorum
984 2088 1131 2154 volumus
1156 2107 1226 2172 per·

88 2194 216 2276 uenire,
234 2194 321 2278 quod
333 2195 525 2262 accedentes
534 2195 578 2262 ad
594 2203 739 2263 nostram
756 2195 958 2282 presentiam
968 2195 1113 2281 hospites
1123 2195 1225 2261 nostri

88 2312 158 2370 tam
176 2303 332 2386 Hungari
349 2322 447 2385 quam
463 2301 634 2370 Teutonici
649 2303 684 2370 in
700 2303 855 2370 suburbio
872 2303 971 2368 castri
986 2303 1027 2369 de
1042 2303 1125 2371 Bors
1141 2321 1223 2368 oom-

87 2418 273 2497 morantes,
289 2411 488 2479 unanimiter
512 2419 544 2478 et
561 2411 725 2480 humiliter
742 2412 837 2480 nobis
848 2411 1082 2500 supplicarunt,
1109 2419 1144 2478 ut
1163 2430 1223 2476 nos

86 2527 215 2588 statum
226 2520 413 2603 eorundem,
431 2521 570 2604 qualiter
587 2523 662 2588 etin
679 2520 902 2605 quibusnobis
919 2519 1103 2586 autComiti
1117 2519 1223 2586 Castri
1349 2599 1355 2616 .

86 2627 262 2696 desereire
279 2634 460 2714 teneantur,
486 2627 637 2696 ordinare
653 2639 685 2698 et
701 2629 884 2697 ordinatum
909 2629 1091 2715 exprimere
1107 2628 1220 2714 digna·

85 2758 211 2804 remur.
229 2737 299 2803 Nos
316 2736 415 2820 igitur
433 2737 575 2822 ipsorum
592 2737 787 2824 peticionem
797 2737 1030 2804 racionabilem
1050 2742 1082 2803 et
1096 2735 1219 2817 vtilcm,

86 2853 118 2912 et
135 2845 277 2913 honoris
292 2844 389 2928 Regij
407 2844 608 2911 commodum
625 2846 866 2929 contingentem
887 2842 1104 2928 attendentes,
1122 2844 1220 2910 talem

86 2953 134 3020 eis
153 2951 381 3018 concessimus
396 2950 591 3036 libertatem,
619 2958 654 3017 vt
670 2953 763 3020 nobis
781 2952 1003 3039 expedicionis
1019 2960 1129 3021 nostre
1144 2958 1220 3018 tem-

87 3079 172 3147 pore
188 3059 326 3126 militem
353 3078 452 3126 unum
468 3060 664 3126 ornamentis
691 3061 885 3128 militaribus
908 3062 1043 3129 honeste
1068 3080 1220 3145 prepara-

87 3179 158 3236 tum
176 3188 219 3235 ex
237 3175 366 3234 centum
392 3166 619 3234 mansionibus
634 3167 760 3235 mittere
781 3173 963 3251 tencantur,
988 3169 1030 3235 ad
1046 3167 1138 3233 nulla
1154 3166 1220 3232 alia

87 3296 149 3362 pro
166 3275 267 3343 nobis
283 3272 431 3357 obligati.
455 3272 573 3340 Comiti
589 3293 667 3340 vero
684 3273 792 3341 (lastri
807 3274 908 3342 semel
923 3279 1049 3341 tantum
1065 3273 1099 3340 in
1123 3293 1218 3356 anno,

86 3383 247 3450 videlieet
278 3381 312 3446 in
341 3379 523 3446 Natiuitate
547 3380 677 3448 Domini
702 3403 801 3448 vnum
832 3381 989 3468 pecudem
1019 3380 1219 3469 pascualem,

86 3497 220 3557 eentum
236 3507 353 3574 panes,
369 3487 539 3555 duodecim
556 3488 711 3576 gallinas,
727 3488 899 3558 duodecim
919 3491 1054 3556 cubulos
1070 3486 1217 3570 oeruisie,

86 3607 121 3666 et
146 3598 297 3684 quelibet
321 3596 562 3663 marsicanum
579 3597 731 3664 eubulum
757 3618 885 3665 annone
908 3598 987 3664 dare
1014 3595 1217 3662 tenebuntur.

86 3709 171 3774 ltem
187 3705 351 3788 volumus,
378 3703 466 3788 quod
481 3703 515 3769 in
532 3703 642 3770 causis
668 3703 801 3770 minutis
822 3723 918 3772 asuo
942 3701 1145 3770 solummodo
1161 3701 1219 3767 ril-

84 3816 152 3882 lieo
168 3814 211 3881 de
221 3810 384 3878 communi
401 3807 576 3878 eorundem
593 3829 752 3878 consensu
763 3810 913 3878 ordinato
926 3809 1126 3891 iudicentur;
1144 3829 1217 3873 cau-

87 3945 160 3992 sam
176 3929 298 4004 autem,
326 3939 388 4003 que
405 3918 448 3985 ad
464 3917 634 4004 sanguinis
651 3917 852 4000 effusionem,
878 3920 930 3983 ucl
948 3915 1163 4002 perdicionem
1181 3916 1216 3980 li-

86 4031 227 4098 bertatis
244 4027 383 4095 alicuius
401 4045 535 4112 uergere
551 4026 666 4112 possit,
684 4025 801 4092 Comes
817 4023 922 4090 (lustri
938 4028 1090 4108 presente
1105 4021 1214 4086 villico

85 4140 258 4207 iudicabit.
275 4137 492 4206 Concedimus
508 4137 622 4220 eciam,
639 4145 674 4202 vt
689 4135 722 4200 in
739 4131 908 4218 presencia
924 4129 1065 4196 Ourialis
1081 4126 1215 4194 Comitis

84 4247 287 4334 respondere
313 4245 347 4312 in
363 4246 452 4313 nullo
468 4249 646 4311 tencantur.
674 4244 755 4308 ltem
772 4239 805 4306 in
826 4238 996 4324 presencia
1021 4235 1137 4302 indicis
1163 4255 1215 4300 ex-

85 4356 190 4422 tranei
215 4355 310 4422 nulla
326 4371 460 4439 prorsus
476 4371 535 4436 pro
563 4367 664 4414 causa
680 4347 808 4433 possint
834 4343 1012 4428 conueniri,
1038 4341 1098 4410 sed
1113 4342 1142 4407 si
1158 4342 1214 4409 Co·

87 4483 155 4530 mes
181 4469 241 4530 aut
265 4461 399 4530 villicus
425 4458 523 4526 alicui
550 4456 590 4524 de
615 4454 783 4522 extraneis
806 4452 917 4536 agenti
943 4455 1054 4516 contra
1077 4449 1166 4535 ipsos
1181 4447 1214 4514 in

84 4571 237 4640 facienda
263 4568 397 4638 iusticia
422 4567 593 4652 negligens
620 4563 717 4632 inerit
743 4569 801 4632 aut
816 4560 979 4644 remissus,
1006 4557 1077 4644 ipse
1106 4577 1214 4624 coram
