3186 5188
865 368 1017 466 .,,-,1.8,.4,,

375 590 492 639 uersus
520 565 689 636 meridiem
713 565 871 634 adiuuem
896 563 988 632 ourie
1012 569 1195 651 pretaxato,
1221 561 1376 649 superius
1401 566 1528 627 nutem

376 698 492 747 uersus
519 677 679 746 orientem
703 682 772 742 tum
786 673 820 740 in
836 673 922 740 silue
947 692 1046 758 quem
1062 671 1096 737 iu
1115 677 1210 756 preto
1235 671 1342 759 portis
1361 668 1529 756 Dyonisi,

377 790 453 854 Isou
470 791 503 851 et
517 804 632 854 soorus
648 803 709 852 sua
724 780 861 850 teroiem
881 780 1004 848 hebent
1019 779 1140 866 ubique
1164 786 1198 846 et
1212 780 1246 846 in
1277 778 1432 847 omnibus
1447 797 1529 863 por·

378 895 515 963 eionem.
540 893 582 959 Vt
596 892 696 978 iffl'tur
712 892 773 959 heo
789 888 986 976 composicio
1003 893 1223 956 eonsentunou
1243 893 1319 954 rete
1334 886 1378 953 sit
1393 885 1429 951 in
1447 905 1526 970 per-

377 1008 523 1090 petuum,
539 1019 674 1088 presens
687 999 843 1085 seriptum
858 995 1052 1065 contulimus
1064 995 1167 1081 sigilii
1186 995 1290 1062 nostri
1310 994 1424 1061 federe
1435 1012 1527 1060 eom·

379 1111 555 1196 munitum,
572 1109 675 1176 Paulo
691 1107 851 1176 existente
865 1111 975 1174 nostro
993 1104 1175 1192 Preposito,
1191 1103 1333 1172 Roberto
1361 1100 1524 1182 deutoro,

381 1217 505 1286 Mikow
521 1217 673 1302 Custode,
700 1213 859 1302 Gregorio
876 1213 1029 1300 Deouuo,
1055 1231 1143 1279 enno
1169 1211 1302 1280 Domini
1326 1207 1527 1278 M⁰CO⁰XL⁰

381 1330 507 1410 quarto.
743 1357 746 1362 Α

382 1504 417 1566 (Δ
429 1505 505 1571 gydri
519 1500 706 1571 ktpteleunutr
722 1502 834 1555 tuos-ki
847 1497 948 1554 itirutu
966 1497 1032 1554 utin
1045 1517 1062 1553 u
1074 1498 1269 1567 suombuthelyi
1282 1494 1421 1565 ktptulun
1435 1493 1524 1548 level-

876 1585 1013 1657 tdrdbuu.)

801 1874 1068 1892 n*

913 2343 991 2413 120.

384 2529 416 2594 A
431 2529 565 2616 euprobi
584 2526 798 2615 supratonsus
823 2525 1095 2613 tteoopuupteeta,
1119 2526 1201 2612 kopp
1223 2525 1355 2590 Petrina
1378 2522 1521 2587 zotanu-

383 2639 455 2723 9yeu'
473 2636 663 2723 odoy'obbdpp
676 2633 838 2702 morukdzi
859 2633 993 2700 distulerit
1015 2633 1145 2700 Triste
1159 2633 1351 2718 zulunwpyes'
1365 2629 1522 2715 sdispriu·

795 2739 859 2805 uad
872 2741 986 2808 dodon
1005 2739 1104 2806 1244.

492 2938 561 3006 Nos
571 2937 758 3026 Capitulum
767 2936 1004 3022 Zegrubieusis
1021 2934 1409 3021 Eeelesiesiguitioemns
1419 2935 1523 3004 omni-

384 3045 445 3114 bus
460 3063 596 3131 presens
611 3045 767 3132 seriptum
782 3043 988 3130 inspeoturis,
1005 3043 1094 3128 quud
1109 3063 1184 3111 oum
1193 3043 1324 3112 urrann
1341 3041 1460 3110 domes
1476 3062 1522 3108 ex

384 3173 451 3220 unu
474 3159 577 3240 purte,
603 3158 637 3220 et
650 3153 785 3221 Petrina
796 3151 934 3238 jobegio
950 3150 1055 3219 Cestii
1079 3149 1120 3218 de
1136 3151 1214 3219 Sale
1239 3170 1281 3218 ex
1307 3151 1423 3236 ultore
1450 3171 1522 3218 vna

384 3262 560 3328 eumitren
576 3259 698 3329 Ounuli
715 3259 842 3329 Oomite
858 3259 993 3346 Georgij
1011 3257 1145 3330 Comitis
1162 3259 1371 3346 Zeleyeusis,
1394 3265 1428 3326 et
1444 3278 1520 3327 oum
1569 3311 1572 3319 λ

384 3370 477 3436 Iwuu
492 3365 617 3438 comite
640 3369 806 3454 terrigeno
829 3368 874 3436 ed
892 3374 1036 3436 nostrum
1061 3369 1278 3438 eooessioseut
1301 3366 1520 3455 preseuoiem‚

385 3478 583 3542 memoratus
598 3475 734 3545 Petrine
751 3496 861 3545 eorem
873 3476 968 3545 nobis
983 3476 1162 3564 proposuit,
1178 3474 1266 3562 quod
1282 3475 1430 3560 utiquam
1446 3495 1521 3563 par-

386 3588 451 3648 tem
467 3580 509 3649 do
524 3588 613 3649 terro
628 3601 689 3654 sue
704 3585 867 3654 volentem
882 3585 926 3654 ed
936 3585 965 3652 V
975 3593 1097 3670 arene
1117 3603 1181 3670 que
1195 3583 1261 3652 site
1276 3590 1327 3651 est
1342 3582 1427 3651 inter
1437 3585 1521 3653 Dte

385 3707 472 3756 wem
497 3695 529 3756 et
544 3690 683 3779 Murum,
700 3692 855 3761 Tristnno
872 3691 1000 3780 (domiti,
1027 3693 1118 3760 ouius
1133 3698 1220 3760 terre
1244 3691 1354 3758 vioine
1368 3695 1431 3775 est,
1457 3713 1520 3778 pro

386 3795 505 3868 XII-⁰³¹⁸
519 3799 637 3868 merois
653 3801 865 3872 uendidisset.
891 3804 995 3890 Super
1010 3822 1074 3889 quo
1089 3800 1253 3890 prodietns
1269 3803 1357 3870 Esen
1373 3799 1520 3870 Ouriuiis

388 3906 503 3978 comes
519 3907 559 3976 d.
570 3909 705 3978 comitis
719 3915 788 3978 tum
803 3912 904 3981 uerbo
915 3911 1048 3997 Georgij
1059 3909 1205 3995 Comitis,
1224 3929 1323 3996 quem
1338 3929 1397 3978 suo
1414 3908 1517 3978 uerbo

385 4016 605 4086 testimouium
630 4016 787 4105 exhibuit,
814 4017 900 4102 quod
915 4019 1050 4088 Petrina
1073 4025 1205 4102 terrem,
1223 4037 1323 4100 quem
1338 4016 1463 4102 uendit,
1479 4016 1517 4084 li·

385 4125 464 4193 bere
478 4134 590 4212 posset
605 4125 757 4212 uendere,
783 4126 862 4213 quie
876 4146 938 4196 sue
953 4129 1085 4216 proprie
1099 4132 1188 4194 terro
1203 4132 1271 4212 est;
1298 4133 1331 4194 et
1345 4125 1409 4194 hoe
1426 4124 1517 4192 idem

386 4235 477 4302 Iwun
502 4233 618 4302 Comes
642 4235 807 4322 terrigena
830 4255 903 4304 eum
925 4235 1121 4321 quibusdum
1147 4233 1381 4320 jobagiunibus
1407 4231 1518 4300 Oustri

387 4339 582 4426 Zetoyonsis
592 4339 777 4412 affirmauit.
793 4339 893 4410 cuius
909 4348 994 4410 terre
1003 4348 1088 4410 meto
1102 4341 1209 4428 primu
1224 4340 1340 4429 insipit
1356 4339 1399 4408 de
1414 4339 1517 4409 fluuio

387 4452 480 4519 Mure
495 4449 538 4516 eb
554 4449 707 4535 aquilone
731 4451 765 4517 in
780 4452 935 4540 Popowe,
961 4456 995 4519 et
1010 4449 1056 4517 ibi
1071 4455 1147 4518 sunt
1163 4448 1226 4518 duo
1241 4453 1328 4516 mete
1347 4448 1389 4516 de
1406 4453 1518 4536 terre;

388 4559 466 4628 inde
488 4579 548 4648 per
563 4577 717 4645 magnam
739 4547 859 4628 siluam
880 4563 993 4628 ooutre
1007 4555 1176 4626 meridiem
1191 4555 1297 4626 tendit
1320 4556 1365 4624 ed
1380 4555 1519 4628 fluuium

388 4668 533 4755 monet,
550 4671 583 4735 et
598 4664 675 4736 inde
690 4666 810 4738 nonsit
824 4667 869 4738 ed
884 4667 1033 4740 arborem
1047 4667 1173 4756 taqood,
1198 4664 1342 4754 subque
1359 4671 1439 4736 sunt
1455 4665 1519 4738 due
