<?xml version="1.0" encoding="UTF-8"?>
<!DOCTYPE html PUBLIC "-//W3C//DTD XHTML 1.0 Transitional//EN"
    "http://www.w3.org/TR/xhtml1/DTD/xhtml1-transitional.dtd">
<html xmlns="http://www.w3.org/1999/xhtml" xml:lang="en" lang="en">
 <head>
  <title>
</title>
<meta http-equiv="Content-Type" content="text/html;charset=utf-8" />
  <meta name='ocr-system' content='tesseract 3.04.00' />
  <meta name='ocr-capabilities' content='ocr_page ocr_carea ocr_par ocr_line ocrx_word'/>
</head>
<body>
  <div class='ocr_page' id='page_1' title='image "./codexdiplomatic18wenzgoog_0151.png"; bbox 0 0 3210 5194; ppageno 0'>
   <div class='ocr_carea' id='block_1_1' title="bbox 592 331 892 445">
    <p class='ocr_par' dir='ltr' id='par_1_1' title="bbox 592 331 892 445">
     <span class='ocr_line' id='line_1_1' title="bbox 592 331 892 445; baseline -0.003 -102"><span class='ocrx_word' id='word_1_1' title='bbox 592 331 892 445; x_wconf 41' lang='grc' dir='ltr'><strong>Α.</strong></span> 
     </span>
    </p>
   </div>
   <div class='ocr_carea' id='block_1_2' title="bbox 103 541 1234 1166">
    <p class='ocr_par' dir='ltr' id='par_1_2' title="bbox 103 541 1234 1166">
     <span class='ocr_line' id='line_1_2' title="bbox 107 541 1233 633; baseline 0.006 -26"><span class='ocrx_word' id='word_1_2' title='bbox 107 547 214 626; x_wconf 86' lang='lat' dir='ltr'><strong>cante,</strong></span> <span class='ocrx_word' id='word_1_3' title='bbox 239 543 385 609; x_wconf 83' lang='lat' dir='ltr'><strong>Mattheo</strong></span> <span class='ocrx_word' id='word_1_4' title='bbox 411 542 570 625; x_wconf 88' lang='lat' dir='ltr'><strong>Magistro</strong></span> <span class='ocrx_word' id='word_1_5' title='bbox 597 541 827 629; x_wconf 84' lang='lat' dir='ltr'><strong>Dapiierorum</strong></span> <span class='ocrx_word' id='word_1_6' title='bbox 857 548 890 608; x_wconf 92' lang='lat' dir='ltr'><strong>et</strong></span> <span class='ocrx_word' id='word_1_7' title='bbox 914 542 1040 610; x_wconf 77' lang='lat' dir='ltr'><strong>Comite</strong></span> <span class='ocrx_word' id='word_1_8' title='bbox 1063 545 1233 633; x_wconf 84' lang='lat' dir='ltr'><strong>Nitriensi,</strong></span> 
     </span>
     <span class='ocr_line' id='line_1_3' title="bbox 106 647 1234 738; baseline 0.002 -21"><span class='ocrx_word' id='word_1_9' title='bbox 106 647 253 717; x_wconf 86' lang='lat' dir='ltr'><strong>Rolando</strong></span> <span class='ocrx_word' id='word_1_10' title='bbox 278 648 438 732; x_wconf 80' lang='lat' dir='ltr'><strong>Magistro</strong></span> <span class='ocrx_word' id='word_1_11' title='bbox 464 647 715 733; x_wconf 87' lang='lat' dir='ltr'><strong>Pincernamm,</strong></span> <span class='ocrx_word' id='word_1_12' title='bbox 742 649 916 716; x_wconf 90' lang='lat' dir='ltr'><strong>Wilhelmo</strong></span> <span class='ocrx_word' id='word_1_13' title='bbox 942 648 1143 738; x_wconf 85' lang='lat' dir='ltr'><strong>Grasinensi,</strong></span> <span class='ocrx_word' id='word_1_14' title='bbox 1170 656 1234 719; x_wconf 91' lang='lat' dir='ltr'><strong>De-</strong></span> 
     </span>
     <span class='ocr_line' id='line_1_4' title="bbox 105 755 1233 838; baseline 0.004 -16"><span class='ocrx_word' id='word_1_15' title='bbox 105 758 218 823; x_wconf 88' lang='lat' dir='ltr'><strong>metrio</strong></span> <span class='ocrx_word' id='word_1_16' title='bbox 235 755 470 838; x_wconf 84' lang='lat' dir='ltr'><strong>Chanadiensi‚</strong></span> <span class='ocrx_word' id='word_1_17' title='bbox 488 757 628 823; x_wconf 83' lang='lat' dir='ltr'><strong>MartIno</strong></span> <span class='ocrx_word' id='word_1_18' title='bbox 643 755 835 824; x_wconf 86' lang='lat' dir='ltr'><strong>Zaladiensi</strong></span> <span class='ocrx_word' id='word_1_19' title='bbox 861 758 1041 826; x_wconf 74' lang='lat' dir='ltr'><strong>comitibus</strong></span> <span class='ocrx_word' id='word_1_20' title='bbox 1067 767 1100 826; x_wconf 88' lang='lat' dir='ltr'><strong>et</strong></span> <span class='ocrx_word' id='word_1_21' title='bbox 1115 761 1233 827; x_wconf 89' lang='lat' dir='ltr'><strong>ceteris</strong></span> 
     </span>
     <span class='ocr_line' id='line_1_5' title="bbox 104 862 1233 950; baseline 0.004 -19"><span class='ocrx_word' id='word_1_22' title='bbox 104 884 200 948; x_wconf 86' lang='lat' dir='ltr'><strong>quam</strong></span> <span class='ocrx_word' id='word_1_23' title='bbox 226 864 377 950; x_wconf 90' lang='lat' dir='ltr'><strong>pluribus</strong></span> <span class='ocrx_word' id='word_1_24' title='bbox 395 862 577 932; x_wconf 81' lang='lat' dir='ltr'><strong>Comitatus</strong></span> <span class='ocrx_word' id='word_1_25' title='bbox 593 871 626 932; x_wconf 90' lang='lat' dir='ltr'><strong>et</strong></span> <span class='ocrx_word' id='word_1_26' title='bbox 640 865 851 948; x_wconf 82' lang='lat' dir='ltr'><strong>Magistratus</strong></span> <span class='ocrx_word' id='word_1_27' title='bbox 867 866 973 950; x_wconf 80' lang='lat' dir='ltr'><strong>Regni</strong></span> <span class='ocrx_word' id='word_1_28' title='bbox 998 867 1101 935; x_wconf 87' lang='lat' dir='ltr'><strong>nostri</strong></span> <span class='ocrx_word' id='word_1_29' title='bbox 1124 872 1233 935; x_wconf 87' lang='lat' dir='ltr'><strong>tenen·</strong></span> 
     </span>
     <span class='ocr_line' id='line_1_6' title="bbox 103 969 1231 1059; baseline 0.004 -23"><span class='ocrx_word' id='word_1_30' title='bbox 103 971 198 1036; x_wconf 87' lang='lat' dir='ltr'><strong>tibus.</strong></span> <span class='ocrx_word' id='word_1_31' title='bbox 224 969 321 1038; x_wconf 82' lang='lat' dir='ltr'><strong>Anno</strong></span> <span class='ocrx_word' id='word_1_32' title='bbox 338 971 510 1038; x_wconf 88' lang='lat' dir='ltr'><strong>Dominioe</strong></span> <span class='ocrx_word' id='word_1_33' title='bbox 526 971 770 1039; x_wconf 88' lang='lat' dir='ltr'><strong>Incarnacionis</strong></span> <span class='ocrx_word' id='word_1_34' title='bbox 786 973 831 1038; x_wconf 79' lang='grc' dir='ltr'><strong>Μ0</strong></span> <span class='ocrx_word' id='word_1_35' title='bbox 843 972 991 1039; x_wconf 64' lang='lat' dir='ltr'><strong>cdxv</strong></span> <span class='ocrx_word' id='word_1_36' title='bbox 1007 972 1123 1059; x_wconf 89' lang='lat' dir='ltr'><strong>primo,</strong></span> <span class='ocrx_word' id='word_1_37' title='bbox 1145 994 1231 1042; x_wconf 91' lang='lat' dir='ltr'><strong>nono</strong></span> 
     </span>
     <span class='ocr_line' id='line_1_7' title="bbox 104 1077 1022 1166; baseline 0.001 -21"><span class='ocrx_word' id='word_1_38' title='bbox 104 1077 258 1146; x_wconf 86' lang='lat' dir='ltr'><strong>calendas</strong></span> <span class='ocrx_word' id='word_1_39' title='bbox 275 1077 436 1166; x_wconf 86' lang='lat' dir='ltr'><strong>Octobris,</strong></span> <span class='ocrx_word' id='word_1_40' title='bbox 452 1079 556 1162; x_wconf 83' lang='lat' dir='ltr'><strong>Regni</strong></span> <span class='ocrx_word' id='word_1_41' title='bbox 573 1086 682 1146; x_wconf 86' lang='lat' dir='ltr'><strong>autem</strong></span> <span class='ocrx_word' id='word_1_42' title='bbox 698 1079 801 1147; x_wconf 87' lang='lat' dir='ltr'><strong>nostri</strong></span> <span class='ocrx_word' id='word_1_43' title='bbox 817 1099 903 1148; x_wconf 89' lang='lat' dir='ltr'><strong>anno</strong></span> <span class='ocrx_word' id='word_1_44' title='bbox 919 1087 1022 1148; x_wconf 83' lang='lat' dir='ltr'><strong>sexto.</strong></span> 
     </span>
    </p>
   </div>
   <div class='ocr_carea' id='block_1_3' title="bbox 102 1233 1231 1436">
    <p class='ocr_par' dir='ltr' id='par_1_3' title="bbox 102 1233 1231 1436">
     <span class='ocr_line' id='line_1_8' title="bbox 103 1233 1231 1346; baseline 0.005 -20"><span class='ocrx_word' id='word_1_45' title='bbox 103 1273 135 1341; x_wconf 77' lang='lat' dir='ltr'><strong>(A</strong></span> <span class='ocrx_word' id='word_1_46' title='bbox 145 1273 262 1342; x_wconf 67' lang='lat' dir='ltr'><strong>adgrabi</strong></span> <span class='ocrx_word' id='word_1_47' title='bbox 274 1275 407 1344; x_wconf 70' lang='lat' dir='ltr'><strong>liptalan</strong></span> <span class='ocrx_word' id='word_1_48' title='bbox 423 1277 534 1331; x_wconf 80' lang='lat' dir='ltr'><strong>1350-ki</strong></span> <span class='ocrx_word' id='word_1_49' title='bbox 546 1275 701 1343; x_wconf 67' lang='lat' dir='ltr'><strong>atirattbdl,</strong></span> <span class='ocrx_word' id='word_1_50' title='bbox 721 1279 853 1345; x_wconf 80' lang='lat' dir='ltr'><strong>aBlagay</strong></span> <span class='ocrx_word' id='word_1_51' title='bbox 866 1233 963 1345; x_wconf 71' lang='lat' dir='ltr'><strong>grbiolr</strong></span> <span class='ocrx_word' id='word_1_52' title='bbox 977 1277 1128 1346; x_wconf 71' lang='lat' dir='ltr'><strong>iromInyai</strong></span> <span class='ocrx_word' id='word_1_53' title='bbox 1140 1281 1231 1332; x_wconf 76' lang='lat' dir='ltr'><strong>nezul.</strong></span> 
     </span>
     <span class='ocr_line' id='line_1_9' title="bbox 102 1363 1230 1436; baseline 0.001 -18"><span class='ocrx_word' id='word_1_54' title='bbox 102 1363 184 1418; x_wconf 69' lang='lat' dir='ltr'><strong>uthai</strong></span> <span class='ocrx_word' id='word_1_55' title='bbox 197 1382 241 1432; x_wconf 85' lang='lat' dir='ltr'><strong>gr.</strong></span> <span class='ocrx_word' id='word_1_56' title='bbox 256 1367 355 1418; x_wconf 84' lang='lat' dir='ltr'><strong>Telelri</strong></span> <span class='ocrx_word' id='word_1_57' title='bbox 368 1370 388 1420; x_wconf 87' lang='lat' dir='ltr'><em>J</em></span> <span class='ocrx_word' id='word_1_58' title='bbox 389 1367 465 1419; x_wconf 72' lang='lat' dir='ltr'><strong>beser*</strong></span> <span class='ocrx_word' id='word_1_59' title='bbox 481 1364 712 1419; x_wconf 70' lang='lat' dir='ltr'><strong>olrlovelmasolsti</strong></span> <span class='ocrx_word' id='word_1_60' title='bbox 731 1366 985 1435; x_wconf 79' lang='lat' dir='ltr'><strong>gyiljtemdnytben.</strong></span> <span class='ocrx_word' id='word_1_61' title='bbox 1008 1367 1094 1420; x_wconf 78' lang='lat' dir='ltr'><strong>Saabb</strong></span> <span class='ocrx_word' id='word_1_62' title='bbox 1107 1367 1230 1436; x_wconf 73' lang='lat' dir='ltr'><strong>Kdroly.)</strong></span> 
     </span>
    </p>
   </div>
   <div class='ocr_carea' id='block_1_4' title="bbox 534 1653 798 1664">
    <p class='ocr_par' dir='ltr' id='par_1_4' title="bbox 534 1653 798 1664">
     <span class='ocr_line' id='line_1_10' title="bbox 534 1653 798 1664; baseline 0.008 -2"><span class='ocrx_word' id='word_1_63' title='bbox 534 1653 798 1664; x_wconf 46' lang='lat' dir='ltr'><strong>——Q</strong></span> 
     </span>
    </p>
   </div>
   <div class='ocr_carea' id='block_1_5' title="bbox 638 2108 692 2176">
    <p class='ocr_par' dir='ltr' id='par_1_5' title="bbox 638 2108 692 2176">
     <span class='ocr_line' id='line_1_11' title="bbox 638 2108 692 2176; baseline -0.019 0"><span class='ocrx_word' id='word_1_64' title='bbox 638 2108 692 2176; x_wconf 78' lang='lat' dir='ltr'><strong>ut.</strong></span> 
     </span>
    </p>
   </div>
   <div class='ocr_carea' id='block_1_6' title="bbox 96 2287 1224 2484">
    <p class='ocr_par' dir='ltr' id='par_1_6' title="bbox 96 2287 1224 2484">
     <span class='ocr_line' id='line_1_12' title="bbox 96 2287 1224 2376; baseline -0.001 -22"><span class='ocrx_word' id='word_1_65' title='bbox 96 2291 149 2354; x_wconf 85' lang='lat' dir='ltr'><strong>IX.</strong></span> <span class='ocrx_word' id='word_1_66' title='bbox 170 2289 314 2376; x_wconf 75' lang='lat' dir='ltr'><strong>Garpaly</strong></span> <span class='ocrx_word' id='word_1_67' title='bbox 337 2293 429 2376; x_wconf 78' lang='lat' dir='ltr'><strong>pcipe</strong></span> <span class='ocrx_word' id='word_1_68' title='bbox 444 2310 465 2352; x_wconf 84' lang='lat' dir='ltr'><strong>a</strong></span> <span class='ocrx_word' id='word_1_69' title='bbox 481 2287 605 2354; x_wconf 73' lang='lat' dir='ltr'><strong>basiani</strong></span> <span class='ocrx_word' id='word_1_70' title='bbox 623 2289 814 2374; x_wconf 84' lang='lat' dir='ltr'><strong>espereatnelr</strong></span> <span class='ocrx_word' id='word_1_71' title='bbox 838 2288 1024 2374; x_wconf 72' lang='lat' dir='ltr'><strong>megenpedi,</strong></span> <span class='ocrx_word' id='word_1_72' title='bbox 1049 2289 1128 2374; x_wconf 76' lang='lat' dir='ltr'><strong>bopy</strong></span> <span class='ocrx_word' id='word_1_73' title='bbox 1143 2311 1224 2374; x_wconf 83' lang='lat' dir='ltr'><strong>eape-</strong></span> 
     </span>
     <span class='ocr_line' id='line_1_13' title="bbox 145 2395 1171 2484; baseline -0.002 -22"><span class='ocrx_word' id='word_1_74' title='bbox 145 2399 299 2484; x_wconf 69' lang='lat' dir='ltr'><strong>rertsdyet</strong></span> <span class='ocrx_word' id='word_1_75' title='bbox 314 2419 371 2482; x_wconf 74' lang='lat' dir='ltr'><strong>epp</strong></span> <span class='ocrx_word' id='word_1_76' title='bbox 387 2397 506 2460; x_wconf 79' lang='lat' dir='ltr'><strong>adradi</strong></span> <span class='ocrx_word' id='word_1_77' title='bbox 516 2395 754 2481; x_wconf 68' lang='lat' dir='ltr'><strong>praetendat-al</strong></span> <span class='ocrx_word' id='word_1_78' title='bbox 768 2405 873 2482; x_wconf 72' lang='lat' dir='ltr'><strong>epytttl</strong></span> <span class='ocrx_word' id='word_1_79' title='bbox 890 2395 1047 2462; x_wconf 79' lang='lat' dir='ltr'><strong>birbaeso.</strong></span> <span class='ocrx_word' id='word_1_80' title='bbox 1074 2398 1171 2460; x_wconf 85' lang='lat'><strong>1241.</strong></span> 
     </span>
    </p>
   </div>
   <div class='ocr_carea' id='block_1_7' title="bbox 90 2589 1227 3856">
    <p class='ocr_par' dir='ltr' id='par_1_7' title="bbox 90 2589 1227 3856">
     <span class='ocr_line' id='line_1_14' title="bbox 200 2589 1226 2679; baseline -0.004 -17"><span class='ocrx_word' id='word_1_81' title='bbox 200 2593 391 2678; x_wconf 83' lang='lat' dir='ltr'><strong>Gregorius</strong></span> <span class='ocrx_word' id='word_1_82' title='bbox 407 2591 589 2679; x_wconf 79' lang='lat' dir='ltr'><strong>Episcopus</strong></span> <span class='ocrx_word' id='word_1_83' title='bbox 606 2610 721 2657; x_wconf 87' lang='lat' dir='ltr'><strong>seruus</strong></span> <span class='ocrx_word' id='word_1_84' title='bbox 736 2610 903 2658; x_wconf 84' lang='lat' dir='ltr'><strong>seruorum</strong></span> <span class='ocrx_word' id='word_1_85' title='bbox 931 2591 993 2657; x_wconf 91' lang='lat' dir='ltr'><strong>Dei</strong></span> <span class='ocrx_word' id='word_1_86' title='bbox 1016 2589 1136 2658; x_wconf 86' lang='lat' dir='ltr'><strong>dilecto</strong></span> <span class='ocrx_word' id='word_1_87' title='bbox 1159 2591 1226 2658; x_wconf 89' lang='lat' dir='ltr'><strong>filio</strong></span> 
     </span>
     <span class='ocr_line' id='line_1_15' title="bbox 180 2697 1227 2784; baseline -0.003 -17.225"><span class='ocrx_word' id='word_1_88' title='bbox 180 2700 430 2770; x_wconf 84' lang='lat' dir='ltr'><strong>Archidiacono</strong></span> <span class='ocrx_word' id='word_1_89' title='bbox 455 2699 606 2766; x_wconf 83' lang='lat' dir='ltr'><strong>Baniensi</strong></span> <span class='ocrx_word' id='word_1_90' title='bbox 632 2698 819 2767; x_wconf 83' lang='lat' dir='ltr'><strong>Golooensis</strong></span> <span class='ocrx_word' id='word_1_91' title='bbox 843 2697 1001 2784; x_wconf 90' lang='lat' dir='ltr'><strong>Diooesis,</strong></span> <span class='ocrx_word' id='word_1_92' title='bbox 1029 2700 1169 2766; x_wconf 90' lang='lat' dir='ltr'><strong>salutem</strong></span> <span class='ocrx_word' id='word_1_93' title='bbox 1194 2707 1227 2766; x_wconf 89' lang='lat' dir='ltr'><strong>et</strong></span> 
     </span>
     <span class='ocr_line' id='line_1_16' title="bbox 93 2804 1226 2896; baseline -0.006 -20"><span class='ocrx_word' id='word_1_94' title='bbox 93 2809 326 2896; x_wconf 87' lang='lat' dir='ltr'><strong>Apostolioam</strong></span> <span class='ocrx_word' id='word_1_95' title='bbox 352 2807 616 2875; x_wconf 69' lang='lat' dir='ltr'><strong>benedictionem.</strong></span> <span class='ocrx_word' id='word_1_96' title='bbox 641 2805 816 2872; x_wconf 91' lang='lat' dir='ltr'><strong>Probitatis</strong></span> <span class='ocrx_word' id='word_1_97' title='bbox 841 2810 897 2872; x_wconf 91' lang='lat' dir='ltr'><strong>tue</strong></span> <span class='ocrx_word' id='word_1_98' title='bbox 923 2805 1040 2874; x_wconf 84' lang='lat' dir='ltr'><strong>merita</strong></span> <span class='ocrx_word' id='word_1_99' title='bbox 1058 2825 1118 2873; x_wconf 91' lang='lat' dir='ltr'><strong>nos</strong></span> <span class='ocrx_word' id='word_1_100' title='bbox 1135 2804 1226 2870; x_wconf 93' lang='lat' dir='ltr'><strong>indu-</strong></span> 
     </span>
     <span class='ocr_line' id='line_1_17' title="bbox 93 2911 1224 3002; baseline -0.005 -18"><span class='ocrx_word' id='word_1_101' title='bbox 93 2923 184 3002; x_wconf 88' lang='lat' dir='ltr'><strong>cunt,</strong></span> <span class='ocrx_word' id='word_1_102' title='bbox 212 2925 250 2984; x_wconf 90' lang='lat' dir='ltr'><strong>ut</strong></span> <span class='ocrx_word' id='word_1_103' title='bbox 276 2935 452 3001; x_wconf 86' lang='lat' dir='ltr'><strong>personam</strong></span> <span class='ocrx_word' id='word_1_104' title='bbox 477 2921 566 2981; x_wconf 88' lang='lat' dir='ltr'><strong>tuam</strong></span> <span class='ocrx_word' id='word_1_105' title='bbox 590 2912 745 3000; x_wconf 90' lang='lat' dir='ltr'><strong>specialis</strong></span> <span class='ocrx_word' id='word_1_106' title='bbox 774 2911 886 2980; x_wconf 85' lang='lat' dir='ltr'><strong>lavore</strong></span> <span class='ocrx_word' id='word_1_107' title='bbox 911 2913 1017 2996; x_wconf 88' lang='lat' dir='ltr'><strong>gratie</strong></span> <span class='ocrx_word' id='word_1_108' title='bbox 1048 2931 1224 2998; x_wconf 87' lang='lat' dir='ltr'><strong>prosequa-</strong></span> 
     </span>
     <span class='ocr_line' id='line_1_18' title="bbox 94 3017 1226 3110; baseline -0.007 -19"><span class='ocrx_word' id='word_1_109' title='bbox 94 3045 169 3090; x_wconf 86' lang='lat' dir='ltr'><strong>mur.</strong></span> <span class='ocrx_word' id='word_1_110' title='bbox 186 3019 887 3110; x_wconf 86' lang='lat' dir='ltr'><strong>Tuisitaquesupplicationibusinclinati,</strong></span> <span class='ocrx_word' id='word_1_111' title='bbox 905 3020 1080 3106; x_wconf 84' lang='lat' dir='ltr'><strong>specialem</strong></span> <span class='ocrx_word' id='word_1_112' title='bbox 1097 3019 1167 3104; x_wconf 90' lang='lat' dir='ltr'><strong>tibi,</strong></span> <span class='ocrx_word' id='word_1_113' title='bbox 1185 3017 1226 3084; x_wconf 94' lang='lat' dir='ltr'><strong>de</strong></span> 
     </span>
     <span class='ocr_line' id='line_1_19' title="bbox 95 3126 1226 3216; baseline -0.007 -18"><span class='ocrx_word' id='word_1_114' title='bbox 95 3152 154 3216; x_wconf 90' lang='lat' dir='ltr'><strong>quo</strong></span> <span class='ocrx_word' id='word_1_115' title='bbox 171 3130 349 3198; x_wconf 87' lang='lat' dir='ltr'><strong>laudabile</strong></span> <span class='ocrx_word' id='word_1_116' title='bbox 374 3131 468 3198; x_wconf 87' lang='lat' dir='ltr'><strong>nobis</strong></span> <span class='ocrx_word' id='word_1_117' title='bbox 484 3129 705 3196; x_wconf 89' lang='lat' dir='ltr'><strong>testimonium</strong></span> <span class='ocrx_word' id='word_1_118' title='bbox 729 3128 926 3214; x_wconf 89' lang='lat' dir='ltr'><strong>perhibetur,</strong></span> <span class='ocrx_word' id='word_1_119' title='bbox 952 3127 1091 3210; x_wconf 81' lang='lat' dir='ltr'><strong>gratiam</strong></span> <span class='ocrx_word' id='word_1_120' title='bbox 1108 3126 1226 3191; x_wconf 85' lang='lat' dir='ltr'><strong>facien·</strong></span> 
     </span>
     <span class='ocr_line' id='line_1_20' title="bbox 93 3230 1226 3326; baseline -0.008 -21"><span class='ocrx_word' id='word_1_121' title='bbox 93 3245 148 3326; x_wconf 88' lang='lat' dir='ltr'><strong>tes,</strong></span> <span class='ocrx_word' id='word_1_122' title='bbox 176 3237 352 3306; x_wconf 83' lang='lat' dir='ltr'><strong>devotioni</strong></span> <span class='ocrx_word' id='word_1_123' title='bbox 368 3245 422 3305; x_wconf 89' lang='lat' dir='ltr'><strong>tue</strong></span> <span class='ocrx_word' id='word_1_124' title='bbox 438 3235 632 3303; x_wconf 87' lang='lat' dir='ltr'><strong>auctoritate</strong></span> <span class='ocrx_word' id='word_1_125' title='bbox 656 3234 859 3320; x_wconf 90' lang='lat' dir='ltr'><strong>presencium</strong></span> <span class='ocrx_word' id='word_1_126' title='bbox 875 3231 1093 3316; x_wconf 88' lang='lat' dir='ltr'><strong>indulgemus,</strong></span> <span class='ocrx_word' id='word_1_127' title='bbox 1118 3237 1154 3297; x_wconf 94' lang='lat' dir='ltr'><strong>ut</strong></span> <span class='ocrx_word' id='word_1_128' title='bbox 1169 3230 1226 3296; x_wconf 86' lang='lat' dir='ltr'><strong>Ar-</strong></span> 
     </span>
     <span class='ocr_line' id='line_1_21' title="bbox 96 3336 1226 3426; baseline -0.006 -16"><span class='ocrx_word' id='word_1_129' title='bbox 96 3344 366 3411; x_wconf 89' lang='lat' dir='ltr'><strong>obidiaeonatum</strong></span> <span class='ocrx_word' id='word_1_130' title='bbox 391 3341 583 3409; x_wconf 83' lang='lat' dir='ltr'><strong>Baniensem</strong></span> <span class='ocrx_word' id='word_1_131' title='bbox 609 3347 642 3406; x_wconf 92' lang='lat' dir='ltr'><strong>et</strong></span> <span class='ocrx_word' id='word_1_132' title='bbox 658 3339 859 3426; x_wconf 88' lang='lat' dir='ltr'><strong>prebendam</strong></span> <span class='ocrx_word' id='word_1_133' title='bbox 878 3336 1136 3421; x_wconf 87' lang='lat' dir='ltr'><strong>Waradiensem,</strong></span> <span class='ocrx_word' id='word_1_134' title='bbox 1163 3358 1226 3422; x_wconf 88' lang='lat' dir='ltr'><strong>qne</strong></span> 
     </span>
     <span class='ocr_line' id='line_1_22' title="bbox 95 3442 1226 3535; baseline -0.005 -18"><span class='ocrx_word' id='word_1_135' title='bbox 95 3453 254 3520; x_wconf 83' lang='lat' dir='ltr'><strong>canonice</strong></span> <span class='ocrx_word' id='word_1_136' title='bbox 281 3458 316 3516; x_wconf 93' lang='lat' dir='ltr'><strong>te</strong></span> <span class='ocrx_word' id='word_1_137' title='bbox 331 3447 489 3535; x_wconf 89' lang='lat' dir='ltr'><strong>proponis</strong></span> <span class='ocrx_word' id='word_1_138' title='bbox 514 3447 678 3532; x_wconf 92' lang='lat' dir='ltr'><strong>adeptum,</strong></span> <span class='ocrx_word' id='word_1_139' title='bbox 704 3445 808 3512; x_wconf 91' lang='lat' dir='ltr'><strong>libere</strong></span> <span class='ocrx_word' id='word_1_140' title='bbox 823 3444 937 3512; x_wconf 82' lang='lat' dir='ltr'><strong>valeas</strong></span> <span class='ocrx_word' id='word_1_141' title='bbox 961 3442 1111 3527; x_wconf 89' lang='lat' dir='ltr'><strong>retinere,</strong></span> <span class='ocrx_word' id='word_1_142' title='bbox 1137 3443 1226 3511; x_wconf 91' lang='lat' dir='ltr'><strong>dum-</strong></span> 
     </span>
     <span class='ocr_line' id='line_1_23' title="bbox 93 3549 1225 3640; baseline -0.007 -16"><span class='ocrx_word' id='word_1_143' title='bbox 93 3559 188 3626; x_wconf 92' lang='lat' dir='ltr'><strong>modo</strong></span> <span class='ocrx_word' id='word_1_144' title='bbox 216 3557 253 3622; x_wconf 92' lang='lat' dir='ltr'><strong>in</strong></span> <span class='ocrx_word' id='word_1_145' title='bbox 271 3554 422 3622; x_wconf 81' lang='lat' dir='ltr'><strong>Ecclesia</strong></span> <span class='ocrx_word' id='word_1_146' title='bbox 437 3553 588 3620; x_wconf 80' lang='lat' dir='ltr'><strong>BazIensi</strong></span> <span class='ocrx_word' id='word_1_147' title='bbox 612 3551 828 3640; x_wconf 88' lang='lat' dir='ltr'><strong>personaliter</strong></span> <span class='ocrx_word' id='word_1_148' title='bbox 849 3549 1027 3637; x_wconf 83' lang='lat' dir='ltr'><strong>deservias,</strong></span> <span class='ocrx_word' id='word_1_149' title='bbox 1054 3555 1086 3617; x_wconf 92' lang='lat' dir='ltr'><strong>et</strong></span> <span class='ocrx_word' id='word_1_150' title='bbox 1101 3549 1135 3616; x_wconf 92' lang='lat' dir='ltr'><strong>in</strong></span> <span class='ocrx_word' id='word_1_151' title='bbox 1150 3551 1225 3616; x_wconf 84' lang='lat' dir='ltr'><strong>Wa-</strong></span> 
     </span>
     <span class='ocr_line' id='line_1_24' title="bbox 92 3658 1226 3748; baseline -0.005 -18"><span class='ocrx_word' id='word_1_152' title='bbox 92 3666 240 3732; x_wconf 89' lang='lat' dir='ltr'><strong>radionsi</strong></span> <span class='ocrx_word' id='word_1_153' title='bbox 257 3663 367 3730; x_wconf 87' lang='lat' dir='ltr'><strong>facias</strong></span> <span class='ocrx_word' id='word_1_154' title='bbox 383 3682 442 3748; x_wconf 93' lang='lat' dir='ltr'><strong>per</strong></span> <span class='ocrx_word' id='word_1_155' title='bbox 456 3662 607 3729; x_wconf 88' lang='lat' dir='ltr'><strong>idoneum</strong></span> <span class='ocrx_word' id='word_1_156' title='bbox 624 3661 792 3727; x_wconf 86' lang='lat' dir='ltr'><strong>Viearium</strong></span> <span class='ocrx_word' id='word_1_157' title='bbox 809 3658 975 3726; x_wconf 88' lang='lat' dir='ltr'><strong>deserviri.</strong></span> <span class='ocrx_word' id='word_1_158' title='bbox 994 3660 1116 3726; x_wconf 91' lang='lat' dir='ltr'><strong>Datum</strong></span> <span class='ocrx_word' id='word_1_159' title='bbox 1131 3659 1226 3725; x_wconf 88' lang='lat' dir='ltr'><strong>Late-</strong></span> 
     </span>
     <span class='ocr_line' id='line_1_25' title="bbox 90 3751 1156 3856; baseline -0.008 -17"><span class='ocrx_word' id='word_1_160' title='bbox 90 3773 160 3839; x_wconf 88' lang='lat' dir='ltr'><strong>rani</strong></span> <span class='ocrx_word' id='word_1_161' title='bbox 177 3773 270 3840; x_wconf 90' lang='lat' dir='ltr'><strong>VIII.</strong></span> <span class='ocrx_word' id='word_1_162' title='bbox 290 3769 366 3837; x_wconf 90' lang='lat' dir='ltr'><strong>idus</strong></span> <span class='ocrx_word' id='word_1_163' title='bbox 382 3769 553 3837; x_wconf 80' lang='lat' dir='ltr'><strong>Februarii</strong></span> <span class='ocrx_word' id='word_1_164' title='bbox 570 3767 796 3856; x_wconf 86' lang='lat' dir='ltr'><strong>(Pontificatus</strong></span> <span class='ocrx_word' id='word_1_165' title='bbox 812 3765 930 3854; x_wconf 85' lang='lat' dir='ltr'><strong>nostri)</strong></span> <span class='ocrx_word' id='word_1_166' title='bbox 947 3751 1034 3832; x_wconf 88' lang='lat' dir='ltr'><strong>anno</strong></span> <span class='ocrx_word' id='word_1_167' title='bbox 1049 3765 1156 3834; x_wconf 89' lang='lat' dir='ltr'><strong>XHII.</strong></span> 
     </span>
    </p>
   </div>
   <div class='ocr_carea' id='block_1_8' title="bbox 90 3963 1225 4122">
    <p class='ocr_par' dir='ltr' id='par_1_8' title="bbox 90 3963 1225 4122">
     <span class='ocr_line' id='line_1_26' title="bbox 90 3963 1225 4034; baseline -0.01 -11"><span class='ocrx_word' id='word_1_168' title='bbox 90 3969 228 4034; x_wconf 81' lang='lat' dir='ltr'><strong>(Thoiner,</strong></span> <span class='ocrx_word' id='word_1_169' title='bbox 252 3971 435 4022; x_wconf 75' lang='lat' dir='ltr'><strong>Monumenta</strong></span> <span class='ocrx_word' id='word_1_170' title='bbox 453 3967 594 4021; x_wconf 78' lang='lat' dir='ltr'><strong>Historias</strong></span> <span class='ocrx_word' id='word_1_171' title='bbox 612 3967 782 4033; x_wconf 67' lang='lat' dir='ltr'><strong>Hungagiam</strong></span> <span class='ocrx_word' id='word_1_172' title='bbox 802 3967 911 4018; x_wconf 78' lang='lat' dir='ltr'><strong>Sacram</strong></span> <span class='ocrx_word' id='word_1_173' title='bbox 932 3965 1106 4016; x_wconf 74' lang='lat' dir='ltr'><strong>illustrantia.</strong></span> <span class='ocrx_word' id='word_1_174' title='bbox 1125 3965 1147 4014; x_wconf 91' lang='lat'><strong>1.</strong></span> <span class='ocrx_word' id='word_1_175' title='bbox 1166 3963 1225 4012; x_wconf 82' lang='lat' dir='ltr'><strong>lnbt.</strong></span> 
     </span>
     <span class='ocr_line' id='line_1_27' title="bbox 611 4055 713 4122; baseline 0 -14"><span class='ocrx_word' id='word_1_176' title='bbox 611 4059 669 4109; x_wconf 80' lang='grc'><strong>177.</strong></span> <span class='ocrx_word' id='word_1_177' title='bbox 684 4055 713 4122; x_wconf 84' lang='lat'><strong>1.)</strong></span> 
     </span>
    </p>
   </div>
   <div class='ocr_carea' id='block_1_9' title="bbox 528 4362 788 4374">
    <p class='ocr_par' dir='ltr' id='par_1_9' title="bbox 528 4362 788 4374">
     <span class='ocr_line' id='line_1_28' title="bbox 528 4362 788 4374; baseline 0.008 -2"><span class='ocrx_word' id='word_1_178' title='bbox 528 4365 674 4374; x_wconf 71' lang='lat'><strong>——-——-—</strong></span> <span class='ocrx_word' id='word_1_179' title='bbox 691 4362 788 4370; x_wconf 44' lang='lat' dir='ltr'><strong>——w</strong></span> 
     </span>
    </p>
   </div>
   <div class='ocr_carea' id='block_1_10' title="bbox 0 0 1610 5194">
    <p class='ocr_par' dir='ltr' id='par_1_10' title="bbox 0 0 1610 5194">
     <span class='ocr_line' id='line_1_29' title="bbox 0 0 1610 5194; baseline 0 0"><span class='ocrx_word' id='word_1_180' title='bbox 0 0 1610 5194; x_wconf 95' lang='lat' dir='ltr'><strong> </strong></span> 
     </span>
    </p>
   </div>
  </div>
 </body>
</html>
