3162 5188
370 547 441 595 rona
457 530 647 615 pervenire:
673 529 760 616 qnod
780 534 973 603 constitutus
999 536 1034 602 in
1049 535 1221 623 presencia
1244 543 1360 605 nostra
1384 534 1496 601 Petrus

370 635 455 704 lilius
471 637 615 704 Zobuslo
642 637 777 707 Comitis
792 641 909 727 petiuit
925 663 946 708 a
961 643 1059 711 nobis
1082 642 1247 711 humiliter
1262 651 1295 712 et
1310 642 1439 729 deuote,
1463 648 1501 708 vt

370 742 520 812 defuncte
535 745 627 812 vxori
648 765 708 813 sue
722 744 789 812 lilio
805 747 901 816 Petro
914 769 955 815 ex
971 749 1173 835 benignitate
1188 751 1293 836 Regia
1308 750 1498 818 concedere

316 885 319 890 ·
370 871 451 937 mus,
477 859 513 920 vt
527 854 700 941 pecuniam
725 875 764 923 ac
780 858 1008 943 possessiones
1032 861 1113 945 eius,
1140 879 1222 944 quas
1247 857 1380 947 abipso
1404 858 1498 925 Petro

370 961 486 1030 marito
503 982 563 1030 suo
589 963 675 1032 dotis
690 965 822 1032 nomine
847 967 1056 1054 possidebat,
1084 968 1161 1053 qnia
1181 967 1339 1035 heredum
1368 965 1501 1034 carebat

371 1071 505 1156 solacio,
522 1071 652 1139 filiabus
670 1079 703 1140 et
717 1074 892 1159 nepotibus
908 1075 978 1142 eius
995 1084 1105 1161 posset
1120 1076 1216 1164 pleno
1232 1077 1302 1142 iure
1315 1075 1500 1158 relinquere

370 1180 597 1266 possidendas.
623 1181 693 1249 Nos
713 1191 822 1250 autem
837 1183 993 1268 peticioni
1018 1184 1089 1251 eius
1104 1183 1330 1252 fauorabiliter
1356 1201 1499 1249 annuen-

371 1293 432 1374 tes,
448 1287 577 1356 dilectis
597 1296 630 1357 et
643 1289 794 1359 fidelibus
810 1291 929 1359 nostris
945 1291 1082 1359 Albensi
1099 1291 1252 1379 Capitulo
1267 1291 1390 1359 nostris
1414 1290 1502 1357 dedi-

372 1417 445 1464 mus
461 1398 579 1466 litteris
594 1399 630 1465 in
644 1399 809 1482 mandato,
825 1407 861 1468 vt
878 1400 1103 1469 ordinationes
1117 1400 1197 1468 dicti
1212 1401 1301 1468 Petri
1315 1405 1348 1466 et
1364 1398 1501 1483 Agnetis

371 1506 483 1574 uxoris
499 1526 557 1574 aue
573 1510 799 1594 permitterent
813 1529 923 1578 coram
940 1509 999 1594 eis,
1016 1515 1049 1576 ot
1064 1529 1238 1597 processus
1255 1529 1368 1576 eorum
1382 1507 1501 1575 seriem

372 1615 479 1701 nobis,
499 1617 585 1684 sicut
599 1625 760 1702 ageretur,
787 1638 847 1705 per
870 1619 1016 1687 ordinem
1031 1619 1126 1686 nobis
1142 1617 1282 1685 fideliter
1302 1618 1501 1683 intimarent

372 1722 473 1791 cuins
489 1725 617 1792 litteras
643 1725 807 1808 sigillatas
823 1733 966 1794 tenorem
994 1727 1236 1795 ordinacionum
1255 1725 1416 1792 dictarum
1434 1743 1504 1790 con·

371 1833 522 1918 lineatas,
540 1832 723 1919 recepimus
738 1834 798 1900 sub
814 1835 877 1900 hac
889 1835 1015 1901 forma:

481 1939 668 2027 Capitulum
684 1941 832 2008 Ecclesie
848 1941 1004 2008 Albensis
1021 1942 1082 2009 stb.
1096 1941 1193 2029 (mint
1202 1941 1300 2008 aldbb
1312 1942 1387 2010 207.
1399 1962 1446 2008 su.
1456 1941 1502 2025 a)

480 2048 548 2115 Nos
565 2055 674 2114 autern
690 2049 850 2134 premissa
875 2050 985 2116 onmia
999 2056 1072 2116 rata
1091 2051 1259 2135 habentes,
1284 2054 1442 2134 qnantum
1468 2047 1502 2112 in

373 2155 468 2222 nobis
485 2161 544 2240 est,
562 2162 595 2222 et
609 2158 712 2239 firma,
728 2177 769 2223 ac
784 2156 962 2225 secundum
978 2158 1243 2226 consuetudinem
1259 2157 1364 2242 Regni
1385 2177 1503 2243 appro

371 2263 499 2348 bantus,
518 2264 717 2332 authoritate
733 2265 913 2332 litterarum
937 2267 1141 2353 presencium
1166 2266 1390 2333 confirmamus
1417 2285 1503 2332 com·

372 2370 553 2439 munienter
571 2371 681 2458 sigillo
696 2381 807 2441 nostro
824 2373 956 2461 duplici,
982 2395 1024 2442 ne
1040 2380 1154 2443 contra
1178 2373 1405 2441 ordinaciones
1432 2392 1503 2458 pre·

371 2484 504 2547 taxatas
520 2481 629 2548 valeat
644 2502 801 2568 processu
817 2484 974 2570 temporis
994 2483 1180 2570 calumpnia
1198 2503 1256 2549 sen
1271 2488 1503 2550 nocumentum

373 2587 507 2673 aliquod
524 2589 674 2656 suboriri.
691 2591 812 2658 Datum
823 2612 910 2659 anno
925 2588 1170 2659 Incarnaoionis
1181 2589 1351 2657 Dominice
1368 2587 1501 2655 millesi-

374 2717 425 2763 mo
442 2694 507 2761 00⁰
517 2697 591 2763 XL⁰
606 2718 702 2782 nono,
719 2699 815 2767 nonis
832 2698 992 2785 Octobris,
1008 2697 1114 2783 Regni
1129 2704 1239 2764 antem
1254 2695 1357 2764 nostri
1383 2704 1501 2782 quarto

372 2803 510 2870 decimo.

376 3003 471 3070 (Garsi
492 3003 592 3058 Mikros
613 3003 698 3058 nddor
722 3007 834 3059 illd-ki
856 3003 1013 3069 dtiratdbdl,
1035 3003 1115 3057 nebai
1136 3005 1273 3070 Kuincny
1295 3002 1389 3057 thor
1412 2999 1503 3053 kosle·

884 3095 999 3164 mdnyo.)

805 3383 1074 3396 Ἥ

903 3823 981 3898 203.

375 4005 435 4077 JV.
456 4007 536 4078 Belo
550 4009 654 4098 lrirdly
668 4005 910 4100 beipbenbapyju
925 4009 1024 4091 Peter,
1049 4004 1185 4076 Zebuslo
1200 4029 1297 4076 wmea
1311 4005 1430 4092 fiducie
1452 4005 1501 4071 ic·

375 4119 545 4201 Makeddadt,
570 4120 651 4206 nuely
669 4119 759 4200 cluat,
777 4119 826 4202 fio
841 4117 1019 4199 semidocta,
1045 4117 1176 4183 birtokdt
1199 4117 1364 4204 ledayoira
1379 4115 1501 4203 begyta

889 4222 988 4288 1249.

482 4419 565 4492 Bela
586 4421 649 4492 Dei
673 4423 788 4509 gracia
811 4421 989 4508 Hungarie,
1015 4419 1196 4508 Dalmaoie,
1221 4419 1366 4505 Oroacio,
1391 4421 1499 4504 Rama,

375 4533 501 4619 Seruio,
518 4531 667 4620 Gallicis,
685 4533 879 4602 Lodomerie
895 4531 1115 4619 Cumanieque
1127 4533 1198 4600 Rex
1212 4527 1373 4597 uniuersis
1385 4521 1502 4595 (lhristi

376 4640 536 4728 fidelibus,
554 4640 597 4708 ad
612 4659 695 4725 qnos
711 4661 846 4729 presens
863 4640 1019 4729 scriptum
1034 4638 1230 4730 peruenerit,
1250 4637 1388 4706 salutem
1403 4635 1438 4701 in
1452 4651 1499 4719 co,
