3162 5188
308 1012 368 1078 JV.
380 1012 458 1078 aaa
473 968 703 1099 araqmua
718 1007 991 1090 musaea-apaan,
1011 1011 1039 1070 a
1050 1003 1195 1073 masa
1209 1001 1432 1084 numam-

305 1118 368 1184 aab
383 1120 615 1206 oouucirmapyei
629 1113 828 1200 nemesiani,
841 1115 977 1203 flilrosspea
992 1140 1012 1180 a
1027 1115 1094 1180 oseis
1108 1114 1292 1181 baiboruibaa
1311 1119 1436 1176 azer-‚zeti

360 1226 510 1293 edeam
517 1225 691 1312 psalmati
707 1223 791 1290 Ram
809 1227 888 1289 need
894 1223 1000 1308 fdldet
1014 1221 1255 1310 udorndayoazo.
1283 1217 1381 1283 1250.

416 1419 498 1489 liela
513 1419 576 1487 Dei
601 1417 714 1504 grauia
736 1413 915 1502 Hungarie,
941 1415 1123 1500 Dalmaeie,
1148 1414 1295 1501 Cressis,
1322 1417 1434 1498 Reme,

309 1527 430 1614 Seruis,
442 1525 594 1613 Gallioie,
604 1522 806 1610 Lodomerie,
819 1521 1042 1606 (inmaniaque
1052 1523 1122 1590 Rex
1138 1523 1288 1591 omnibus
1304 1541 1434 1610 presen-

310 1642 377 1702 tem
391 1633 548 1722 pagiuam
563 1629 755 1720 inspeotnrir
765 1629 946 1699 salutemin
956 1630 1098 1700 omnium
1110 1629 1288 1699 saluatore.
1304 1631 1374 1697 Lex
1386 1635 1437 1696 est

311 1743 415 1829 Regia
432 1747 464 1808 et
480 1762 501 1808 a
515 1737 657 1808 naturali
673 1737 818 1824 equitate
831 1735 1045 1825 deseendens,
1063 1759 1121 1826 pro
1137 1739 1261 1807 meritis
1276 1739 1436 1806 subiecto-

310 1871 383 1920 rum
399 1850 613 1935 largicionum
629 1867 761 1916 suarum
772 1843 968 1934 respondere
983 1845 1118 1933 premijs
1134 1847 1335 1933 equalanoe.
1352 1847 1437 1912 Hine

312 1964 372 2043 est,
398 1957 487 2042 quod
502 1956 546 2024 ad
570 1956 795 2024 uniuersorum
820 1959 889 2022 tam
905 1955 1107 2042 presencium
1133 1973 1230 2041 quam
1253 1955 1436 2024 futurorum

312 2066 467 2134 notioiam
482 2073 596 2134 tenore
620 2063 823 2152 presencium
846 2061 995 2132 uolumus
1010 2063 1192 2151 pemenire,
1217 2051 1305 2148 quod
1320 2060 1438 2130 Comes

313 2167 468 2241 Nioolaus
484 2173 571 2240 tilius
582 2171 744 2241 'l'lreodori
760 2178 793 2239 et
802 2169 961 2254 Magister
970 2171 1153 2240 Duroalaus
1170 2171 1258 2240 filins
1268 2171 1438 2254 Durunlui,

314 2279 441 2351 nobiles
457 2277 499 2347 de
508 2278 672 2347 liomitatu
683 2279 791 2346 (lustri
806 2277 919 2346 Ferrei
935 2278 980 2347 ad
994 2287 1140 2348 nostram
1155 2277 1350 2347 aecedentes
1370 2296 1439 2364 pre-

314 2388 468 2472 ssnoiam,
485 2385 678 2455 (ielsitudini
694 2391 887 2455 postrenum
898 2406 1031 2476 preoum
1047 2387 1211 2455 instancia
1220 2387 1438 2475 postularunt,

314 2503 350 2565 ut
364 2492 529 2584 quandam
545 2501 667 2562 terram
683 2494 787 2580 ipsius
804 2491 911 2561 Casiri
927 2493 1030 2562 nostri
1045 2495 1138 2563 lium
1154 2502 1375 2582 nuncupatam
1392 2494 1439 2560 ei's

315 2604 461 2680 eonferre
476 2602 681 2687 benignitate
697 2601 801 2686 Regia
816 2599 1034 2686 dignaremur.
1058 2602 1128 2669 Nos
1144 2603 1256 2688 itaque
1273 2600 1439 2669 attenden·
1512 2617 1522 2628 ·

314 2721 365 2780 tes
380 2709 553 2780 eorundem
565 2707 701 2779 Comitis
717 2707 846 2776 Nioolai
864 2716 898 2775 et
913 2707 1062 2795 Magistri
1075 2709 1230 2777 Dumalai
1246 2707 1439 2776 multimoda

316 2821 504 2888 meritorum
514 2816 973 2904 graoiosaobsequia,quibus
984 2817 1079 2886 nobis
1089 2819 1217 2888 interim
1228 2820 1261 2885 in
1271 2819 1439 2905 prosperis

315 2926 467 2996 uidelieet
482 2927 613 2994 casibus
629 2932 662 2992 et
671 2924 820 2993 aduersis
836 2925 919 2994 adeo
935 2933 1066 2994 strenue
1076 2927 1271 3011 claruerant,
1288 2945 1325 2992 se
1335 2946 1439 3011 prom-

314 3041 389 3122 ptos
414 3031 596 3102 exhibendo
613 3040 645 3100 et
661 3033 809 3117 deuotos,
836 3041 870 3101 ut
884 3039 988 3102 tama
1007 3033 1114 3120 nobis,
1140 3054 1239 3120 quam
1264 3033 1369 3104 eciam
1396 3033 1437 3100 ab

315 3141 465 3210 omnibus
480 3140 645 3210 nobilibus
661 3139 765 3226 Regni
780 3139 883 3208 nostri
899 3149 932 3206 et
952 3141 1028 3227 alijs
1046 3141 1144 3228 digne
1159 3143 1384 3225 laudarentur,
1409 3149 1439 3206 et

316 3248 458 3317 maxime
473 3248 551 3334 quia
566 3248 600 3314 in
616 3247 829 3335 expedicione
844 3254 967 3332 nostra,
984 3269 1080 3333 quam
1097 3256 1211 3318 eontra
1220 3251 1344 3336 Regem
1360 3250 1439 3315 Boe·

316 3374 442 3425 morum
457 3354 670 3441 habebamus,
687 3356 758 3444 ipre
773 3353 1056 3425 GomesNieolaus
1072 3357 1120 3426 sio
1135 3355 1274 3425 uiriliter
1291 3363 1324 3424 et
1339 3353 1439 3424 fideli·

316 3471 366 3531 ter
381 3483 474 3530 suum
492 3462 650 3550 impendit
663 3462 867 3549 famulatum,
884 3470 918 3532 rt
934 3464 1053 3532 nedum
1069 3466 1118 3532 eis
1135 3485 1193 3551 per
1207 3486 1266 3533 nos
1283 3481 1439 3532 concessa

317 3576 348 3638 et
373 3566 508 3654 tradita,
533 3589 646 3642 uerum
661 3572 765 3639 seiam
782 3572 850 3641 alia
865 3593 886 3640 a
901 3572 1127 3641 munilieeneia
1154 3573 1258 3658 Regia
1278 3573 1393 3640 merito
1409 3579 1440 3638 et

316 3683 466 3765 patenter
480 3679 613 3764 assequi
629 3680 819 3770 potuissent,
845 3679 1041 3768 petiaionem
1058 3679 1233 3748 eorundem
1256 3675 1440 3748 huiusmodi

317 3783 542 3853 fauorabiliter
558 3787 599 3853 de
615 3786 819 3874 benignitate
833 3788 967 3874 Regalis
992 3786 1203 3856 sublimitatis
1221 3786 1440 3868 admittentes,

316 3893 382 3961 iam
400 3893 520 3962 dietam
536 3901 656 3962 terram
665 3896 757 3964 Rura
774 3897 1007 3966 aumomnibus
1021 3896 1243 3983 pertineneijs,
1261 3893 1363 3980 eduis,
1382 3914 1441 3961 neo

315 4022 382 4071 nou
406 4001 592 4086 attinenoiJs
608 4009 640 4069 et
659 4002 855 4072 utilitatibus
870 4005 1041 4090 uniuersis,
1066 4025 1106 4073 ao
1121 4003 1223 4092 pratis
1240 4022 1297 4070 sen
1313 4003 1440 4086 tenetis,

317 4115 349 4173 et
365 4106 553 4193 spetialiter
578 4130 650 4179 oum
667 4111 739 4179 loeo
765 4111 939 4181 molendini
964 4113 997 4178 in
1013 4112 1161 4180 metiret
1185 4109 1332 4178 terminis
1357 4119 1442 4177 terre

316 4214 461 4283 eiusdem
476 4218 638 4304 existenti,
665 4219 748 4305 ipsis
764 4217 884 4288 Oomiti
900 4219 1039 4289 Nioolao
1054 4220 1121 4288 filio
1138 4215 1304 4287 Theodori
1328 4225 1361 4287 et
1376 4219 1441 4284 lda-

316 4321 418 4406 gistro
433 4323 608 4411 Dururlou,
635 4334 667 4394 et
682 4347 742 4414 per
759 4345 815 4396 eos
831 4328 903 4396 suis
919 4325 1104 4414 heredibus,
1130 4327 1350 4411 heredumque
1371 4346 1440 4394 suo-

315 4446 387 4494 rum
410 4434 653 4502 suouesoribns
677 4432 838 4524 dedimus,
868 4433 1064 4504 donauimus
1091 4443 1123 4502 et
1150 4434 1345 4502 contulimus
1372 4432 1440 4500 inre

315 4541 472 4624 perpetuo
486 4539 721 4625 possidendam
732 4540 853 4630 pariter
863 4547 895 4610 et
904 4541 1101 4627 habendam,
1117 4542 1151 4609 in
1161 4539 1285 4610 eisdem
1295 4542 1438 4625 antiquis
