3186 5188
54 539 159 604 metas
175 537 358 604 reambnlet
367 543 400 604 et
414 535 547 603 easdem
562 541 704 620 renonet,
716 539 750 602 et
759 532 814 601 vbi
823 554 958 602 neeesse
974 536 1069 604 luerit
1081 557 1183 606 nouas

55 643 180 728 erigat,
205 663 247 710 ae
256 643 480 730 possessiones
489 660 602 710 omnes
614 639 780 728 predictas
789 639 895 709 eidem
906 642 1024 710 comiti
1033 645 1179 730 Pangra-

55 753 104 817 cio
121 751 234 820 etsuis
244 753 488 820 successoribus
499 749 674 839 (assignet)
686 750 821 835 pacifice
831 751 1057 838 possidendas,
1074 754 1103 820 si
1118 774 1184 821 non

56 858 427 944 fueriteontradietum3
447 857 703 928 contradictores
715 877 804 942 vero,
824 857 920 943 siqui
931 858 1058 945 luerint,
1075 869 1188 929 eontra

57 967 197 1034 eundem
223 967 382 1036 Gemitem
398 966 617 1052 Pangracinm
642 963 686 1031 ad
711 971 857 1033 nostram
882 965 960 1033 citet
985 969 1188 1052 presenciam

61 1075 102 1140 ad
117 1075 294 1144 terminum
312 1081 559 1162 competentem,
578 1080 610 1141 et
625 1074 764 1160 posthac
779 1073 865 1140 diem
885 1074 1066 1162 oilaeionis,
1082 1076 1189 1144 termi-

61 1203 135 1248 num
151 1182 371 1267 assignatum,
397 1204 437 1250 ae
452 1183 586 1251 nomina
602 1182 774 1250 citatorum
789 1190 823 1249 et
837 1184 957 1250 seriem
977 1186 1056 1252 facti
1072 1184 1190 1253 tocius·

62 1305 122 1371 que
137 1307 312 1375 processus
327 1288 422 1356 nobis
437 1287 577 1356 fideliter
591 1288 789 1356 rescribatis.
807 1289 926 1356 Datum
944 1289 979 1357 in
998 1291 1191 1376 AlbaRegia

65 1396 95 1462 in
110 1398 237 1465 octanis
253 1396 499 1464 Purifieacionis
514 1395 659 1479 Virginis
676 1396 818 1481 gloriose
833 1417 918 1465 anno
935 1399 1069 1467 Domini
1088 1399 1191 1466 mille·

64 1502 140 1568 simo
158 1502 382 1572 ducentesimo
399 1501 652 1588 quadragesimo
669 1503 817 1588 septimo.

159 1699 209 1766 (Aa
223 1697 342 1752 emlr'tott
355 1690 542 1768 lrdptalannalr
553 1699 739 1766 jelentdsbbdl‚
753 1703 821 1753 mint
836 1697 918 1754 aldbb
938 1705 994 1752 loo.
1008 1719 1044 1754 aa.
1059 1701 1096 1770 a.)

498 1983 760 2002 d—fl—--u-Q-

590 2480 667 2553 148.

72 2679 92 2748 l
95 2684 128 2750 V.
143 2685 224 2750 Belo
238 2683 344 2770 lu'rdlp
360 2707 397 2748 az
413 2683 506 2748 canelo
521 2683 652 2770 solytdrc
667 2687 778 2750 tdrtdot
794 2681 1021 2771 temporanea
1042 2687 1195 2775 lalapjda

3 2869 4 2878 ἵ
125 2813 314 2879 appanowa
328 2792 493 2878 Pereprdcz
509 2803 618 2858 comat
633 2791 815 2858 birtolrdban
828 2793 1011 2880 naperb'or'tr'.
1036 2791 1134 2862 1247.

174 2988 257 3054 Bela
279 2987 342 3054 Dei
365 2987 481 3072 gracia
504 2985 681 3074 Hungarie,
707 2983 888 3073 Dalmaeic,
914 2987 1058 3075 croatie,
1082 2991 1194 3078 Reme,

74 3097 192 3182 Seruio,
210 3094 359 3184 Gallicis,
377 3095 571 3164 Lodomcrie
587 3095 808 3182 Cumanieque
823 3098 893 3164 Rex
909 3097 1058 3164 omnibus
1076 3092 1196 3166 christi

75 3203 219 3271 fidelibus
244 3209 311 3270 tom
336 3204 542 3289 presentibus
568 3223 668 3288 quam
692 3202 809 3271 futuris
834 3208 1018 3289 presentem
1040 3203 1196 3290 paginam

75 3310 268 3398 inspecturis
294 3312 434 3380 salutem
449 3312 549 3397 ineo,
576 3311 632 3396 qui
658 3313 749 3379 salus
775 3317 825 3378 cst
840 3311 983 3377 omniurn
1009 3317 1042 3377 et
1057 3311 1196 3379 medela.

75 3419 212 3487 Pronida
236 3418 404 3486 hominum
429 3419 595 3504 sagacitas
622 3418 791 3487 adinnenit
816 3426 848 3485 ct
863 3419 1021 3487 laboriosi
1041 3421 1196 3507 temporis

78 3527 225 3612 augustia
234 3526 357 3615 Spiritu
366 3529 486 3596 Sancto
503 3529 687 3596 lucescente
702 3525 923 3614 hoeinstitnit,
943 3535 978 3594 vt
988 3527 1124 3611 justicia
1138 3547 1197 3615 per

78 3635 183 3702 mnndi
199 3633 334 3701 climata
349 3635 466 3702 solium
484 3635 589 3718 glorie
603 3641 722 3718 teneat,
743 3640 899 3701 stateram
919 3639 1026 3716 gestet
1039 3635 1075 3702 in
1090 3655 1196 3722 manu,

80 3745 184 3809 lances
210 3741 376 3829 appendat
400 3762 483 3827 equo
509 3743 691 3826 libramine,
717 3761 775 3829 per
799 3761 897 3825 quam
921 3745 1029 3828 Reges
1051 3750 1198 3828 regnent,

81 3871 142 3935 pax
156 3851 277 3936 vigeat,
292 3850 375 3936 elysi
391 3852 568 3934 erigantur,
586 3856 618 3916 et
633 3835 803 3918 inferiores
819 3870 884 3918 non
901 3849 1129 3938 depredantur,
1142 3849 1199 3933 jus
1309 3901 1311 3904 .

83 3977 168 4024 snum
184 3956 356 4040 unicuique
372 3957 503 4041 tribuat,
521 3965 555 4025 et
569 3955 651 4024 illud
677 3954 764 4042 quod
779 3956 901 4041 tribuit,
927 3955 970 4022 ad
990 3961 1135 4022 eternam
1151 3952 1199 4020 rei

84 4065 262 4132 memoriam
288 4065 537 4149 firmitatemque
562 4069 753 4152 perpetuam
778 4065 958 4131 litterarum
983 4060 1126 4149 presidio
1141 4061 1200 4127 ful·

85 4174 152 4240 ciat.
176 4173 261 4239 Hine
281 4179 342 4258 est,
368 4172 455 4260 quod
480 4171 523 4239 ad
548 4173 772 4240 uniuersorum
798 4172 964 4267 noticiam¹
979 4172 1092 4237 harum
1116 4167 1202 4236 serie

86 4283 225 4348 uolumus
241 4281 433 4365 peruenire5
458 4278 547 4364 quod
563 4299 634 4346 cum
650 4299 709 4347 nos
725 4279 877 4346 fidelibus
894 4277 1058 4364 Capitulis
1080 4277 1201 4362 uostris

87 4383 279 4472 dilectisque,
307 4387 527 4456 Chanadiensi
553 4387 678 4454 scilicet
702 4392 736 4453 et
753 4384 924 4453 Orodiensi
948 4383 1066 4451 litteris
1082 4383 1202 4450 nostris

21 4505 23 4556 t
88 4495 293 4565 mediantibus
310 4516 374 4562 vno
399 4505 512 4562 tenore
529 4494 731 4561 dedissemus
748 4491 783 4556 in
799 4488 972 4576 mandatis,
1001 4496 1037 4556 ut
1052 4490 1115 4576 ipsi
1134 4489 1202 4558 ido·

22 4587 25 4680 l
88 4623 158 4670 neos
173 4605 258 4672 uiros
276 4601 435 4670 discretos
451 4603 491 4669 de
509 4623 619 4670 eorum
636 4599 792 4667 societate
810 4598 973 4665 mitterent
989 4618 1047 4683 pro
1063 4596 1204 4664 testimo·
