3168 5186
844 301 1002 408 *423

360 505 464 571 uersis
491 504 651 572 consimili
677 502 772 570 modo
796 501 931 586 reliquit
955 501 1081 588 prelato
1099 502 1218 570 comiti
1241 504 1341 571 Panlo
1357 509 1390 569 et
1413 500 1493 570 suis

361 613 537 682 heredibus
560 610 794 699 perpetualiter
808 611 1038 698 possidendas.
1062 612 1133 680 Hoe
1149 620 1258 680 tamen
1280 612 1494 698 interposito,

360 724 447 806 quod
461 729 572 808 partes
588 741 697 788 eoram
722 719 816 788 nobis
832 720 1048 808 personaliter
1067 721 1241 790 eonstitute
1266 721 1374 788 taliter
1391 739 1437 786 se
1455 720 1495 786 in

359 831 570 898 alteruterum
595 829 801 916 obligarunt3
826 837 861 897 rt
877 828 905 897 si
921 849 985 915 que
1004 830 1151 917 peruium
1176 849 1311 918 presens
1333 831 1495 897 noscam-

360 938 449 1006 binm
472 959 540 1006 non
555 947 713 1022 seruaret,
739 943 773 1003 et
787 944 965 1006 retrsotere
989 937 1090 1005 uellet
1113 939 1200 1006 idem
1224 957 1283 1006 seu
1298 943 1495 1021 coneretur,

360 1069 425 1118 non
453 1047 583 1134 poterit,
608 1047 673 1114 nisi
695 1052 822 1114 eentum
847 1047 965 1114 mareis
991 1056 1068 1114 ante
1093 1046 1161 1115 litis
1186 1047 1365 1133 ingressum
1389 1043 1497 1133 parti

361 1156 486 1224 taeenti
510 1155 600 1243 prius
624 1155 810 1242 persolutis.
835 1158 875 1222 In
892 1157 984 1223 onius
999 1157 1047 1223 rei
1071 1156 1260 1224 memoriam
1285 1155 1497 1222 firmitatem·

357 1285 422 1350 que
435 1270 627 1352 perpetuam
652 1271 820 1351 presentes
837 1265 1055 1332 eonoessimns
1078 1264 1206 1332 litteras
1221 1264 1266 1332 ad
1284 1263 1495 1350 petitionem

357 1373 460 1461 partis
477 1372 646 1457 utriusque
669 1373 773 1459 sigilli
787 1374 891 1442 nostri
908 1373 1085 1442 munimine
1100 1375 1282 1443 roboratas.
1306 1374 1436 1440 Datum
1456 1373 1494 1438 in

357 1481 529 1566 quindenis
545 1480 639 1548 Beati
655 1481 825 1550 lliobaebs
840 1481 1041 1567 Archangeli
1058 1501 1144 1550 anno
1160 1480 1290 1550 Domini
1306 1479 1494 1549 millesimo

357 1591 576 1659 ducentesimo
585 1589 854 1676 quinquagesimo
866 1589 987 1674 quinto.
996 1590 1154 1676 Magistro
1163 1590 1394 1658 Bonauentura
1405 1591 1496 1657 Pre

357 1698 474 1785 posito,
482 1697 626 1768 Oliuerio
637 1699 788 1782 Castore,
803 1696 933 1766 Ombud
942 1696 1094 1783 Custode,
1104 1697 1218 1765 Mikou
1227 1700 1357 1766 Deeeno
1367 1697 1496 1766 neele

356 1809 404 1876 sie
420 1813 530 1876 nostre
544 1806 768 1876 existentibus.

410 2010 446 2076 (Α
460 2009 539 2076 gyliri
552 2006 741 2076 lriptalannak
757 2008 835 2060 1280.
848 2008 939 2061 lrltrilli
951 2004 1130 2062 torellelis
1142 2008 1224 2061 budai
1237 2008 1286 2060 kir.
1300 2009 1429 2060 lrsmmai

817 2094 1007 2165 levilttrban.)

791 2365 1046 2380 m

871 2839 949 2908 295.

353 3022 385 3087 A
401 3025 596 3110 smnoqpudrt
609 3019 793 3087 konoeataek
808 3021 1082 3108 bizoaysclplevele,
1108 3021 1189 3108 boqy
1204 3019 1306 3108 Heym
1324 3021 1489 3087 comesnelr

354 3131 408 3196 riui
423 3130 558 3196 Rudboa
583 3127 650 3194 leot
663 3129 836 3195 &namot
853 3154 874 3195 a
895 3131 1124 3216 paaooahalma'
1147 3128 1344 3217 apritsdyaok
1366 3129 1487 3194 bdrom

656 3240 856 3325 erbslpirdert
871 3237 1053 3326 dteapedtelr.
1072 3237 1169 3304 1255.

459 3432 497 3498 B.
514 3433 636 3500 Diuina
660 3433 873 3502 miseraoione
890 3435 1003 3503 Abbas
1019 3434 1207 3522 Monasterij
1232 3433 1345 3503 Saneti
1361 3434 1481 3519 Egidij

353 3542 394 3609 (le
410 3542 547 3628 Simigio
563 3541 792 3612 etoonuentns
809 3542 955 3612 eiusdem
971 3544 1045 3629 loci,
1061 3543 1222 3613 uniuersis
1233 3542 1354 3612 Christi
1376 3543 1486 3610 fideli·

353 3651 413 3718 bus
428 3657 497 3718 tam
512 3651 716 3740 presentibus
732 3671 830 3737 quam
847 3651 974 3738 tuturis,
993 3671 1130 3740 presens
1145 3653 1299 3740 seriptum
1315 3651 1485 3738 inspeetu-

353 3760 410 3844 ris,
427 3761 567 3828 salutem
584 3760 616 3827 in
633 3778 682 3845 eo,
698 3761 754 3846 qui
770 3767 821 3827 est
836 3763 927 3830 salus
943 3760 1096 3829 omnium.
1112 3762 1164 3829 Ae
1179 3760 1333 3830 noticiam
1350 3761 1485 3828 uniuer-

353 3889 461 3938 sorum
477 3869 625 3937 uolumus
641 3869 831 3954 peruenire;
859 3867 947 3955 quod
962 3870 1079 3956 Heym,
1098 3871 1220 3938 Paulus
1244 3877 1277 3937 et
1294 3869 1483 3954 Dionysius

350 3977 408 4064 filij
425 3977 532 4063 Heym
546 3975 682 4044 comitis
707 3995 815 4045 eoram
831 3977 927 4046 nobis
943 3978 1107 4046 constituti
1132 3979 1209 4045 uisa
1224 3997 1303 4044 uooe
1325 3997 1481 4047 asserue-

350 4093 436 4170 runt,
452 4085 540 4171 quod
556 4084 691 4170 triginta
705 4087 821 4172 iugera
836 4091 994 4154 terrarum
1005 4107 1077 4156 oum
1093 4107 1157 4156 uno
1172 4087 1280 4156 teneto
1299 4092 1333 4153 et
1348 4087 1481 4158 duabus

350 4193 455 4262 uineis
479 4195 513 4262 in
539 4195 618 4261 villa
642 4194 715 4262 Rad
740 4195 965 4282 existentibus,
991 4217 1048 4284 pro
1065 4196 1207 4264 remedio
1232 4196 1342 4264 anime
1372 4197 1479 4285 patris

351 4323 470 4387 eorum,
487 4308 520 4370 et
536 4303 668 4390 insuper
684 4325 743 4391 pro
760 4305 863 4374 tribus
879 4305 997 4373 mareis
1013 4307 1140 4392 argenti
1150 4307 1477 4376 MonasterioSsnoti

349 4413 483 4480 Martini
498 4413 539 4481 de
553 4415 654 4481 Sauro
671 4415 779 4482 slonte
795 4417 965 4484 Pannonie
990 4415 1202 4485 eontulissent
1227 4423 1385 4503 perpetuo
1401 4438 1476 4505 pos-

349 4519 516 4590 sidendas.
543 4524 696 4590 Pretsrea
712 4523 818 4592 dietus
833 4523 939 4609 Heym
955 4543 1028 4592 eum
1048 4523 1203 4592 fratribus
1222 4525 1290 4592 suis
1311 4527 1474 4613 prenomi-

351 4632 437 4698 natis
454 4631 613 4716 obligauit
628 4653 674 4716 so,
701 4633 833 4717 quodsi
858 4633 969 4720 aliquo
995 4641 1138 4723 ternpore
1163 4635 1312 4722 prediola
1336 4639 1473 4724 triginta
