3168 5186
832 332 983 438 *ao-o-

348 555 409 622 pus
424 534 633 621 syrmiensis,
659 531 831 602 attendens
859 535 954 618 grata
969 535 1003 597 et
1026 535 1163 616 aooepta
1188 528 1322 596 seruitia
1347 527 1417 594 sibi
1442 533 1473 590 et

348 643 527 729 syrmiensi
552 642 698 710 Euolesie
723 647 796 710 ate
820 642 979 729 impensa,
1005 660 1066 707 neo
1087 659 1151 706 non
1177 647 1210 706 et
1234 659 1333 723 quam
1357 637 1473 723 plnres

349 752 500 837 labores,
525 771 608 835 quos
633 771 692 838 pro
715 753 787 838 ipso
813 759 846 819 et
871 749 986 818 eadem
1010 748 1160 815 Euolesia
1184 746 1332 830 subiisti,
1355 744 1475 812 villam

350 861 525 945 quamdam
541 861 637 928 sitam
663 861 697 928 in
712 861 844 944 Zlaoho,
870 879 932 945 que
948 859 1028 925 villa
1044 859 1173 926 Drasob
1196 855 1378 941 vulgariter
1393 873 1473 920 nun-

350 976 497 1057 oupatur,
512 971 582 1055 tibi,
599 976 694 1057 prout
715 971 879 1058 sperabat,
906 968 950 1036 ad
967 989 1040 1036 eum
1060 969 1112 1034 sui
1128 966 1269 1054 Capituli
1294 963 1475 1033 aeoedente

350 1099 520 1164 consenso,
536 1077 676 1166 provida
691 1078 926 1147 deliberatione
942 1075 1149 1159 conoessero,
1175 1097 1195 1142 a
1213 1087 1245 1142 te
1260 1074 1369 1160 quoad
1386 1073 1475 1138 vixe-

352 1188 397 1255 ris
412 1185 654 1276 possidendam,
680 1187 765 1255 sieut
780 1189 813 1254 in
828 1187 932 1275 ipsius
955 1186 1071 1253 litteris
1089 1183 1242 1254 conseatis
1268 1188 1389 1250 extunc
1411 1180 1476 1264 ple·

351 1295 426 1364 nius
442 1295 630 1364 continetur.
656 1295 725 1362 Nos
742 1295 806 1362 tuis
822 1292 1119 1382 supplicationibus
1144 1291 1300 1376 inclinati,
1326 1289 1417 1374 quod
1434 1289 1476 1354 ab

351 1403 475 1471 eisdem
490 1404 654 1491 Episoopo
679 1412 712 1471 et
728 1401 879 1490 Capitulo
895 1423 992 1490 sopor
1019 1404 1080 1470 hou
1105 1400 1238 1488 provide
1266 1401 1391 1466 laetum
1418 1403 1475 1482 est,

351 1517 458 1579 ratum
482 1512 641 1580 babentes
659 1518 692 1579 et
707 1519 846 1596 gratum,
873 1513 906 1578 id
932 1512 1126 1580 auctoritate
1143 1509 1333 1597 Apostolioa
1359 1507 1475 1575 eontr-

352 1639 478 1688 manme
493 1627 526 1687 et
541 1619 701 1708 presentis
726 1621 838 1713 scripti
853 1619 1034 1708 putrooinio
1059 1619 1303 1701 communimus,
1329 1623 1475 1683 tenorem

352 1729 532 1798 litterarum
558 1731 702 1816 ipsarum
728 1729 933 1816 presentibus
956 1726 996 1794 de
1023 1729 1120 1794 verbo
1147 1729 1190 1793 ad
1216 1727 1350 1794 uerbum
1374 1723 1476 1790 inseri

352 1835 512 1922 facientis,
533 1836 588 1922 qui
603 1836 681 1903 talis
697 1843 765 1904 est:

459 1943 527 2034 Nps
543 1942 581 2010 Ο.
599 1945 662 2012 Dei
688 1947 796 2032 gratia
811 1947 994 2034 Episcopus
1017 1946 1213 2032 syrmiensis
1229 1945 1290 2012 stb.
1318 1941 1476 2010 kbvotke-

353 2051 406 2118 uik
418 2051 529 2120 Oliver
546 2053 682 2120 saerbmi
698 2053 1045 2140 pbspbknek1250·ki
1061 2054 1256 2140 adomtnya‚
1273 2051 1354 2118 mint
1367 2050 1475 2133 Fejtr·

353 2159 408 2234 ntl
424 2158 504 2230 cod.
521 2161 609 2248 Dipl.
624 2162 680 2228 lV.
696 2161 764 2229 lot.
785 2168 816 2230 2.
833 2183 859 2229 r.
878 2164 929 2230 78.
945 2161 983 2250 l.)

461 2267 550 2335 Nulli
567 2287 645 2355 ergo
660 2269 789 2337 omnino
800 2270 964 2339 bominum
977 2271 1077 2338 lioeat
1092 2273 1177 2338 bano
1193 2271 1349 2355 paginam
1365 2273 1476 2334 nostre

354 2375 606 2444 confirmationis
623 2375 809 2464 infringere,
836 2379 889 2446 vel
904 2380 935 2445 ei
951 2398 1034 2446 ausu
1050 2379 1223 2446 temerario
1248 2374 1425 2445 ounmaire.
1441 2373 1475 2438 Si

354 2484 428 2570 quis
445 2491 553 2551 autern
569 2486 630 2552 boo
646 2493 842 2574 attemptare
861 2488 1103 2576 presumpserit,
1127 2485 1387 2572 indignationem
1405 2483 1474 2550 Om-

354 2590 530 2678 nipotentis
546 2590 607 2660 Dei
633 2600 665 2660 et
680 2595 853 2662 Beatoruur
876 2595 963 2664 Petri
987 2605 1020 2662 et
1039 2594 1133 2662 Pauli
1148 2595 1378 2682 Apostolorum
1406 2591 1475 2658 eins

355 2720 390 2766 ee
405 2699 532 2766 noverit
548 2701 759 2774 incursorum.
776 2704 896 2770 Datum
912 2703 1052 2790 Neapoli
1063 2703 1172 2771 idibus
1182 2702 1352 2788 Februarij
1364 2700 1473 2768 Ponti·

354 2809 468 2875 fioatos
484 2811 585 2878 nostri
602 2829 689 2878 anno
704 2810 816 2897 primo.

399 2989 536 3057 (Tbeiner,
550 2994 648 3044 Vetera
660 2988 836 3046 Monumaota
850 2993 989 3045 Slavorum
1002 2993 1220 3045 Meridionalium
1234 2993 1256 3040 l.
1272 2993 1328 3043 lr'ot.
1342 2993 1384 3042 83.
1400 2987 1431 3056 l.)

874 3724 950 3796 278.

357 3907 379 3972 I
384 3907 416 3972 V.
435 3907 563 3973 Sdndor
583 3913 672 3993 pcipe
696 3911 870 3992 moquntiat'ta'
883 3907 1033 3974 bleldam
1057 3911 1202 3976 bbciioule
1224 3935 1263 3975 oz
1283 3914 1350 3995 apri
1373 3935 1471 3998 saeptos
1565 3933 1566 3938 ¹

410 4017 531 4082 tizedee't
544 4022 574 4079 e'e
589 4015 679 4101 appel)
689 4017 817 4101 eqybdzi
824 4015 1178 4103 jdoedelmee'ttdappozd
1194 4021 1306 4084 redieret.
1325 4020 1422 4084 1255.

461 4209 646 4279 Alexander
662 4214 844 4300 Episcopus
860 4232 972 4280 servus
988 4233 1153 4281 servorum
1171 4215 1233 4282 Dei
1255 4215 1385 4284 diluatis
1401 4218 1471 4303 filijs

355 4318 546 4386 Raetoribus
564 4327 596 4386 et
613 4323 779 4408 perpetuis
791 4321 929 4389 Vioariis
944 4319 1165 4389 lleolesiarum
1181 4323 1330 4392 Diooesie
1341 4324 1470 4412 Agrion

357 4430 403 4497 sis
418 4427 556 4496 salutern
573 4436 605 4495 et
619 4429 843 4517 Apostolioam
860 4429 1124 4498 benedictionem.
1151 4429 1231 4498 Cum
1247 4453 1269 4500 a
1283 4434 1379 4502 nobis
1397 4433 1471 4522 peti-

357 4547 418 4620 tur,
444 4535 531 4622 quod
547 4538 666 4605 iustum
682 4547 732 4607 est
749 4544 780 4605 et
797 4541 975 4616 honestum,
1003 4547 1070 4606 tam
1086 4541 1179 4626 vigor
1195 4543 1359 4628 equitatis,
1379 4563 1469 4626 quam

357 4644 436 4713 ordo
452 4647 555 4731 exigit
570 4649 717 4734 rationis,
744 4657 779 4716 ut
794 4648 828 4714 id
844 4667 901 4736 per
917 4649 1167 4718 sollicitudinem
1185 4650 1282 4720 ostioli
1310 4652 1411 4719 nostri
1432 4651 1469 4718 ad
