3210 5194
839 327 992 426 *aa*

351 527 554 608 mandantes,
572 530 605 590 et
621 530 727 590 ratum
742 522 902 590 babentes
918 527 1030 605 totum,
1057 520 1217 605 quidquid
1235 521 1339 607 ipsius
1354 521 1489 588 ordina·

353 637 402 701 uit
418 641 449 700 et
468 629 664 699 deliberauit
677 629 861 716 trutinacio,
882 629 1025 697 Poucam
1041 627 1194 696 clericum
1210 629 1322 716 sepius
1336 631 1490 696 nomina-

350 749 429 824 tum,
456 747 489 808 et
503 739 636 806 trabem
660 736 776 824 ipsius,
805 757 844 803 ac
867 755 945 805 suos
971 743 1139 822 cognatos,
1166 755 1363 823 quamquam
1382 738 1488 822 juxta

351 847 491 916 Abbatis
508 845 725 914 assercionem
742 850 775 910 et
790 845 907 912 seriem
924 843 1105 912 litterarum
1115 842 1252 913 Comitis
1262 843 1405 912 Palatini
1421 866 1489 931 pro

351 954 558 1025 contumacia
582 959 614 1020 ot
630 953 688 1020 lite
704 958 819 1020 contra
833 952 973 1018 eundem
988 952 1152 1019 Abbatem
1173 951 1303 1039 iterata,
1329 952 1364 1017 in
1381 953 1485 1020 serui-

349 1070 451 1131 tutem
469 1062 640 1148 redigendi
657 1060 795 1129 fuissent
810 1061 960 1146 penitus,
984 1060 1198 1148 decredimus,
1216 1063 1281 1129 imo
1298 1070 1409 1128 nostro
1425 1062 1492 1128 ob·-

350 1169 505 1237 tinuimus
530 1168 725 1250 interuentu,
750 1167 976 1236 libertinorum
999 1169 1138 1236 seruicio
1161 1168 1348 1255 perenniter
1372 1168 1481 1253 subja·

350 1275 493 1359 cendos;
518 1275 580 1342 hoo
595 1280 706 1341 tamen
731 1272 855 1359 addito,
884 1275 1051 1361 quodnisi
1075 1275 1162 1342 infra
1176 1277 1391 1342 Pentecosten
1406 1295 1480 1362 pro-

351 1384 438 1452 xime
453 1391 620 1452 venturam
638 1385 682 1451 ad
706 1383 921 1452 exercendum
939 1392 972 1452 et
992 1384 1234 1471 suscipiendum
1253 1384 1484 1453 libertinorum

351 1492 535 1578 seruitium,
562 1491 647 1560 sicut
671 1492 754 1578 ipsis
778 1513 819 1558 ex
843 1493 1068 1561 misericordia
1083 1492 1223 1561 abbatis
1248 1494 1481 1579 prememorati

349 1620 539 1668 concessum
555 1608 615 1682 est,
643 1599 829 1678 redimerint,
856 1601 890 1667 iu
906 1621 1073 1668 seruorum
1087 1602 1205 1686 jugum
1229 1607 1262 1667 et
1277 1601 1481 1685 seruitutem,

350 1707 436 1773 sicut
451 1710 656 1774 contumaces
672 1715 704 1772 et
718 1706 819 1774 tocies
842 1707 993 1793 rebelles,
1018 1707 1132 1774 merito
1156 1705 1362 1792 redigentur,
1389 1713 1484 1774 terra

348 1916 558 2006 possidenda.
585 1917 700 2001 Igitur,
726 1925 761 1983 vt
775 1920 837 1987 boc
861 1919 984 1987 lactum
1007 1939 1116 1988 coram
1141 1919 1235 1987 nobis
1260 1918 1481 2006 uentillatum,
1545 2001 1552 2018 1

347 2024 563 2093 irreuocabilc
579 2032 611 2090 et
626 2024 818 2093 inuiolabile
833 2046 1047 2112 perseuerare
1062 2028 1182 2112 ualeat,
1208 2030 1377 2112 presentes
1392 2024 1484 2091 litte-

349 2151 405 2199 ras
422 2132 641 2198 concessimus
666 2132 701 2197 in
716 2133 938 2200 testimonium
952 2134 1053 2218 sigilli
1068 2133 1172 2200 nostri
1192 2131 1370 2200 munimine
1386 2132 1486 2201 robo-

348 2248 449 2307 ratas.
467 2241 587 2306 Datum
602 2257 690 2308 auno
706 2242 817 2325 gracie
836 2243 880 2308 Μο
891 2241 956 2308 000
966 2242 1125 2308 xxxlxc

439 2451 576 2517 (Eredetie
588 2451 764 2521 bdrbdrtydu,
778 2471 795 2506 a
806 2456 1000 2522 panuouhalmi
1013 2453 1158 2522 fcspttstg
1170 2450 1378 2519 levdltdrdban.)

881 3235 936 3302 54.

346 3432 466 3496 Malla
481 3431 772 3516 ‹tl-craadpbtrdauk
792 3432 891 3497 ilclcte
906 3455 927 3496 a
944 3431 1066 3499 Geram
1081 3432 1210 3499 molleta·
1227 3445 1310 3498 azera
1326 3433 1484 3499 benedcki

569 3544 706 3626 aptitadq
721 3545 752 3604 e'e
775 3538 914 3626 qukdat'
928 3541 1037 3605 Brtdre
1051 3541 1130 3606 ledet.
1147 3543 1246 3608 1239.

452 3731 521 3800 Nos
537 3732 694 3800 Nicolaus
710 3733 889 3801 Viceiudex
904 3734 988 3801 Aule
1005 3734 1107 3820 Regie
1133 3733 1354 3820 significamus
1374 3735 1480 3801 omni-

344 3840 406 3906 bus
421 3847 606 3926 presentem
631 3839 788 3927 paginam
804 3841 1007 3928 inspecturis,
1034 3841 1120 3926 quod
1137 3861 1210 3907 cum
1230 3859 1329 3926 super
1344 3847 1481 3926 septua-

344 3947 436 4032 ginta
453 3949 506 4013 uel
523 3947 705 4034 sexaginta,
723 3949 776 4014 uel
791 3949 892 4034 paulo
908 3948 1055 4036 pluribus
1072 3953 1129 4014 aut
1141 3949 1245 4016 eciam
1260 3947 1479 4034 paucioribus

346 4053 512 4139 iugeribus
539 4063 626 4121 terre
642 4053 675 4122 in
691 4056 772 4122 villa
787 4056 926 4141 Zumpto
943 4054 1168 4138 existentibus,
1195 4075 1234 4121 ao
1250 4052 1375 4122 fossato
1393 4055 1483 4120 anti-

342 4181 407 4246 quo
437 4160 657 4247 circumdatis,
674 4164 787 4230 Abbas
812 4164 960 4229 Ecclesia
983 4163 1094 4229 Sancti
1109 4161 1279 4228 Benedicti
1305 4161 1346 4226 dc
1362 4159 1484 4228 (irena

342 4270 552 4337 conuenisset
578 4289 686 4336 coram
703 4271 795 4337 nobis
812 4269 975 4338 Andream
1001 4270 1102 4336 filiurn
1126 4269 1293 4336 Oltumani
1318 4267 1359 4336 de
1376 4269 1482 4354 Wag-

342 4374 417 4460 lruz,
437 4377 649 4463 proponendo
666 4387 780 4445 contra
795 4398 868 4444 eum
883 4377 942 4444 tali
959 4375 1067 4461 modo,
1086 4375 1261 4461 quodcum
1278 4375 1483 4461 ipsaldccle-

340 4484 392 4548 sia
409 4483 530 4550 dictam
551 4491 637 4551 terre
664 4486 860 4571 particulam
888 4483 1086 4550 hereditario
1106 4483 1176 4549 iure
1201 4483 1414 4567 possedisset,
1445 4491 1484 4550 et

339 4609 437 4677 super
464 4593 527 4659 boe
543 4591 751 4677 priuilegium
779 4591 923 4676 haberet,
951 4592 1023 4675 ipse
1039 4587 1188 4656 Andreas
1210 4609 1283 4656 eam
1309 4591 1480 4658 uiolenter
