3168 5186
926 963 1002 1033 etl.

401 1143 460 1208 IV.
479 1145 556 1210 Boia
574 1145 677 1231 arey
692 1149 864 1231 eoeperlletti
873 1146 934 1211 Pcil
948 1146 1187 1234 orazdpbiroauic
1205 1146 1308 1232 [pescle
1326 1144 1447 1228 lucipec'p
1466 1141 1510 1203 la-

584 1254 866 1339 tcirsaobcilpozdcrtt
880 1259 1030 1341 tdrppuacl
1046 1255 1219 1320 eliote'aeire't.
1240 1253 1337 1318 1255.

507 1448 589 1515 Bela
603 1448 666 1516 Dei
680 1448 792 1534 gracia
802 1449 955 1534 Vngarie‚
970 1449 1151 1536 Dalmacie‚
1162 1449 1308 1534 Oroaoie,
1318 1449 1431 1530 Reme,
1446 1445 1508 1512 Ser-

399 1556 451 1624 uie
462 1608 470 1642 ‚
496 1557 653 1644 Gallicie‚
679 1557 888 1642 Lodomerie,
908 1557 1127 1643 cruenteque
1146 1561 1217 1628 Rex
1235 1559 1386 1626 omnibus
1401 1553 1509 1622 Christi

399 1666 549 1734 fidelibus
558 1675 740 1754 presentem
758 1667 914 1755 paginam
929 1667 1123 1754 inspecturis
1139 1668 1276 1735 salutem
1292 1669 1326 1734 in
1342 1686 1420 1734 uero
1435 1664 1508 1730 salu·

262 1822 266 1830 .
398 1776 470 1841 turi.
495 1776 585 1843 Solet
600 1797 621 1843 a
636 1777 787 1863 Principe
811 1776 1005 1860 confirmari,
1034 1777 1121 1861 qnod
1137 1777 1170 1844 in
1194 1784 1371 1864 conspectu
1398 1773 1509 1859 geritur

398 1884 555 1968 aliorum;
571 1884 795 1950 inconcussum
811 1885 931 1970 quippe
947 1892 1126 1971 permanet,
1142 1885 1229 1970 quod
1241 1884 1344 1971 Regie
1360 1882 1508 1950 Serenita·

397 1993 440 2059 tis
457 1991 602 2080 presidio
619 1994 798 2062 roboratur.
822 1992 875 2060 Ad
891 1993 1116 2063 uniuersorum
1140 1994 1240 2080 igitur
1260 1994 1415 2062 noticiam
1431 1992 1508 2058 volu·

399 2120 470 2167 mus
486 2101 601 2168 harum
617 2101 703 2168 serie
718 2101 896 2188 peruenire,
922 2102 1010 2186 quod
1025 2103 1218 2170 accedentes
1236 2105 1268 2169 in
1288 2109 1432 2170 nostrum
1447 2121 1507 2187 prc-

397 2209 541 2277 senoiam
551 2211 751 2296 jaculatores
776 2212 879 2280 nostri
904 2212 945 2278 de
961 2213 1042 2280 villa
1056 2211 1166 2298 lgrich
1191 2213 1226 2279 in
1243 2213 1406 2281 Comitatu
1424 2210 1506 2277 Zala-

399 2318 515 2405 diensi‚
540 2318 704 2386 humiliter
727 2328 837 2387 nostre
859 2320 1077 2406 Magnitudini
1103 2321 1313 2408 suplioarunt,
1340 2331 1376 2388 ut
1400 2327 1505 2388 statum

398 2435 481 2494 terre
496 2428 640 2516 ipsorum
658 2427 752 2495 certis
770 2429 862 2496 metis
878 2429 1020 2515 undique
1036 2430 1240 2515 consignate,
1264 2431 1357 2498 iuxta
1372 2437 1505 2498 tenorem

400 2537 581 2604 litterarum
607 2534 714 2603 fidelis
739 2538 840 2605 nostri
857 2538 952 2605 Pauli
967 2538 1094 2606 Judiois
1110 2539 1274 2624 qnondam
1294 2538 1393 2606 Ouric
1408 2541 1504 2604 nostre

401 2655 433 2712 et
449 2643 584 2712 Comitis
600 2645 806 2714 Zaladiensis
821 2655 931 2716 nostro
949 2648 1121 2735 priuilegio
1138 2649 1290 2733 inserere,
1316 2653 1350 2715 ct
1365 2648 1505 2716 insertum

398 2754 606 2838 dignaremur
629 2755 829 2840 benignitate
859 2756 959 2824 solita
983 2757 1185 2826 confirmare.
1217 2756 1362 2836 Quarum
1389 2754 1504 2841 quiden

394 2864 576 2931 litterarum
592 2871 686 2932 tenor
702 2865 730 2930 is
747 2873 816 2932 est:

506 2975 575 3041 Nos
590 2975 714 3040 Paulus
729 2975 750 3041 J
753 2975 837 3042 udex
852 2976 934 3042 Aule
959 2977 1062 3062 Regie
1078 2977 1142 3044 stb.
1164 2975 1380 3064 (kevetlueailr
1397 2973 1452 3041 Pal
1466 2993 1505 3040 or·

397 3085 618 3169 suegbtronalr
635 3104 713 3150 eucn
728 3085 1051 3170 hatarsuabtlyozast
1074 3090 1232 3170 ttrgyauo
1250 3085 1389 3153 rael-ki
1406 3085 1505 3152 olunt·

397 3213 472 3280 nya,
496 3194 576 3261 mint
589 3194 721 3261 ientebb
739 3195 813 3261 229.
830 3215 874 3262 sz.
891 3193 937 3281 a.)

503 3301 720 3385 Nocteque,
745 3299 800 3384 qui
826 3321 866 3368 ex
883 3299 989 3368 officio
1015 3301 1157 3388 suseepti
1179 3300 1347 3386 regiminis
1373 3307 1506 3368 tenemur

398 3406 575 3493 inuigilare
591 3407 743 3493 remedijs
760 3407 971 3492 subditorum,
987 3407 1205 3495 predictorum
1214 3408 1430 3478 ioculatorum
1446 3425 1505 3493 pre·

396 3517 488 3586 cibus
511 3516 671 3604 inclinati,
688 3522 809 3585 statum
833 3522 918 3584 terre
937 3516 1111 3586 eorundem
1132 3516 1258 3603 prolate
1282 3516 1323 3584 de
1347 3518 1446 3583 uerbo
1468 3511 1504 3580 ad

397 3624 530 3693 uerbum
546 3623 721 3694 secundum
733 3624 971 3693 continenciam
987 3624 1166 3692 litterarum
1183 3623 1321 3712 predicti
1330 3626 1367 3694 P.
1382 3621 1505 3694 Comitis

396 3735 563 3821 insertum,
580 3734 785 3820 presentibus
794 3733 987 3802 anctoritate
995 3734 1103 3818 Regia
1118 3734 1355 3802 confirmamus.
1373 3733 1409 3799 In
1425 3729 1504 3797 cuius

396 3843 441 3910 rei
457 3842 676 3910 testimonium
693 3851 860 3928 presentes
877 3842 1095 3911 concessimus
1110 3841 1238 3910 litteras
1258 3841 1397 3928 duplicis
1417 3834 1505 3924 sigilli

395 3951 498 4019 nostri
515 3950 691 4016 munimine
707 3950 886 4020 roboratas.
911 3951 1031 4016 Datum
1047 3969 1105 4035 per
1122 3969 1238 4017 manus
1262 3947 1413 4034 Magistri
1427 3949 1504 4014 Sma-

395 4059 492 4144 ragdi
506 4057 660 4125 Albensis
684 4057 831 4124 llcclesic
856 4058 960 4125 Illecti
984 4058 1059 4126 aule
1082 4066 1193 4126 nostre
1215 4052 1502 4137 vicecancellarii,

394 4188 479 4235 auno
495 4164 663 4234 Dominioe
679 4165 920 4233 Incamacionis
936 4164 1107 4235 millesimo
1124 4166 1346 4234 ducentesimo
1363 4167 1503 4253 quinqua·

393 4277 519 4362 gesimo
537 4276 657 4362 quinto,
674 4275 778 4360 Regni
794 4284 902 4344 autem
918 4277 1020 4343 nostri
1037 4296 1123 4344 anno
1140 4276 1310 4361 vigesimo.

392 4475 530 4542 (Eretletie
542 4473 716 4544 bitrhtrtyan,
737 4491 754 4526 a
766 4472 938 4542 sarge-vitris
957 4475 1184 4544 selyemeslutlron
1197 4476 1311 4544 tuggons
1331 4474 1424 4543 peccet
1443 4473 1499 4525 clre-

649 4573 725 4629 suett,
739 4583 756 4620 a
770 4567 849 4618 iudai
862 4566 913 4617 lrir.
927 4567 1049 4619 kamarai
1062 4564 1253 4630 laveltrirbsn.)

821 4764 1086 4774 ....-—---
