3226 5194
652 915 731 985 352.

120 1091 280 1178 Mansrcd
297 1095 428 1158 torentct'
444 1093 609 1180 fejedelem
633 1101 664 1160 e'c
678 1097 795 1162 cier'lioi
818 1096 972 1184 halptanc
988 1123 1008 1164 a
1022 1097 1114 1182 Buri,
1137 1101 1253 1168 Lerina

120 1203 250 1267 necess
266 1202 433 1266 dalmatiai
457 1204 588 1288 uzipeteo
604 1204 670 1268 levo
685 1216 769 1268 azent
784 1204 948 1270 Szilvester
971 1212 1002 1271 e's
1017 1207 1135 1273 Mittor
1149 1231 1253 1276 morro-

395 1315 493 1376 stores
503 1310 695 1396 pcirtfopciso
711 1313 766 1378 alui
781 1315 871 1378 cessi.
887 1311 986 1380 1258.
1211 1313 1212 1316 ’

234 1504 422 1574 Manlredns
439 1505 516 1574 Diui
526 1507 668 1590 Augusti
685 1510 895 1594 Imperatoris
909 1510 1056 1578 Federici
1073 1511 1169 1596 filius,
1190 1511 1253 1578 Dei

120 1616 237 1700 gracia
247 1613 405 1700 Princeps
416 1615 560 1699 Tarenti,
571 1616 691 1682 Montis
705 1616 816 1684 Sancti
828 1617 943 1702 Angeli
954 1618 1124 1704 Dominus,
1136 1625 1168 1684 et
1177 1617 1252 1684 illu·

119 1725 201 1792 stris
217 1722 319 1808 Regis
330 1722 471 1791 conradi
482 1722 624 1790 Secundi
639 1722 672 1788 in
683 1723 797 1808 Regno
812 1723 923 1790 Sicilie
937 1725 1050 1794 Belius
1067 1724 1250 1808 Generalis,

120 1852 183 1919 per
193 1851 331 1918 presens
346 1829 500 1916 seriptum
514 1839 657 1899 nostrum
671 1829 811 1920 (notum)
823 1832 892 1898 fieri
909 1832 1057 1899 volumus
1077 1830 1250 1916 uniuersis,

121 1943 211 2028 qnod
229 1939 427 2007 venerabilis
443 1939 556 2006 Abbas
583 1944 614 2005 et
630 1940 816 2006 Gonuontus
842 1940 1031 2025 Monasterij
1058 1941 1251 2006 Sanctorum

120 2047 273 2117 Siluestri
290 2055 323 2114 et
337 2046 468 2115 Nicolui
485 2045 527 2113 de
543 2047 650 2113 insula
665 2048 745 2114 Bnci
761 2047 1002 2132 Magnificentie
1021 2054 1128 2116 nostre
1144 2047 1248 2114 humi-

121 2159 197 2224 liter
223 2157 503 2248 supplicauerunt,
529 2164 563 2222 vt
579 2157 656 2241 quia
671 2157 704 2223 in
722 2156 836 2222 eadem
862 2156 971 2223 insula
995 2155 1118 2242 degunt
1134 2155 1250 2224 deuote

121 2269 262 2336 Domino
273 2265 478 2346 famulantes,
496 2263 618 2330 dictum
629 2264 792 2330 Abbatem
803 2269 834 2329 ct
845 2263 1056 2350 mouentum,
1073 2271 1247 2332 cooeteros

121 2379 239 2446 iratres
254 2371 457 2457 MonasteriJ,
482 2371 628 2438 eiusdem
644 2393 772 2458 qnoque
787 2372 977 2442 Monasterii
996 2374 1154 2460 homines,
1171 2392 1247 2460 pos-

121 2487 300 2568 sessiones,
326 2479 494 2563 animalia,
521 2498 573 2546 res
590 2500 712 2566 omnes,
739 2488 772 2547 et
788 2482 875 2547 bona
892 2499 1012 2567 eornm,
1039 2501 1102 2566 que
1127 2485 1160 2547 in
1176 2501 1248 2566 pre-

121 2595 306 2664 senciarum
333 2588 419 2656 iuste
443 2586 611 2673 possident
637 2607 677 2653 ac
693 2587 726 2652 in
744 2595 842 2655 antea
868 2589 951 2656 iusto
977 2589 1070 2656 titulo
1097 2595 1249 2674 poterunt

120 2700 273 2790 adipisci,
290 2699 350 2768 sub
365 2694 481 2779 Regia,
498 2703 675 2780 nostraquo
685 2697 883 2782 protectione
900 2697 1048 2782 reolpero
1067 2696 1246 2764 misericor-

122 2812 206 2879 diter
234 2808 451 2893 dignaremnr.
479 2803 547 2872 Nos
563 2825 642 2888 ergo
669 2806 874 2872 attendentes
901 2807 1072 2873 honestam
1098 2805 1198 2870 vitam
1216 2810 1249 2870 et

121 2919 312 3004 religionem
338 2932 458 2996 eorum,
484 2919 516 2977 et
541 2919 575 2978 vt
592 2913 624 2977 in
641 2913 756 2978 eadem
784 2913 891 2978 insula
917 2913 1044 2998 possint
1068 2911 1188 2997 quieta,
1215 2919 1248 2976 et

118 3024 299 3110 tranquilla
314 3018 468 3086 mentium
484 3018 658 3086 deuotione
673 3019 812 3084 Domino
829 3018 998 3102 famulari5
1026 3016 1163 3084 eundem
1180 3015 1245 3080 Ab·

120 3136 239 3215 batem,
257 3131 470 3209 Conuentum,
492 3125 611 3192 iratres
627 3146 715 3213 suos,
732 3127 972 3209 Monastcrium,
998 3124 1155 3208 homines,
1177 3124 1244 3189 aui-

120 3213 232 3324 malia,
258 3245 290 3304 et
305 3243 430 3304 ceteras
448 3253 511 3319 res,
540 3242 571 3300 et
589 3234 673 3300 bona
690 3252 800 3298 eorum
816 3234 850 3298 in
867 3232 1104 3317 presentiarum
1121 3231 1245 3314 habita,

120 3352 173 3420 vel
189 3349 223 3414 in
240 3352 338 3412 antea
353 3342 436 3410 insto
452 3341 546 3408 titulo
563 3340 771 3423 acquirenda,
789 3341 849 3406 sub
860 3339 964 3424 Regia
980 3343 1155 3423 nostraque
1172 3361 1244 3426 pro-

118 3457 260 3526 tectione
285 3451 458 3536 recipimus
484 3447 631 3533 speciali,
661 3448 805 3533 presenti
832 3447 1039 3532 prohibentes
1065 3445 1183 3533 edicto,
1211 3454 1246 3514 vt

118 3567 228 3634 nullus
245 3565 388 3646 quietem
404 3576 515 3624 eorum
530 3556 720 3642 perturbare
745 3565 923 3641 presumat,
952 3557 1005 3622 vel
1021 3556 1110 3641 ipsos
1126 3557 1160 3623 in
1176 3576 1246 3643 per-

120 3673 210 3744 sonis
236 3677 294 3736 ant
309 3666 402 3736 bouis
428 3684 539 3732 eorum
563 3663 736 3750 offendere,
763 3664 816 3730 vel
840 3665 908 3731 suis
924 3667 1032 3748 rebus,
1059 3673 1093 3731 et
1117 3684 1246 3731 suornm

119 3785 284 3850 hominum
310 3779 468 3845 violenter
483 3773 617 3839 auffere.
644 3773 740 3852 Quod
756 3771 812 3854 qui
837 3771 1080 3857 presumpserit,
1108 3771 1245 3856 Regiam

120 3901 153 3960 et
177 3895 321 3958 nostram
346 3881 603 3966 indignationem
628 3901 664 3972 se
685 3880 811 3946 nouerit
836 3881 1047 3946 incursurum.
1074 3877 1127 3942 Ad
1152 3877 1245 3944 huius

118 4003 229 4084 itaque
253 3991 463 4082 protectionis
479 3996 589 4057 nostre
615 3990 801 4055 memoriam
826 3997 859 4054 et
875 3987 1028 4052 stabilem
1053 3984 1247 4067 firmitatem,

118 4125 253 4198 presens
270 4101 426 4186 scriptum
443 4097 521 4180 fieri,
549 4103 581 4163 et
597 4096 706 4180 sigillo
727 4102 837 4162 nostro
864 4092 1017 4160 iussimus
1041 4091 1243 4158 communiri.

119 4222 240 4288 Datum
256 4210 409 4278 Panormi
434 4228 493 4294 per
509 4226 623 4272 manus
641 4203 799 4286 Gualtcrij
825 4204 865 4269 de
882 4201 961 4266 Orto
976 4200 1079 4283 Regni
1096 4197 1243 4267 Hieroso-

118 4323 257 4397 limitani
283 4325 318 4386 et
341 4317 452 4384 Sicilie
477 4315 674 4382 Cancellaril
700 4332 785 4378 anno
809 4311 979 4378 Dominice
1005 4303 1244 4392 incarnationis

118 4442 161 4506 rr
173 4434 288 4504 oen
300 4431 389 4496 vnn
407 4447 517 4494 mone
532 4403 624 4510 rinij
643 4425 747 4510 prime
763 4422 962 4490 ruriconis.

363 4592 477 4656 <Lusius
491 4591 619 4640 Memorio
633 4585 754 4638 storiche
765 4586 810 4636 die
821 4586 893 4636 Trou
910 4585 969 4636 105.
983 4581 1012 4648 l.)

556 4750 810 4762 ——a--.—

1017 4787 1084 4845 32*
