3226 5194
833 340 993 440 fin.-

425 615 428 619 ,
460 534 531 617 Ego
547 535 675 600 Marcus
692 535 828 603 Totulus
846 535 1052 605 Consiliator.

457 639 527 725 ligo
543 641 707 708 Mamilius
725 643 857 728 Georgii
876 641 1083 711 Consiliator.

456 745 528 832 Ego
545 749 673 815 Marcus
689 749 792 815 Aurio
809 750 1016 818 Consiliator.

456 855 528 940 Ego
545 857 740 925 Thomasius
758 859 952 927 Mauroceno
971 856 1178 926 Consiliator.

459 964 529 1050 ligo
545 965 703 1033 Nicolaus
721 966 874 1046 Quirinus
891 965 1096 1035 Consiliator.

350 1072 420 1156 Ego
437 1070 602 1141 Corradus
612 1073 748 1141 Ducalis
759 1073 864 1140 Aulae
875 1075 1083 1140 Venetiarum
1100 1072 1326 1139 cancellarius
1346 1071 1400 1137 his
1413 1093 1480 1138 om·

349 1178 444 1248 nibus
469 1179 611 1266 interlui,
639 1182 727 1249 etde
755 1183 909 1250 mandato
935 1181 1039 1268 ipsios
1066 1178 1189 1248 domini
1210 1179 1312 1248 Ducis
1348 1179 1479 1265 scripsi,

350 1287 520 1374 complevi,
545 1289 696 1357 roboravi
713 1297 773 1356 etc.

547 1468 672 1533 (Parlat'r,
686 1469 825 1536 Illyricum
838 1469 950 1525 Sacrum
965 1471 996 1522 V.
1011 1471 1067 1520 lrllt.
1081 1471 1143 1526 2⁹9.
1156 1469 1224 1524 slrdv
1237 1470 1277 1536 lt)

352 2381 439 2450 tuot
454 2382 573 2468 loirdlys'
581 2381 854 2450 tornodotcateraelc
868 2384 1006 2447 terraer-a·
1018 2381 1293 2468 birtoloeztctlpo'rc
1309 2381 1479 2447 eonatlozo'

768 2487 930 2574 olundopa.
954 2491 1050 2554 1260.

457 2685 526 2754 Nos
552 2682 611 2749 Ch.
636 2681 794 2768 Magister
818 2684 1076 2752 Tanamioornm
1101 2683 1200 2770 Regis
1224 2690 1257 2750 et
1283 2685 1329 2752 St.
1356 2685 1475 2752 Comes

351 2788 556 2860 Zaladiensis
582 2809 639 2878 per
654 2796 799 2859 tenorem
816 2793 1021 2880 presencium
1045 2791 1163 2875 quibus
1179 2790 1313 2878 expedit
1328 2791 1477 2859 declara·

349 2920 431 2988 mus,
449 2899 619 2986 quodcum
635 2900 819 2986 altercacio,
838 2901 994 2986 quainter
1009 2898 1125 2968 iratres
1136 2906 1275 2986 nostros,
1292 2902 1477 2986 Mycaelem

350 3005 475 3075 scilicet
502 3006 659 3076 Comitem
684 3028 724 3075 ex
748 3029 814 3075 nna
830 3013 932 3095 parte,
959 3015 990 3076 et
1007 3007 1230 3076 Lanceredum
1255 3007 1414 3074 Comitem
1435 3027 1477 3074 ex

351 3113 456 3183 altera
472 3134 569 3201 super
595 3112 757 3183 divisione
772 3115 1016 3202 possessionum
1043 3123 1156 3186 exorta
1179 3118 1308 3184 luerunt
1325 3113 1424 3204 (tgy),
1442 3121 1478 3183 ut

350 3221 433 3290 inter
450 3221 539 3310 ipsos
556 3224 649 3311 pacis
665 3221 884 3309 tranquillitas
900 3244 958 3294 seu
982 3222 1156 3294 concordia
1174 3223 1414 3310 reformaretur,
1433 3223 1477 3289 ad

350 3336 494 3398 nostram
505 3339 712 3400 accesserunt
728 3332 950 3418 presenciam
968 3335 1023 3417 qui
1039 3331 1115 3399 licet
1125 3329 1251 3398 diucius
1268 3349 1366 3399 uoces
1376 3351 1481 3417 snper

349 3436 436 3504 facto
454 3443 664 3523 mutuassent,
681 3445 790 3505 tamen
807 3437 849 3506 ad
865 3438 1006 3505 inuicem
1021 3437 1204 3507 omnimode
1224 3437 1402 3505 secundum
1418 3460 1477 3525 pa·

349 3543 397 3610 cis
424 3543 619 3612 instanciam
636 3545 866 3632 discesserunt,
892 3546 1002 3613 taliter
1018 3552 1127 3612 tamen
1146 3546 1267 3612 factum
1292 3546 1476 3631 possessio-

348 3668 425 3717 num
452 3649 655 3731 ordinantes,
681 3659 717 3719 ut
742 3652 896 3741 deinceps
920 3654 953 3718 in
980 3654 1070 3721 nullo
1095 3650 1228 3718 racione
1255 3653 1477 3738 possessionis

348 3758 512 3850 predictus
538 3757 574 3824 L.
601 3759 758 3826 Comitem
784 3760 989 3844 Myohaelem
1014 3766 1192 3846 pretaxate
1219 3759 1272 3825 uel
1300 3760 1477 3829 molestare

347 3869 467 3938 debeat
482 3867 534 3935 uel
550 3873 726 3955 presumat,
753 3888 825 3935 cum
843 3869 974 3938 omnino
991 3868 1078 3935 idem
1098 3868 1215 3935 Comes
1232 3869 1275 3936 ll.
1292 3869 1478 3936 racionabi-

348 3978 423 4048 liter
447 3979 490 4046 sit
516 3983 689 4046 excusatus
716 3983 749 4045 et
774 3984 945 4065 separatus
972 3979 1006 4044 in
1032 3978 1192 4046 diuisione
1219 3979 1475 4063 possessionum.

347 4085 612 4155 Inter--bat
637 4086 741 4153 eciam
757 4085 873 4154 Comes
890 4088 943 4170 ir,
971 4093 1006 4154 ut
1029 4087 1172 4170 quadam
1197 4091 1285 4153 terra
1301 4087 1365 4154 sita
1391 4089 1478 4155 inter

348 4195 539 4264 Drauuaam
564 4199 597 4261 et
612 4195 746 4280 Murum,
774 4215 836 4280 que
852 4202 1040 4263 nosceretur
1056 4231 1100 4242 —
1116 4232 1159 4242 -
1180 4232 1221 4243 -
1237 4232 1281 4244 -
1293 4200 1343 4261 ter
1359 4193 1475 4263 eodem

350 4303 444 4396 modo
455 4340 715 4353 —————
728 4303 772 4370 ad
786 4301 894 4390 ipsum
905 4309 1017 4390 posset
1028 4301 1200 4390 pertinere,
1219 4302 1360 4386 qualitor
1370 4303 1476 4370 eciam

349 4411 467 4479 attinet
490 4410 533 4477 ad
560 4413 717 4478 Comitem
742 4411 934 4498 Mycaelem‚
961 4431 1058 4496 super
1073 4431 1136 4494 quo
1163 4410 1266 4476 eciam
1294 4409 1410 4475 Comes
1432 4412 1475 4475 ll.

349 4517 557 4599 contradixit,
575 4526 608 4584 et
623 4517 786 4587 iusticiam
803 4539 895 4585 suam
912 4517 1155 4585 racionabiliter
1176 4516 1421 4602 demonstrauit,
1438 4527 1475 4582 ut

348 4625 381 4690 in
399 4625 486 4691 nullo
504 4624 547 4692 ad
564 4626 808 4693 iuridiccionem
829 4625 963 4694 Comitis
980 4627 1015 4692 L.
1032 4623 1216 4712 pertineret,
1243 4622 1302 4690 sed
1318 4625 1392 4709 ipse
1408 4645 1476 4692 onr-
