3210 5194
778 326 935 426 ,ρες-

293 530 438 599 seruicia
452 537 520 596 tam
536 526 569 591 in
590 525 713 608 Regno,
730 541 828 608 quam
843 531 938 590 extra
948 525 1106 608 Regnum,
1126 523 1269 590 maxime
1279 527 1431 608 tempore

294 634 535 728 persecucionis
557 632 699 700 barbare
713 630 863 700 nacionis
879 633 1092 700 llartsrorum
1111 628 1311 718 inpartibus
1325 627 1430 696 mari·

294 747 385 813 timis
400 743 622 812 indesinenter
638 745 670 808 et
685 738 850 808 indefesse
869 739 1094 828 impendisset,
1114 737 1172 824 ita,
1188 745 1225 805 ut
1239 737 1335 807 titulo
1354 756 1431 825 pro

295 851 407 919 bitetis
432 850 539 937 ipsius
565 866 676 917 coram
692 851 802 914 nostre
824 845 1008 914 Maiestatis
1025 845 1128 912 oculis
1155 844 1430 913 commenlsbilis

293 961 488 1044 haberetur3
506 977 577 1042 nos,
594 959 678 1024 siout
695 955 842 1040 decebat,
861 956 976 1024 merita
992 952 1138 1022 eiusdem
1149 953 1275 1021 eximia
1286 955 1429 1022 inremu-

295 1074 411 1134 nerata
425 1065 574 1134 nolentes
598 1062 807 1152 pertransire,
824 1061 900 1128 licet
915 1061 1032 1130 maiori
1055 1060 1364 1147 recompensacione
1379 1060 1429 1127 di-

296 1191 364 1256 gna
378 1171 571 1256 extitissent,
598 1176 719 1236 terram
735 1167 841 1234 Pouse
856 1166 915 1252 diij
931 1167 1090 1234 Radislov
1113 1166 1299 1254 iobagionis
1318 1166 1427 1235 Oestri

296 1277 565 1361 ltinchiniensis,
591 1274 721 1342 nomine
736 1273 896 1360 Wychap,
914 1273 986 1341 siue
1004 1291 1192 1342 successore
1206 1274 1354 1359 legitimo
1371 1274 1427 1342 dc-

294 1385 408 1469 iunoti,
434 1404 498 1470 que
513 1384 637 1472 pariter
660 1401 733 1450 cum
749 1382 826 1468 aliJs
852 1389 992 1468 quatuor
1007 1382 1096 1450 uillis
1111 1382 1216 1469 ipsius
1242 1381 1286 1448 ad
1307 1403 1426 1450 manus

297 1499 425 1561 nostras
451 1491 628 1558 seeundum
656 1489 873 1577 approbatam
898 1489 1004 1574 Regni
1029 1489 1132 1556 nostri
1157 1487 1426 1557 consuetudinem

295 1599 404 1666 fueret
420 1597 585 1681 deuoluta,
611 1596 759 1684 predicto
775 1595 864 1663 fideli
878 1603 990 1664 nostro
1016 1594 1169 1662 duximus
1192 1595 1426 1664 conferendam

295 1712 362 1772 tem
379 1705 522 1793 abipso,
548 1723 647 1789 quam
663 1703 846 1790 peripsum
872 1705 915 1770 ab
930 1702 1036 1789 ipsius
1056 1700 1232 1769 heredibus
1256 1703 1427 1770 heredum-

295 1829 358 1896 que
374 1811 618 1879 successoribus
633 1811 704 1876 iure
719 1818 878 1896 perpetuo
904 1809 1148 1896 possidendam,
1173 1817 1207 1877 et
1221 1811 1425 1896 perfidelem

294 1926 441 1987 nostrum
449 1917 680 2005 Bogomerium
690 1915 850 1984 Comitem
860 1915 1141 1985 'l'rinolriniensem
1158 1917 1339 1985 eundemin
1349 1937 1426 2004 pos·

296 2025 477 2094 sessionem
501 2025 607 2111 ipsius
623 2033 710 2090 terre
734 2022 936 2108 corporalem
961 2022 1097 2090 fecimus
1122 2023 1294 2092 introduci.
1320 2024 1424 2093 (luins

297 2138 385 2199 terre
409 2140 495 2199 mete
519 2138 553 2196 et
577 2129 811 2214 commetanei‚
842 2130 925 2204 sicut
949 2148 1008 2215 per
1031 2131 1169 2198 eundem
1194 2131 1425 2218 Bogomerium

296 2237 453 2304 Comitem
479 2236 652 2304 didicimus
680 2235 741 2304 hoc
767 2236 881 2304 ordine
906 2235 1136 2322 distinguntur.
1170 2239 1291 2325 Incipit
1314 2242 1425 2326 prima

294 2354 381 2412 meta
397 2344 440 2412 de
464 2344 561 2412 fluuio
579 2345 673 2428 Weg,
692 2343 785 2409 uadit
800 2344 844 2409 ad
867 2353 1021 2428 stagnum
1037 2345 1208 2431 Puruska3
1235 2352 1268 2413 et
1281 2349 1358 2414 inde
1374 2369 1424 2414 rc·

295 2454 443 2537 flectitur,
462 2451 554 2519 uadit
564 2452 609 2517 ad
622 2449 785 2534 quendam
802 2457 953 2535 montem,
975 2460 1008 2519 et
1023 2449 1070 2516 ibi
1083 2459 1133 2518 est
1149 2460 1236 2519 meta
1252 2455 1312 2520 sub
1329 2455 1422 2540 piro;

294 2561 370 2627 hinc
385 2561 556 2646 egrediens
572 2559 721 2646 procedit
736 2577 795 2643 per
810 2559 927 2626 collem
943 2576 1046 2642 usque
1069 2559 1113 2625 ad
1129 2561 1300 2626 confinium
1316 2563 1423 2629 Mora·

295 2667 367 2750 uic;
394 2672 427 2733 et
441 2665 518 2732 inde
535 2665 738 2732 descendens
763 2683 822 2750 per
842 2683 961 2748 aquarn
979 2665 1119 2751 'luhync
1133 2667 1227 2734 uadit
1250 2687 1352 2753 usque
1378 2667 1424 2734 ed

294 2773 406 2841 uillam
426 2771 583 2856 Tuhyna3
608 2771 685 2837 hinc
710 2790 787 2838 vero
814 2771 989 2838 reflectitur
1015 2771 1058 2839 sd
1083 2774 1235 2839 arbustas
1260 2773 1421 2857 quasdam

295 2879 477 2966 procedens
502 2898 562 2965 per
578 2898 738 2964 campum,
766 2874 859 2943 uadit
884 2878 927 2944 sd
944 2897 1097 2962 magnam
1121 2879 1220 2963 uiam,
1247 2886 1279 2945 et
1299 2880 1345 2948 ibi
1371 2890 1422 2949 est

295 2991 400 3069 meta;
427 2990 460 3052 et
474 2984 551 3050 iude
568 2984 793 3051 denscendens
819 2985 863 3051 ad
878 2983 1000 3051 dictum
1025 2985 1157 3050 fluuium
1174 2987 1260 3069 ng
1276 2986 1361 3054 redit
1377 2989 1422 3055 sd

296 3099 415 3158 metam
440 3091 592 3178 priorem.
619 3089 843 3157 (lommctanei
859 3097 966 3156 autom
993 3096 1068 3157 sunt
1083 3093 1166 3159 Puth
1183 3093 1223 3159 de
1239 3093 1320 3160 uilla
1335 3095 1421 3161 Putlu

293 3219 335 3264 en
360 3219 426 3265 una
442 3207 545 3286 parte,
572 3205 605 3264 et
630 3218 671 3265 ex
688 3197 793 3264 alters
808 3198 1003 3264 Leustucius
1019 3197 1117 3264 filius.
1143 3199 1185 3264 Vt
1200 3199 1300 3283 igitur
1324 3201 1421 3267 huius

292 3313 403 3373 nostre
430 3305 619 3372 donacionis
646 3305 748 3371 series
765 3305 861 3371 selua
876 3325 1005 3391 semper
1032 3310 1063 3370 et
1079 3305 1274 3372 inconcussa
1293 3326 1420 3391 perma-

292 3419 378 3493 neat,
394 3431 455 3476 nec
470 3411 575 3496 possit
590 3411 634 3476 ab
651 3410 761 3493 aliquo
778 3431 932 3478 successu
948 3420 1128 3498 temporum
1144 3415 1324 3500 retractarj‚
1348 3405 1422 3501 pre·

291 3524 400 3585 sentes
424 3516 644 3582 concessimus
672 3516 797 3585 litteras
813 3516 979 3606 dupplicis
1002 3519 1106 3605 sigilli
1121 3521 1226 3586 nostri
1242 3521 1420 3588 munimine

294 3625 506 3709 perhenniter
521 3627 704 3696 roboratas.
722 3629 843 3695 Datum
859 3649 943 3697 anno
960 3629 1070 3714 gracie
1087 3629 1259 3699 millesimo
1270 3631 1421 3700 ducente·
1482 3691 1486 3699 .

290 3731 373 3798 simo
390 3732 642 3816 quadragesimo
657 3735 769 3819 tercio,
796 3755 880 3803 nono
897 3735 1058 3803 kalendas
1073 3736 1163 3822 Maij,
1185 3737 1288 3822 Regni
1308 3746 1419 3806 autem

287 3839 392 3907 nostri
408 3859 493 3906 anno
511 3845 637 3909 octavo.

284 3997 424 4063 (Eredetie
436 3998 609 4069 bllrhdrtydn‚
628 4003 742 4069 melyrdl
755 4018 772 4054 a
784 3999 874 4069 kirdly
886 4005 975 4057 kettds
997 4002 1161 4071 pecsdtdnelr
1174 4005 1303 4060 tdreddlre
1323 4005 1417 4076 sdrga·

339 4085 490 4139 violsszlnli
504 4088 731 4155 selyomzsindron
745 4091 822 4160 sugg,
835 4106 852 4142 a
866 4091 949 4143 budai
962 4093 1013 4143 kir.
1027 4093 1151 4145 kamarai
1163 4093 1354 4161 levdltdrbau.)
