3168 5186
832 389 965 487 AM-

346 585 415 650 alia
431 585 504 651 iura
519 585 658 670 predicti
669 586 777 652 Casiri
792 585 939 654 indebite
949 593 1113 674 occupata
1129 594 1333 674 renocsrcnt,
1347 595 1382 654 et
1392 588 1486 656 ieba-
1541 659 1546 667 ,
1566 565 1580 576 ’

345 692 478 774 gicnnm
496 692 603 759 Castri
620 699 737 776 terras,
753 713 855 778 super
870 694 989 779 quibus
1004 700 1131 762 nonest
1146 695 1331 780 contencio,
1348 701 1383 762 ct
1400 715 1487 781 quas

346 819 368 864 a
385 799 502 866 Castro
519 798 677 869 haetenus
693 802 829 887 pacifice
845 807 1029 886 tenuemnt,
1049 823 1071 868 a
1085 804 1184 871 terris
1200 805 1421 872 castrensium
1437 825 1489 871 rc·

345 907 563 992 ambularent,
579 917 612 976 et
623 910 747 976 eisdem
765 909 995 995 iobagionibus
1006 909 1115 979 (taetri
1126 911 1360 997 relinquerent,
1376 933 1490 980 nouas

342 1021 451 1084 'metas
476 1019 569 1084 iuxta
593 1025 721 1085 ueteres
747 1019 918 1103 elenando,
944 1041 986 1088 ue
1011 1019 1052 1086 de
1079 1027 1190 1087 cetero
1206 1020 1333 1105 questio
1353 1021 1488 1090 moueri

346 1125 450 1208 possit
466 1126 672 1209 aliquatenus
687 1125 728 1193 de
739 1126 874 1193 eisdem.
891 1126 1008 1211 Igitur,
1020 1127 1104 1194 sicut
1121 1127 1206 1196 idem
1220 1129 1378 1212 Magister
1389 1129 1489 1196 Cbak

346 1239 421 1317 post
445 1231 505 1300 bec
529 1234 573 1300 ad
588 1255 649 1302 nos
665 1234 797 1302 rediens
813 1235 936 1322 retulit,
954 1242 1059 1304 terras
1076 1235 1254 1322 Desuichc,
1277 1237 1489 1321 Bursonocb,

351 1340 464 1406 Pulmr
479 1347 512 1408 et
528 1341 676 1408 Lunheta
693 1347 899 1426 nuncupatus
916 1343 1041 1410 inuenit
1056 1363 1115 1427 per
1130 1345 1305 1410 Martinum
1321 1345 1489 1413 Comitem

345 1448 449 1514 lilium
465 1447 566 1532 Turb,
590 1449 795 1532 icbagionem
812 1449 892 1515 dicti
909 1450 1027 1535 Castri,
1045 1453 1088 1518 ab
1105 1453 1241 1536 antiquo
1258 1452 1396 1538 pacifice
1412 1474 1488 1538 pcs-

346 1556 466 1642 sideri,
492 1577 591 1643 super
606 1577 697 1643 quas,
716 1564 811 1643 prout
828 1559 1016 1626 menolatum
1033 1561 1164 1628 anobis
1179 1560 1350 1647 habuerat,
1376 1581 1485 1628 nonas

348 1671 452 1733 metas
478 1665 555 1733 fecit
580 1668 705 1735 elenari
721 1669 814 1735 iuxta
830 1674 971 1741 ueteres.
1014 1670 1157 1748 Quarum
1185 1672 1289 1738 eciam
1320 1677 1485 1738 terrarum

349 1783 443 1860 mete,
460 1781 557 1862 prout
571 1774 658 1842 idem
674 1777 833 1860 Magister
843 1775 936 1843 Ghslr
953 1779 1014 1846 sub
1030 1777 1143 1862 sigillo
1154 1778 1366 1848 Chasmensis
1384 1777 1485 1864 Capi·

229 1879 232 1886 '
348 1883 410 1949 tuli
435 1883 530 1951 nobis
555 1884 589 1950 in
615 1883 746 1968 seriptis
771 1887 986 1970 presentauit,
1010 1887 1071 1953 hoc
1096 1886 1211 1954 ordine
1235 1887 1483 1971 distinguntur:

346 1991 469 2078 Incipit
495 1991 580 2059 enim
596 1992 703 2075 prima
718 1999 806 2060 meta
820 1999 907 2061 terre
920 1992 1088 2061 Desnicha
1108 1997 1142 2061 in
1159 1995 1268 2080 capite
1292 1995 1396 2062 riuuli
1412 1995 1484 2061 Pri·

346 2100 433 2186 byn,
458 2101 534 2168 inde
550 2100 717 2169 asscendit
732 2103 774 2168 ad
800 2101 887 2168 uiam
905 2101 946 2168 ad
963 2109 1080 2169 metam
1107 2104 1169 2171 sub
1185 2101 1288 2170 tribus
1305 2103 1484 2170 arboribus

348 2211 524 2297 pertonsa,
547 2217 579 2277 et
595 2229 653 2294 ρετ
669 2229 741 2277 eam
757 2209 847 2276 niam
863 2212 957 2277 iuxta
973 2218 1092 2278 terram
1110 2211 1239 2278 Gordus
1256 2211 1351 2279 uadit
1368 2231 1484 2278 uersus

347 2319 507 2385 orientem
524 2337 627 2403 usque
647 2317 691 2384 ad
706 2326 824 2384 metam
850 2325 1009 2404 terreum,
1033 2319 1109 2386 inde
1134 2320 1305 2386 declinans
1332 2319 1425 2388 eadit
1450 2321 1483 2386 in

347 2424 493 2510 uallem,
525 2446 589 2510 que
615 2424 706 2493 ducit
726 2427 868 2493 riuulum
893 2424 1061 2494 Desnicha
1084 2427 1118 2494 in
1144 2435 1231 2494 meta
1256 2435 1367 2496 terrea
1391 2429 1485 2495 iuxta

347 2553 487 2620 aquam3
519 2533 597 2602 inde
621 2556 682 2622 per
707 2534 844 2602 eandem
869 2555 988 2620 aquam
1015 2539 1121 2622 uergit
1145 2535 1282 2605 inferius
1306 2556 1414 2624 usque
1438 2537 1483 2603 ad

348 2644 464 2726 locum,
490 2643 545 2708 ubi
562 2644 630 2710 exit
646 2643 689 2709 ad
704 2663 855 2728 magnam
873 2643 961 2711 uiam
977 2644 1010 2710 in
1028 2653 1132 2730 meta;
1154 2665 1215 2732 per
1240 2644 1345 2732 ipsam
1373 2652 1482 2714 autem

347 2752 447 2836 uiam,
460 2772 524 2836 que
534 2750 691 2819 disceruit
710 2750 832 2819 limites
847 2750 948 2835 Garig
958 2759 990 2820 et
1001 2752 1215 2837 Gressencha,
1235 2752 1327 2820 uadit
1336 2754 1380 2820 ad
1393 2773 1482 2820 mon·

346 2867 411 2926 tem
430 2861 473 2926 ad
498 2867 618 2926 metam
635 2860 697 2928 sub
713 2861 828 2927 arbore
853 2861 958 2945 ιιιίρίις
983 2860 1063 2927 inde
1082 2860 1252 2929 descendit
1272 2863 1306 2928 in
1324 2867 1426 2947 capnt
1441 2859 1479 2926 ri-

348 2968 418 3034 uuli
434 2969 551 3055 Ripan,
574 2971 629 3037 ubi
657 2974 708 3036 cst
732 2973 820 3035 meta
845 2989 885 3036 ex
902 2974 996 3054 parte
1012 2968 1242 3055 meridionali,
1266 2990 1326 3055 per
1342 2970 1480 3039 eundern

347 3076 492 3146 riuulum
504 3077 673 3148 descendit
689 3097 804 3145 uersus
816 3077 1025 3162 occidentem,
1041 3083 1074 3143 ct
1090 3078 1184 3145 uadit
1200 3078 1358 3164 usquead
1375 3079 1481 3146 locum

346 3187 402 3254 nbi
419 3185 487 3252 exit
511 3186 554 3254 ad
578 3187 696 3254 siccam
713 3185 843 3271 vallem,
867 3207 929 3271 que
956 3187 1045 3253 ducit
1065 3185 1108 3253 ad
1131 3193 1275 3254 montem
1302 3187 1346 3254 ud
1362 3192 1480 3254 meum

347 3303 507 3382 terream3
530 3295 573 3364 de
596 3301 709 3363 monte
732 3295 904 3364 descendit
927 3315 986 3382 per
1010 3315 1110 3364 unam
1135 3297 1256 3364 vallem
1280 3298 1315 3365 in
1340 3296 1480 3364 riunlum

346 3401 471 3487 Pribin,
488 3422 653 3488 perquem
673 3404 848 3470 reuertitur
859 3404 1012 3490 adcaput
1028 3403 1183 3490 eiusdem,
1200 3405 1255 3473 ubi
1272 3405 1379 3491 prima
1395 3417 1481 3470 meta

347 3510 411 3577 suit
422 3509 586 3596 inchoata,
607 3513 717 3596 ibique
729 3510 935 3580 terminatur.
953 3511 1033 3580 Item
1054 3513 1160 3597 prima
1171 3519 1260 3580 meta
1275 3519 1362 3578 terre
1372 3510 1480 3579 Pukur

347 3617 464 3704 incipit
480 3638 578 3705 super
600 3621 705 3706 ripam
721 3621 864 3689 fluminis
880 3619 1069 3707 Zoploneha
1086 3621 1120 3689 in
1136 3619 1237 3706 ualle,
1260 3641 1323 3705 que
1341 3620 1433 3687 ducit
1447 3620 1479 3686 in

347 3727 440 3796 aliud
458 3728 578 3796 flumen
593 3730 726 3796 nomine
741 3727 872 3816 Palam,
889 3735 923 3797 ct
937 3748 997 3813 per
1012 3729 1107 3796 illum
1117 3727 1211 3796 uadit
1226 3726 1363 3795 inferius
1381 3747 1480 3811 usque

347 3835 390 3903 ad
406 3836 525 3922 locum,
542 3837 599 3905 ubi
614 3837 766 3922 predicta
776 3859 864 3923 aqua
874 3835 1050 3923 Zopuucba
1066 3837 1156 3906 cadit
1172 3836 1207 3902 in
1222 3835 1353 3919 Pukur;
1377 3844 1410 3902 et
1425 3856 1480 3923 ρετ

345 3944 555 4031 Zopuncham
580 3947 755 4014 reuertitur
780 3947 815 4013 in
837 3945 1022 4032 predictam
1039 3945 1170 4030 uallem,
1196 3945 1253 4012 ubi
1271 3944 1382 4027 primu
1396 3951 1480 4011 meta

346 4055 409 4122 luit
424 4054 556 4140 incepta
576 4075 617 4122 ex
633 4062 728 4142 parte
743 4062 828 4123 terre
847 4054 1031 4123 Michaelis.
1056 4054 1138 4122 Item
1155 4053 1261 4142 prima
1275 4059 1364 4120 meta
1378 4053 1478 4120 cuius·

347 4164 422 4230 dum
439 4163 603 4249 particule
611 4172 709 4250 terre,
726 4184 790 4249 que
800 4165 929 4233 Lonatu
945 4169 1090 4250 uocatur,
1111 4163 1229 4251 incipit
1244 4181 1303 4248 per
1319 4161 1477 4248 quendam

345 4292 477 4342 cursum
504 4291 599 4358 aque,
623 4273 679 4357 qui
702 4271 744 4340 de
760 4269 893 4342 flumine
908 4271 1025 4341 Lunha
1040 4272 1118 4358 exit,
1144 4279 1176 4340 ct
1192 4278 1325 4359 separat
1342 4291 1364 4339 a
1379 4271 1477 4356 pisca·

344 4381 470 4452 toribus
480 4381 589 4453 Casiri
600 4380 825 4470 Gressenicbe,
843 4383 900 4468 qni
917 4388 951 4450 et
965 4401 1081 4466 parum
1093 4387 1179 4449 terre
1190 4378 1306 4448 circuit
1321 4379 1356 4447 in
1368 4397 1476 4468 campo

344 4512 405 4577 pro
421 4490 570 4560 sessione
585 4491 786 4578 piscatorum
801 4509 943 4576 suorum,
957 4491 994 4557 'et
1010 4490 1104 4559 iuxta
1119 4489 1239 4558 siluam
1256 4487 1474 4556 reuertiturin

346 4599 479 4668 flurrium
497 4599 730 4687 supradictum.
754 4597 839 4668 Item
863 4600 971 4687 prima
985 4607 1073 4670 meta
1098 4603 1185 4668 terre
1200 4597 1414 4667 Bursonouoh
1431 4597 1475 4663 in·

345 4711 424 4796 cipit
440 4717 474 4784 in
491 4717 600 4780 monte
617 4708 719 4797 Garig
735 4709 769 4778 in
793 4731 857 4780 una
873 4718 961 4780 meta
977 4710 1036 4781 sub
1054 4712 1173 4778 arbore
1188 4707 1293 4796 tclfa3
1318 4713 1351 4775 et
1366 4704 1477 4774 deinde
