3168 5186
874 420 907 426 ,,
920 325 984 424 392
1004 420 1023 426 -

386 529 626 621 presumpserit,
652 527 909 612 indignationem
935 523 1177 610 omnipotentis
1197 521 1261 587 Dei
1286 529 1317 585 et
1341 518 1523 584 Beatornm
1575 557 1576 596 3

387 641 475 708 Petri
492 647 525 706 et
534 638 628 705 Pauli
639 636 869 722 Apostolorum
885 633 955 700 eius
971 651 1007 700 se
1017 631 1145 698 noverit
1162 629 1381 696 incursurum.
1402 625 1524 690 Datum

388 748 528 835 Neapoli
544 747 629 812 VllI.
657 743 817 812 kalendas
834 741 913 810 Maii
928 741 1140 810 Pontificatns
1167 739 1268 806 nostri
1286 756 1379 801 anno
1409 731 1524 817 primo.

436 948 573 1012 (Theiner.
587 948 685 998 Vetera
698 948 874 998 blonumeuta
886 941 1027 995 Slavorum
1041 939 1258 991 Moridionalium
1272 939 1293 986 l.
1309 937 1370 986 lrdt.
1384 934 1436 981 8l.
1451 927 1483 996 l.)

913 1676 990 1744 279.

396 1860 418 1925 I
423 1861 455 1926 V.
467 1862 595 1928 suasor
608 1863 696 1946 pdpa
712 1859 923 1926 Guluuabanus
937 1859 1059 1922 decutet
1075 1858 1172 1919 timui
1182 1854 1363 1942 piispo'luelr
1379 1854 1527 1918 lineos.

907 1964 1004 2030 1255.

503 2145 691 2216 Alexander
706 2148 889 2234 Episcopus
904 2163 1017 2212 servus
1037 2163 1202 2212 servorum
1217 2144 1280 2210 Dei
1297 2142 1435 2210 dilectis
1451 2141 1524 2208 filiis

399 2309 405 2323 .
424 2307 431 2322 .
450 2307 457 2324 .
474 2256 711 2323 Arcbidiaeono
728 2263 760 2321 et
775 2252 927 2343 capitulo
940 2251 1213 2338 lbagnriensibus
1230 2253 1370 2320 salutem
1388 2259 1425 2319 et
1440 2251 1524 2336 Apo-

397 2365 547 2434 stolieam
562 2362 830 2432 benedictionem.
850 2361 941 2430 Licet
956 2362 1142 2430 continuata
1157 2361 1458 2447 supervenientium
1473 2379 1522 2426 ne-

398 2474 558 2558 gotiorum
582 2471 741 2538 instantia
766 2489 845 2556 nos,
877 2471 931 2555 qui
958 2471 1150 2558 disponente
1175 2469 1314 2537 Domino
1342 2468 1521 2537 universali

398 2582 550 2668 regimini
575 2600 771 2667 quamquam
796 2579 1067 2648 insufficientibus
1094 2580 1217 2646 meritis
1236 2578 1455 2666 presidemus,
1479 2577 1519 2642 in-

399 2690 538 2760 sultibus
553 2691 689 2778 impetat
704 2689 910 2774 successivis,
926 2689 1111 2758 sollicitudo
1128 2697 1236 2757 mmen
1253 2689 1396 2755 omnium
1412 2687 1519 2754 Eccle-

398 2799 519 2868 siarum
545 2799 666 2867 nostris
690 2800 878 2866 incumbens
892 2799 1047 2884 humeris,
1071 2804 1162 2867 tanto
1187 2799 1307 2866 arctim
1330 2796 1517 2882 quotidiana

398 2929 459 2976 nos
470 2905 680 2975 meditatione
692 2912 855 2993 perurget,
872 2911 991 2992 quanto
1002 2907 1045 2974 ad
1060 2906 1095 2973 id
1104 2926 1213 2974 sumus
1224 2904 1413 2993 specialius,
1424 2906 1518 2971 immo

399 3014 611 3104 principalius
622 3015 779 3103 deputati.
799 3015 879 3082 (lum
895 3015 996 3100 igitur
1005 3036 1064 3101 per
1078 3015 1204 3082 litteras
1219 3021 1358 3098 vestras,
1374 3021 1409 3080 et
1423 3013 1517 3080 ctiam

401 3145 458 3212 per
473 3124 625 3192 dilectum
650 3123 751 3192 filium
767 3125 910 3191 llarcum
926 3124 1155 3206 Presbiterum,
1180 3134 1212 3190 ct
1228 3122 1424 3192 Gervasium
1445 3121 1517 3188 Dia·

401 3252 528 3316 conum,
545 3231 727 3300 Canonicos
743 3238 879 3317 vestros,
899 3253 980 3318 quos
995 3233 1036 3300 de
1050 3232 1206 3301 fidelitate
1221 3240 1253 3300 et
1263 3233 1435 3318 diligentia
1451 3232 1515 3318 plu·

400 3343 513 3408 nimum
524 3341 797 3426 commendamus,
813 3342 909 3410 nobis
925 3342 1062 3410 duxistis
1073 3363 1145 3410 cum
1160 3341 1317 3410 instantia
1335 3343 1515 3429 supplican-

402 3449 488 3533 dum,
515 3456 549 3517 nt
565 3448 713 3518 Ecclesie
738 3454 846 3517 vestre
864 3451 1006 3537 pastoris
1031 3450 1184 3520 destitute
1207 3451 1323 3520 solatio
1350 3451 1516 3536 providere

401 3559 441 3626 de
456 3556 612 3625 Pontifice
629 3577 834 3643 curaremus;
856 3578 916 3626 nos
932 3559 1077 3627 volentes
1092 3566 1199 3629 vestro
1222 3559 1416 3629 satisfacere
1436 3556 1513 3627 desi·

400 3663 489 3734 derio
514 3665 548 3731 in
574 3665 637 3732 hac
652 3670 754 3752 parte,
781 3686 821 3734 ac
844 3664 1048 3734 intendentes
1073 3668 1171 3735 talem
1195 3666 1317 3735 ibidem
1342 3687 1514 3754 personam

400 3774 564 3860 preficere,
581 3793 645 3859 que
660 3773 734 3861 plus
750 3775 817 3842 suis
833 3773 956 3842 meritis
965 3775 1154 3844 Prcsnlatus
1169 3775 1362 3860 dignitatem
1373 3777 1514 3856 extollat,

402 3902 499 3969 quam
515 3883 590 3969 ipsa
599 3881 810 3950 Pontificatus
826 3882 979 3950 efferatur
993 3885 1134 3969 bonore;
1151 3885 1369 3952 venerabilem
1384 3885 1514 3954 fratrem

402 3990 637 4058 Columbanum
661 3989 858 4077 Episcopum
886 3991 1136 4076 Traguriensem
1164 3991 1433 4060 Peuitentiarium
1466 3995 1513 4060 no'·

402 4108 503 4167 strum
519 4096 651 4164 Ordinis
666 4091 835 4184 blinamm,
851 4099 956 4166 virum
973 4099 1083 4186 utique
1098 4099 1277 4168 litterarum
1293 4101 1431 4169 scientia
1449 4120 1513 4189 pre-
1575 4123 1576 4136 ¹

400 4208 524 4292 ditum,
556 4226 680 4274 morum
706 4209 875 4276 honestate
901 4213 932 4274 et
957 4207 1085 4276 consilii
1114 4209 1298 4277 maturitate
1324 4213 1512 4296 preclarum,

403 4315 508 4386 eidem
524 4315 671 4386 Ecclesie
695 4317 879 4403 preficimus
899 4317 940 4383 de
955 4315 1089 4384 fratrum
1114 4324 1297 4387 nostrornm
1317 4320 1453 4388 consilio
1477 4318 1512 4384 de

398 4422 571 4513 potestatis
597 4423 795 4510 plenitudine
819 4425 853 4491 in
872 4425 1065 4512 Episcopum
1081 4434 1114 4494 et
1136 4433 1308 4513 pastorem,
1333 4429 1432 4513 plena
1456 4425 1513 4494 sibi

402 4540 469 4600 tam
495 4531 528 4598 in
553 4529 784 4620 spiritualibus,
812 4551 908 4618 quam
934 4532 966 4599 in
990 4533 1220 4620 temporalibus
1245 4535 1349 4621 ipsius
1374 4535 1511 4604 Ecclesia

401 4639 680 4709 administratione
696 4661 872 4725 concessa;
892 4641 982 4707 firma
997 4662 1055 4727 spe
1077 4640 1257 4726 fiduciaque
1274 4651 1409 4722 retenta,
1433 4641 1510 4726 quod
