3162 5188
601 1028 679 1098 205.

67 1229 128 1295 Pel
153 1231 404 1316 orsadpbr'ro'aok
429 1229 525 1316 Drap
549 1236 627 1295 nevo
643 1231 749 1316 folda
773 1237 926 1318 tdrppazd
951 1235 1047 1300 talea
1072 1233 1208 1298 Ldriooz

337 1349 444 1402 erector
458 1341 489 1400 e'o
505 1337 612 1424 Drapi
626 1337 745 1402 Mileto'o
759 1337 837 1403 ledet.
852 1338 950 1405 1249.

179 1570 310 1638 Paulus
325 1570 435 1637 Judex
452 1569 533 1636 Aule
558 1571 662 1654 Regio
678 1569 795 1641 Comes
814 1571 1020 1640 Zaladieusis
1045 1574 1206 1640 uniuersis

71 1695 211 1760 presens
230 1677 598 1765 scriptumiutuentlbus
614 1680 752 1746 salutem
768 1680 802 1746 in
812 1700 889 1749 vero
905 1681 1052 1748 salutari.
1072 1680 1125 1747 Ad
1139 1683 1207 1748 vni-

68 1805 245 1853 uersorum
271 1787 421 1854 uolumus
446 1789 618 1872 peruenire
643 1788 806 1874 noticiam,
825 1787 912 1872 quod
926 1788 1074 1874 partibus
1096 1809 1207 1856 coram

69 1895 167 1961 nobis
185 1897 386 1979 constitutis,
407 1894 560 1962 videlicet
575 1895 707 1963 bomine
722 1895 873 1981 Magistri
888 1895 1063 1981 Laurenoij
1084 1917 1126 1964 ex
1141 1917 1208 1964 una

69 2009 175 2086 parte,
193 2003 370 2087 Nyoholao
387 2003 430 2069 de
444 2004 537 2088 Drug
554 2024 595 2070 ex
613 2005 728 2090 altera,
755 2002 984 2090 intelleximus,
1002 2004 1089 2088 quod
1104 2005 1209 2089 blagi-

70 2115 134 2175 stor
145 2111 353 2178 Laurencius
370 2117 489 2178 terram
505 2113 539 2178 in
550 2112 652 2199 Drug,
663 2112 771 2198 ipsum
781 2110 987 2199 Nycholaum
1003 2118 1036 2178 et
1050 2118 1208 2198 cognatos

71 2237 148 2286 suos
164 2215 209 2282 de
226 2217 297 2283 iure
313 2217 564 2303 contingentem,
591 2218 686 2285 metis
701 2217 799 2284 certis
822 2217 1036 2305 assignatam,
1060 2218 1206 2285 modian-

72 2325 158 2390 tibus
174 2323 311 2391 homiue
334 2332 444 2391 nostro
460 2323 575 2411 Pasce,
602 2332 635 2392 et
649 2323 751 2391 tratre
767 2325 891 2393 Domus
907 2325 1037 2412 Templi
1053 2326 1095 2393 de
1113 2326 1206 2412 Belo,

73 2433 135 2518 ipsi
150 2432 297 2499 Nicolao
323 2441 355 2498 et
372 2431 520 2516 cognatis
537 2432 605 2499 suis
631 2431 833 2517 resignasset
858 2439 1016 2520 perpetuo
1034 2431 1205 2520 possiden·

73 2539 158 2624 dam,
177 2539 276 2608 saluo
292 2539 363 2606 iure
374 2539 522 2607 Ecclesia
538 2541 633 2608 Beati
643 2540 791 2608 Ladizlai
808 2543 993 2610 obseruate.
1010 2541 1080 2610 Hoc
1096 2548 1205 2608 amen

74 2647 279 2736 interposito,
309 2646 396 2732 quod
412 2656 588 2735 patronatu
612 2649 741 2736 prefate
756 2651 905 2720 Ecclesia
926 2655 1094 2737 pretaotus
1109 2649 1205 2715 Nico·
1226 2646 1230 2652 ’

74 2755 146 2822 laus
172 2775 330 2823 unacum
346 2777 406 2823 sua
432 2757 631 2842 cognatione
646 2766 680 2825 et
696 2778 806 2825 eorum
821 2757 960 2825 heredes
985 2758 1206 2842 heredumque

75 2885 283 2932 successores
298 2865 488 2950 potirentur.
517 2862 667 2932 (lotorum
683 2865 724 2932 de
741 2866 868 2934 duobus
883 2864 1048 2952 iugeribus
1067 2863 1205 2949 singulis

76 2971 157 3037 inlra
167 2969 415 3038 metasNioolai
432 2979 463 3038 et
480 2977 691 3056 cognatorum
707 2992 838 3040 suorum
849 2973 1063 3039 existentibus
1079 2971 1206 3055 singule

77 3079 211 3166 capecie
236 3099 323 3147 anno
348 3079 456 3145 tuturo
473 3078 515 3146 de
530 3082 739 3166 presentibus
763 3080 859 3147 anuis
884 3080 1065 3164 seminatis,
1094 3076 1135 3144 de
1149 3098 1205 3165 po·

78 3188 149 3271 pulo
166 3186 214 3253 ad
229 3187 444 3253 Laurencium
470 3188 634 3272 spectanti
650 3187 736 3254 dioto
753 3188 891 3256 Nicolao
917 3193 950 3254 et
968 3186 1116 3272 cognatis
1135 3185 1205 3250 suis

80 3297 300 3380 soluerentur,
327 3293 417 3361 etde
441 3295 569 3381 iujmijs
595 3303 628 3363 et
643 3295 796 3384 dampnis
822 3296 924 3363 illatis
950 3293 1034 3362 dicto
1050 3295 1092 3360 N.
1109 3299 1141 3360 et
1156 3313 1205 3358 oo-

79 3403 231 3485 gnacioui
255 3401 505 3489 suersepedictc,
522 3403 680 3488 Magister
695 3405 733 3470 L.
750 3403 880 3471 iusticie
904 3422 963 3491 per
979 3401 1090 3469 omnia
1114 3400 1206 3467 iecis-

79 3516 125 3576 set
149 3510 432 3596 complementum.
459 3511 530 3577 Hee
553 3516 663 3578 autem
688 3517 764 3578 sunt
779 3520 863 3578 mete
887 3517 974 3577 terre
999 3508 1205 3597 supradicte:

79 3618 186 3685 Prima
202 3616 317 3702 incipit
332 3616 374 3682 de
389 3617 509 3702 Regna
523 3618 616 3686 iuxta
632 3617 862 3702 molendinum,
888 3622 921 3682 et
936 3615 1029 3682 vadit
1044 3615 1088 3682 ad
1103 3613 1205 3682 orien-

81 3732 152 3812 tem,
180 3734 212 3795 et
228 3729 288 3794 sub
304 3745 426 3811 magna
441 3725 517 3792 ilice
533 3731 583 3792 est
598 3734 704 3812 meta3
730 3725 854 3793 atinde
868 3724 963 3792 vadit
981 3723 1014 3790 in
1030 3723 1205 3792 Potockur·

83 3836 176 3902 mand
187 3887 196 3921 ,
224 3844 256 3902 et
280 3854 373 3902 secus
393 3835 564 3904 Karmaud
589 3835 682 3902 uadit
703 3855 818 3901 uersus
845 3833 1149 3922 septemptrionem3
1174 3836 1207 3895 et

83 3941 153 4008 inde
168 3942 263 4009 uadit
279 3941 323 4008 ad
347 3941 503 4009 orientem
519 3962 622 4028 usque
637 3942 681 4008 ad
697 3951 816 4010 metam
832 3941 950 4028 Regis;
978 3947 1010 4008 et
1024 3943 1103 4011 inde
1117 3942 1206 4009 uenit

83 4053 121 4120 ad
136 4052 337 4120 occidentem
349 4052 393 4118 ad
408 4053 557 4120 arborem
573 4056 739 4120 comatico
747 4081 761 4131 ;
777 4058 809 4118 et
820 4051 896 4118 inde
911 4050 1004 4118 uadit
1013 4052 1056 4119 ad
1071 4052 1205 4138 plagam

85 4159 324 4227 meridionalem
340 4161 375 4227 in
391 4158 596 4244 longitudine
606 4159 745 4246 jugeris,
771 4166 803 4226 et
818 4159 894 4226 inde
909 4157 999 4226 uenit
1015 4158 1058 4225 ad
1073 4156 1206 4224 Miuchi-

82 4266 229 4353 louteuol,
255 4274 288 4334 et
304 4270 394 4335 uenit
409 4288 468 4354 per
493 4267 630 4355 plagam
646 4267 889 4334 occidendalem
909 4265 953 4332 ad
968 4264 1155 4350 Kurmand3
1173 4272 1206 4330 et

82 4371 152 4442 inde
167 4377 287 4444 transit
301 4396 360 4463 per
377 4375 546 4461 Opaouta;
564 4383 596 4442 et
612 4373 689 4441 inde
704 4375 796 4441 uenit
811 4371 855 4440 ad
869 4374 997 4459 Regna,
1010 4379 1043 4438 et
1057 4373 1105 4439 sic
1120 4376 1205 4436 mete

84 4485 301 4551 terminantur.
326 4483 369 4548 Vt
384 4489 493 4549 autem
509 4481 611 4548 series
637 4481 735 4565 hujus
760 4480 808 4546 rei
824 4487 857 4548 et
874 4487 988 4570 status
1012 4480 1206 4547 inconcusse

86 4591 233 4676 temporis
257 4608 415 4677 processu
440 4589 547 4675 possit
564 4606 764 4676 permanere,
790 4588 835 4654 ad
851 4587 948 4656 robur
965 4595 997 4654 et
1021 4587 1206 4654 firmitatem

125 4777 222 4814 ucuuu.
239 4779 318 4815 nuno.
335 4779 405 4814 nasu.
424 4789 460 4798 -
480 4779 552 4814 nm..
569 4769 603 4808 lt·
1002 4758 1040 4812 19
