3186 5188
620 869 695 937 lae.

67 1047 133 1114 W.
168 1052 248 1116 Belo
274 1051 440 1138 lurdlpnalr
468 1051 558 1138 Il'rrny
583 1053 713 1117 birtolrcit
737 1054 887 1140 trirppurn'
913 1055 1089 1140 udomrirrpu
1121 1052 1219 1118 lorot-

518 1165 672 1224 srdmdru.
691 1161 786 1226 1245.

193 1355 278 1420 Bela
306 1355 367 1419 Dei
393 1354 508 1436 graoia
533 1353 711 1440 Hungarie,
738 1356 919 1438 Dalmaoie
937 1355 1087 1440 Groneia,
1105 1353 1216 1435 Reme,

67 1464 210 1544 Seruio,
229 1463 380 1548 Galbaie,
399 1463 597 1546 laodomerie
620 1463 846 1549 Ganranieque
855 1467 924 1530 Rex
937 1466 1087 1532 omnibus
1098 1465 1218 1532 Christi

69 1569 240 1636 fidelibus
266 1570 422 1655 paginam
441 1577 622 1655 presentem
650 1573 841 1657 inspecturis
858 1575 998 1638 salutem
1015 1575 1047 1638 in
1065 1575 1216 1640 Domino.

73 1677 178 1741 lrieet
196 1677 333 1760 Regalis
350 1677 571 1742 rnnnilieenoie
597 1678 783 1763 benignitas
805 1680 848 1744 ad
864 1681 1025 1762 quoslibet
1042 1701 1138 1746 rnanu
1156 1682 1210 1744 lar·
1331 1763 1333 1767 .

74 1783 189 1866 gillua
215 1783 339 1851 babere
364 1804 400 1850 se
425 1785 553 1869 debeat,
579 1785 655 1852 illos
670 1791 780 1852 tamen
807 1787 966 1854 uberioris
992 1797 1024 1852 et
1049 1787 1216 1871 arrrplioris

75 1890 197 1974 graeie
209 1890 370 1956 benefieio
387 1891 558 1958 consonare
569 1901 695 1959 tenetur
711 1900 743 1960 et
753 1894 916 1979 ampleeti‚
934 1915 992 1978 pro
1009 1894 1126 1976 quibus
1139 1895 1216 1960 mni·

74 1996 238 2081 tiplieata
254 1997 395 2064 seruieia
419 1999 552 2084 propria
568 1999 780 2068 intercedunt.
808 2001 891 2066 Hine
908 2010 966 2082 est,
987 2001 1073 2084 qnod
1091 2001 1133 2066 ad
1150 2001 1216 2066 nni-

78 2123 259 2170 uersornm
291 2107 493 2189 presencium
521 2115 553 2172 et
583 2116 785 2194 posterorum
811 2109 964 2174 noticiam
990 2109 1103 2174 harum
1132 2109 1216 2174 serie

79 2213 241 2277 uolumus
267 2212 456 2296 peruenire;
483 2212 570 2295 quod
596 2233 668 2280 eum
692 2213 795 2282 fidelis
814 2223 925 2281 noster
942 2215 1044 2283 Bolok
1070 2235 1091 2280 a
1117 2215 1216 2280 multo

76 2326 235 2404 tempore
246 2319 340 2386 nobis
356 2318 496 2386 fideliter
506 2321 704 2402 sorduisset,
731 2328 763 2386 et
782 2323 867 2389 idam
878 2323 1005 2407 copiam
1017 2331 1101 2388 terra
1118 2343 1154 2388 se
1170 2322 1217 2388 di-

78 2435 249 2495 eeretnon
264 2427 402 2511 hahere;
419 2448 487 2510 nos,
499 2428 617 2511 quibus
627 2450 667 2495 ex
678 2429 783 2498 offieio
795 2430 896 2515 Regie
907 2431 1075 2512 dignitatis
1091 2431 1212 2498 innum-

80 2538 133 2602 bit
155 2537 276 2602 merita
292 2537 398 2602 metiri
417 2538 628 2623 singulorum,
656 2547 688 2604 et
704 2539 842 2620 singulis
860 2539 1059 2624 promeritis
1084 2559 1214 2625 respon-

83 2643 177 2726 dere,
208 2651 242 2708 ut
258 2645 328 2728 ipse
345 2644 388 2709 ad
405 2651 516 2710 nostra
542 2645 681 2710 seruieia
704 2645 815 2730 apeior
841 2645 881 2711 de
898 2652 1004 2710 eetero
1031 2645 1215 2728 baberetur,

82 2759 210 2816 terram
228 2751 393 2833 quandam
406 2751 504 2835 Kuuy
521 2753 659 2835 nomine,
677 2771 739 2836 que
755 2752 860 2817 fuerat
876 2761 963 2817 terra
979 2755 1076 2818 castri
1095 2752 1135 2818 de
1152 2752 1212 2817 Gu-

84 2878 168 2942 mur,
196 2860 230 2924 in
249 2859 356 2926 medio
373 2867 457 2925 terre
483 2859 628 2926 eiusdem
654 2859 759 2926 tidelis
776 2860 877 2926 nostri
894 2861 998 2926 Bololr
1022 2861 1217 2927 hereditarie

86 2967 296 3052 existentem,
325 2949 387 3034 sibi
406 2975 437 3033 et
455 2987 513 3053 per
538 2989 609 3034 enm
628 2969 695 3035 suis
720 2967 893 3034 heredibus
915 2967 1133 3052 heredumque
1148 2989 1216 3034 sue-

88 3075 277 3143 sessoribus
295 3075 489 3142 oontulimus
506 3083 537 3141 et
553 3076 748 3143 conferimus
765 3077 796 3141 in
815 3085 1003 3161 perpetuum
1024 3076 1120 3161 pleno
1137 3077 1214 3140 iure.

85 3183 121 3245 In
152 3181 246 3247 euius
270 3189 354 3247 terre
380 3184 619 3266 possessiouem
644 3185 845 3269 corporalem
872 3183 977 3266 ipsum
1004 3180 1213 3266 perfidelem

86 3295 236 3355 nostrum
247 3288 415 3354 hibertum
433 3291 635 3375 Propositum
654 3290 694 3356 de
709 3291 791 3356 Jazo
814 3290 1009 3356 authoritate
1026 3290 1127 3371 Regia
1143 3289 1215 3354 leoi-

86 3415 163 3462 mns
180 3394 350 3460 introduoi.
378 3397 464 3462 Mete
479 3405 588 3463 autem
615 3395 701 3463 dicte
717 3407 811 3480 terre,
837 3405 930 3484 prout
956 3398 1042 3462 idem
1062 3397 1216 3463 hibertus

87 3502 281 3588 Prepositus
298 3503 391 3570 nobis
407 3505 485 3570 uiua
501 3525 580 3571 uoce
597 3506 715 3588 retulit,
734 3513 766 3570 et
783 3505 964 3573 litterarum
982 3525 1112 3571 suarum
1130 3506 1216 3573 testi-

87 3610 199 3675 monio
218 3609 465 3696 demonstrauit,
481 3613 592 3678 taliter
611 3611 849 3696 distinguntur:
866 3613 976 3678 Prima
993 3619 1079 3678 meta
1095 3619 1145 3678 est
1160 3613 1216 3678 tlu-

88 3715 163 3782 nius
180 3717 274 3800 Saar,
302 3718 357 3801 qui
374 3718 475 3784 oritur
492 3719 532 3784 de
547 3721 666 3805 Soyor,
692 3727 724 3786 et
741 3719 831 3785 uadit
847 3719 889 3784 ad
911 3719 1072 3802 qnondam
1098 3730 1215 3789 terram

88 3825 222 3890 nomine
239 3825 397 3908 Genieba,
424 3826 515 3892 euius
531 3847 609 3914 pars
634 3827 767 3894 sinistra
786 3837 870 3894 terre
887 3828 991 3893 Bolok
1015 3829 1156 3914 pertinet
1174 3829 1216 3893 ad

87 3933 208 4015 Bolok‚
226 3934 341 3999 dextra
356 3953 433 4018 pars
449 3935 551 4020 liegi3
576 3935 652 4001 inde
669 3935 759 4001 uadit
776 3935 819 4001 ad
835 3934 1030 4022 particulam
1047 3933 1215 4000 erriusdam

88 4040 184 4125 silue,
202 4059 265 4124 que
282 4042 367 4124 ulgo
385 4040 502 4107 dieitur
520 4046 714 4127 rmealrorozr,
732 4048 763 4108 et
779 4043 926 4128 peruenit
943 4041 985 4106 ad
1003 4041 1085 4106 duras
1103 4049 1216 4124 metas,

87 4146 122 4212 in
149 4148 268 4229 quibus
284 4147 347 4212 due
374 4154 449 4214 eunt
465 4149 609 4232 arbores,
636 4149 726 4216 cuius
747 4169 822 4236 pars
848 4149 982 4215 sinistra
1006 4153 1091 4214 terre
1113 4147 1217 4214 Bolok

88 4254 300 4339 hereditaria,
319 4256 435 4322 dextra
446 4275 522 4322 uero
539 4257 682 4323 eiusdem
700 4279 721 4324 a
737 4261 826 4343 Rege
844 4257 980 4341 eollata;
998 4262 1030 4321 et
1046 4252 1121 4320 inde
1132 4254 1219 4339 girat

89 4364 122 4427 iu
149 4363 258 4428 media
284 4370 379 4449 parte
405 4385 517 4430 nemus
543 4364 717 4449 quoddam,
745 4372 777 4431 et
802 4365 951 4450 peruenit
977 4363 1020 4430 ad
1035 4364 1118 4429 duas
1146 4364 1217 4428 uias

92 4491 229 4554 magnas
247 4471 290 4536 ad
307 4489 472 4552 magnum
498 4472 640 4558 lapidem
666 4474 798 4558 planum
816 4473 931 4550 nimis3
959 4471 1035 4536 inde
1057 4489 1132 4535 uero
1160 4487 1219 4551 per

91 4580 206 4645 uallem
226 4581 377 4644 Karnana
393 4578 496 4643 tendit
512 4579 545 4643 in
564 4580 617 4644 uia
634 4579 778 4662 nrodiee3
800 4588 832 4646 et
848 4580 921 4645 inde
938 4598 995 4662 per
1013 4577 1130 4641 dietam
1151 4577 1218 4641 nal·

131 4713 236 4750 uonna.
252 4713 337 4749 noue.
354 4712 424 4747 ausu.
445 4723 482 4732 -
503 4713 573 4748 nuru.
596 4707 620 4742 21
1020 4695 1058 4748 13
