3168 5186
585 281 737 384 El„

92 501 174 548 vero
189 480 366 549 medietate
382 481 486 568 ipsios
504 489 588 549 terre
605 501 676 572 eum
693 482 788 549 torris
805 481 981 549 arabilibus
997 483 1156 549 existente
1173 481 1215 546 ab

7 629 11 638 »
91 589 222 674 orienti,
250 589 347 657 simul
362 609 435 656 eurn
454 590 522 658 alia
548 573 721 658 medietate
742 589 884 678 prediote
907 590 988 659 silue
1009 591 1052 659 ad
1077 590 1214 658 eandem

91 703 217 764 terram
242 697 445 785 pertinentis,
478 706 617 784 aparte
642 698 795 768 videlieet
818 699 1018 768 meridionali
1044 699 1215 782 existente,

90 826 168 872 eum
183 805 334 874 omnibus
350 806 546 874 utilitatibus
571 815 603 874 et
628 808 836 895 pertineneijs
859 807 924 877 suis
944 806 1143 892 quibuslibet
1166 825 1216 872 ee-

91 914 194 981 dente
211 921 243 982 et
258 922 446 983 remanente
471 915 639 1001 sepedicta
655 916 785 983 demine
799 917 891 983 llana
915 920 946 982 et
961 917 1029 982 suis
1045 915 1216 1001 posterita-

89 1022 182 1088 tibus
199 1021 242 1087 ab
258 1021 373 1089 eadem
384 1021 663 1106 deseendentibus,
681 1023 830 1091 similiter
848 1023 879 1088 in
894 1027 1085 1110 perpetuum
1095 1027 1128 1089 et
1142 1022 1216 1088 irre-

90 1131 291 1199 uoeabiliter
315 1129 516 1217 possidenda
531 1137 564 1197 et
579 1129 742 1197 habenda.
770 1131 845 1216 lpse
859 1138 965 1198 autem
981 1129 1111 1198 domine
1134 1130 1214 1197 obli·
1310 1181 1312 1191 ,

89 1245 257 1324 generunt
267 1258 302 1306 se
319 1257 428 1306 eoram
439 1237 545 1322 nobis,
565 1237 692 1322 quodsi
701 1257 767 1321 qua
777 1238 929 1323 ipsarum,
946 1239 998 1304 vel
1009 1237 1215 1322 posteritates

89 1345 285 1434 earundem,
305 1345 576 1432 transgrediendo
588 1352 620 1413 et
636 1346 833 1434 prosiliendo
843 1353 981 1414 ueterem
991 1353 1132 1413 meatum
1148 1367 1216 1432 pre-

89 1457 174 1525 dieti
202 1456 298 1524 riuuli
323 1458 407 1524 iuter
433 1457 524 1542 ipsas
550 1453 632 1522 duas
656 1455 828 1542 porciones
856 1463 939 1522 terre
964 1453 1158 1541 separantis,
1175 1454 1216 1520 de

88 1567 249 1654 porcione
264 1564 401 1631 alterius
416 1564 520 1649 partis
537 1562 571 1628 in
587 1563 682 1630 terris
708 1561 886 1630 arabilibus
905 1562 1141 1647 quantumlibet
1156 1583 1215 1649 pro

89 1694 127 1741 re
145 1690 307 1758 usurpare
322 1670 479 1738 niteretur
495 1671 770 1756 quandoeunqne3
789 1670 849 1739 heo
864 1691 938 1756 pars
956 1670 1108 1738 violatrix
1128 1671 1215 1738 laete

89 1779 267 1848 diuisionis
284 1779 378 1846 alteri
394 1779 490 1866 parti,
507 1786 582 1846 ante
596 1779 663 1846 litis
679 1781 871 1864 ingressum,
890 1784 920 1845 et
936 1781 1059 1864 absque
1077 1778 1215 1866 strepitu

85 1888 209 1974 judioij
227 1887 375 1970 alieuius,
396 1885 508 1955 deoem
526 1907 653 1955 mareas
669 1889 806 1974 peounie
821 1887 897 1957 dare
913 1896 945 1956 et
969 1889 1156 1975 persoluere
1170 1894 1215 1955 te-

88 2005 220 2064 neatur.
238 1996 290 2062 Ad
299 1996 390 2063 ouius
401 1995 447 2062 rei
458 1997 646 2064 memoriam
658 2003 848 2083 perpetuam
859 2002 891 2064 et
905 1996 1067 2065 munimen
1084 2015 1214 2083 presen-

90 2116 141 2174 tes
157 2108 287 2174 litteras
303 2105 521 2172 eonoessimus
537 2104 645 2189 sigillo
665 2113 776 2172 nostre
791 2105 966 2172 roboratas.
991 2107 1112 2173 Datum
1129 2126 1215 2172 anno

91 2219 134 2283 ab
150 2215 387 2284 Inoarnaoione
397 2213 528 2282 Domini
545 2214 715 2282 millesimo
729 2213 1068 2300 GO⁰quinqnagesime
1084 2221 1212 2299 quarto.

91 2324 229 2391 Andrea
244 2325 377 2390 Deoano
395 2330 427 2389 et
443 2321 602 2408 Gregorio
614 2321 766 2406 Custode,
783 2321 961 2408 ceterisque
976 2322 1132 2390 iratribus
1148 2324 1213 2390 exi-

91 2431 266 2516 stentibus,
283 2439 316 2499 et
331 2431 500 2499 nobiseum
516 2432 587 2500 Deo
610 2431 843 2500 famulantibus
857 2430 1021 2498 humiliter
1037 2437 1070 2498 et
1086 2431 1213 2500 denote.

91 2614 231 2676 (Eredetie
244 2611 419 2681 bb'rbalrtydn,
439 2615 550 2682 melyrdl
563 2631 580 2666 a
594 2613 724 2682 lrrlptalan
738 2613 856 2683 presdtje
868 2612 1094 2680 hdrtyaasinegen
1109 2615 1184 2679 fllgg,
1199 2629 1215 2664 a

322 2704 416 2758 ttmtlt
438 2707 482 2772 hg.
497 2703 663 2773 Esaterhtzy
677 2703 768 2760 esalad
780 2704 984 2772 lavtlttrtban.)

525 2996 792 3008 m

508 3417 509 3422 ‘
617 3445 695 3510 aes.

94 3629 226 3693 Ancona
239 3632 331 3692 adres
345 3630 497 3712 batdacipa
507 3627 649 3694 Gonzooe'
665 3627 755 3694 Mo'to'
766 3631 863 3693 ottoni
871 3629 1049 3715 polpu'raalc
1061 3627 1218 3714 eapedelpt

94 3737 144 3816 od,
171 3739 253 3822 kopp
278 3738 411 3820 reposui
425 3735 498 3822 hojo'
516 3737 595 3799 clltol
613 3737 780 3800 azenoedett
794 3735 1045 3800 ledrosodciso'nak
1059 3735 1181 3822 fejobeo
1196 3761 1217 3800 a

93 3846 226 3932 roprazae'
240 3844 472 3910 terobddlnat
496 3851 660 3930 suppuratio
675 3845 833 3930 mapdoulo
848 3847 944 3930 tettlop
963 3845 1106 3928 eloyldtelt
1120 3845 1217 3909 6821τό-

512 3955 671 4018 zdllzessea.
703 3953 798 4018 1254.

202 4152 241 4216 In
267 4151 395 4216 nomine
412 4149 530 4216 Sancte
556 4155 588 4216 et
612 4149 783 4216 individue
799 4149 965 4216 'l'rinitatis
982 4151 1094 4218 Amen.
1121 4150 1214 4218 Anno

96 4259 226 4328 Domini
238 4259 280 4324 M.
288 4257 350 4326 00.
358 4259 439 4324 LIV.
453 4258 664 4325 Pontificatus
675 4257 796 4324 domini
806 4259 986 4326 Innooentii
996 4262 1086 4346 Papo
1098 4259 1214 4344 quarti,

96 4368 274 4436 Indietione
285 4368 356 4433 Xll.
369 4367 501 4435 civitate
510 4366 641 4434 Aneone
653 4367 705 4434 die
714 4367 784 4433 XV.
797 4367 915 4433 mensis
926 4368 1135 4454 Septembris.
1146 4368 1215 4435 Nos

98 4476 285 4543 Gufferatus
303 4474 551 4560 Guareignellus
562 4472 712 4541 civitatis
728 4476 861 4543 Aneone
877 4476 1026 4542 Potestas
1043 4476 1103 4540 stb.
1120 4495 1216 4561 snper

98 4583 240 4651 exhibita
265 4583 360 4652 nobis
377 4585 532 4668 petitione
558 4583 686 4651 domine
703 4582 924 4651 Bellavederis
937 4585 1053 4653 ,uxoris
1079 4585 1215 4651 Matthol
