3210 5194
643 865 696 932 70.

113 1043 241 1130 Appdru'
256 1045 483 1132 leriptrrlanorrk
497 1039 769 1130 bizooysrtplcuclc,
794 1045 874 1131 kopp
894 1046 986 1110 Peter
1011 1049 1151 1132 moronpi
1170 1053 1236 1113 udr-

186 1154 328 1240 jcbbripy
345 1154 439 1240 ddupi
448 1154 586 1218 duretur
601 1153 717 1216 Tironti
733 1153 895 1220 banerias
912 1153 1027 1219 clodia.
1048 1157 1144 1220 1240.

212 1348 414 1415 Universum
432 1348 617 1434 Capitulum
640 1348 785 1414 Ecclesia
805 1349 1009 1417 taurinensis
1032 1351 1181 1417 omnibus
1198 1351 1236 1420 li*

114 1463 193 1522 teras
211 1463 387 1540 presentes
413 1456 609 1541 inspecturis
627 1457 765 1522 salntem
781 1457 812 1522 in
831 1457 977 1524 Domino.
1005 1457 1237 1526 Universorum

113 1561 224 1628 noticie
250 1564 406 1632 volumus
432 1565 653 1646 innotescere,
680 1561 767 1647 quod
791 1561 833 1629 ad
860 1572 1003 1630 nostram
1032 1571 1237 1632 accesserunt

113 1672 314 1752 presenciam
332 1673 405 1756 Apa
421 1671 566 1737 seruiens
584 1671 732 1757 Dyonisij
761 1671 802 1738 dc
825 1672 928 1754 Thou,
952 1678 984 1736 et
1010 1672 1124 1738 Petrus
1150 1673 1235 1738 tilius

114 1776 234 1862 Tbeger
250 1780 396 1866 jobagio
414 1779 520 1846 Castri
538 1780 753 1846 Musuniensis
771 1779 810 1845 de
828 1780 907 1844 villa
926 1781 1073 1866 Musuny,
1091 1781 1145 1864 qni
1162 1782 1238 1846 riva

113 1907 186 1952 rore
204 1907 321 1953 coram
346 1889 440 1954 nobis
456 1895 505 1954 cst
521 1887 700 1970 confessus,
726 1909 760 1954 sc
779 1887 965 1954 vendidisse
990 1887 1168 1970 nonaginta
1187 1888 1238 1972 ju·

112 2017 185 2080 gera
201 2003 370 2062 terrarum
386 1996 420 2060 in
438 1995 517 2060 villu
536 1995 651 2062 Bubun
668 1997 825 2080 Dronisio
849 1993 1013 2061 antedicto
1037 2015 1095 2080 pro
1113 1995 1237 2060 duabus

113 2105 223 2170 marcis
239 2113 274 2170 ct
294 2103 429 2190 ser-tone,
449 2123 487 2169 ac
503 2107 674 2190 pecuniam
691 2102 837 2190 plenarie
855 2105 1032 2190 recepisse3
1050 2104 1110 2169 bac
1128 2111 1237 2170 tamen

112 2213 305 2280 condicione
322 2213 463 2296 adjecta,
491 2211 578 2296 quod
594 2213 622 2278 si
638 2211 750 2296 aliqua
777 2213 845 2278 litis
862 2214 996 2279 exaecio
1023 2232 1080 2298 per
1097 2212 1238 2297 aliquem

113 2319 253 2386 deterre
270 2318 464 2404 supradicta
479 2319 690 2403 suboriretur,
712 2327 744 2386 et
760 2321 940 2405 Dyonisins
961 2341 1032 2387 earn
1049 2327 1157 2386 tenere
1173 2340 1238 2386 non

17 2473 18 2502 ,
113 2437 229 2512 posset,
248 2438 330 2494 tunc
346 2428 431 2494 idem
448 2430 563 2494 Petrus
581 2429 751 2514 pecuniam
765 2428 985 2515 supradictam
996 2428 1101 2494 eidem
1117 2429 1237 2513 Dyoni·

114 2537 248 2604 sicsine
277 2537 519 2604 intermissione
545 2538 680 2604 reddere
707 2538 849 2605 deberet.
877 2539 919 2603 Vt
934 2537 1031 2620 igitur
1055 2535 1239 2604 huiusmodi

113 2644 319 2710 vendicionis
335 2665 438 2729 opera
456 2645 584 2730 possint
600 2653 756 2733 perpetuo
766 2645 951 2712 memoriter
967 2646 1108 2728 retineri,
1127 2644 1169 2710 ad
1185 2664 1238 2730 pe-

112 2751 263 2818 titionem
293 2753 583 2838 utriusquepartis
603 2753 836 2840 inpresentem
860 2752 1006 2818 chartam
1028 2751 1162 2818 fecimus
1186 2749 1239 2816 ed-

112 2860 224 2945 notari,
242 2867 279 2928 ct
295 2860 396 2944 sigilli
414 2863 517 2927 nostri
534 2861 708 2928 munimine
716 2867 874 2946 perpetuo
887 2859 1043 2925 roborari.
1061 2859 1154 2924 Anno
1170 2877 1239 2942 gra-

114 2969 159 3034 cie
174 2969 219 3032 bi⁰
231 2968 301 3034 00⁰
312 2968 575 3052 quadragesimo.
593 2968 681 3034 Luca
694 2968 873 3053 Prcposito,
890 2967 976 3032 Jona
996 2964 1146 3047 Centore,
1164 2961 1240 3027 Che·
1258 2973 1259 2977 ’
1289 2975 1293 2983 ·

114 3093 196 3159 pano
213 3077 367 3162 Lectore,
385 3077 512 3142 'Pboma
528 3074 678 3159 Custode,
697 3073 848 3160 Philippo
865 3073 998 3138 Decano
1015 3069 1238 3138 existentibus.

357 3254 393 3320 (A
406 3255 600 3324 pannonbalmi
613 3255 787 3306 konvontnek
801 3249 1006 3316 terraturium.)

116 4137 143 4203 Α
155 4141 244 4225 picei
269 4133 495 4222 kdptuiarrrrak
521 4133 799 4238 bizonyrdpleoelc,
818 4133 897 4221 bopy
916 4136 933 4197 1
938 4133 970 4199 V.
995 4132 1075 4198 Bata
1100 4128 1244 4219 kirdlya

115 4245 241 4311 nanos
251 4243 350 4308 Botis
360 4241 514 4308 comesuris
523 4243 584 4329 fin,
602 4244 633 4304 dr
648 4241 728 4306 Pcta
741 4241 942 4328 Farcmcyaeir
949 4242 999 4326 fla
1019 4240 1102 4304 irdzti
1121 4239 1244 4325 Hepruit

115 4357 144 4417 da
160 4353 270 4419 Lcde'r
279 4350 475 4440 jdszdpokro
492 4349 664 4416 vonotkozd
677 4348 970 4435 epycaetlansdpalret
985 4347 1131 4412 aliotdztc.
1148 4347 1244 4409 1240.

218 4529 403 4598 Fareasius
419 4527 609 4614 Propositus
626 4525 985 4610 Quinqueecclesienais
1002 4531 1168 4609 totumque
1184 4521 1244 4590 Ca·

115 4639 252 4724 pitulum
278 4637 427 4707 eiusdem
442 4638 506 4704 loci
531 4658 604 4703 omn
621 4637 680 4702 bus
696 4654 831 4722 presens
859 4636 1012 4720 scriptum
1040 4634 1242 4700 cernentibus
