3186 5188
117 1058 138 1124 Ι
142 1057 174 1124 V.
191 1055 285 1125 Inous
298 1064 386 1146 pcipe
397 1083 417 1124 a
432 1061 581 1146 puliczc‘uc‘
589 1059 754 1148 lircilpnuk
768 1062 880 1128 kdcetel
890 1063 1021 1147 cjciolju‚
1037 1062 1109 1127 lr'tu
1125 1062 1245 1127 tutcirok

157 1167 338 1252 irrinydban
354 1168 528 1233 tandcscscl
543 1173 574 1231 c'a
589 1169 768 1254 scpr'tse'ppcl
783 1171 1003 1254 ta‘moputtatoi
1016 1169 1078 1233 ke'r.
1101 1168 1199 1235 12l6.

222 1339 433 1430 Innocentius
446 1361 628 1448 Episcopus
643 1381 760 1430 seruus
777 1382 944 1432 seruorum
954 1363 1017 1431 Dei
1036 1364 1156 1432 dilecto
1173 1365 1241 1432 lilio

1 1501 2 1522 2
116 1469 238 1536 Joanni
257 1467 305 1558 (‘?)
322 1469 446 1537 Illustri
461 1471 543 1555 Regi
559 1471 677 1539 Russie
702 1472 841 1540 sulutem
859 1479 891 1538 et
908 1473 1131 1559 Apostolicam
1146 1475 1242 1541 bonc-

1 1655 2 1672 :
117 1574 304 1644 dictionem.
320 1577 400 1645 (tum
417 1577 447 1646 is
463 1578 518 1662 qni
535 1578 713 1646 secundum
729 1598 787 1647 sue
803 1578 1072 1666 omnipotentiam
1092 1581 1243 1647 Maiesta-

1 1691 2 1772 ᾗ
116 1685 158 1752 tis
173 1705 235 1751 uec
259 1684 332 1754 loco
359 1692 467 1772 potest
491 1705 551 1752 nec
571 1692 717 1774 tempore
742 1684 982 1774 comprehendi,
1012 1692 1124 1774 utpote
1148 1686 1242 1754 incir-

1 1837 2 1842 κ
118 1793 387 1880 cumscriptibilis
403 1801 437 1860 ct
451 1794 639 1880 immensus,
665 1793 794 1861 stabilis
813 1815 947 1862 maneus
973 1795 1030 1861 dat
1046 1805 1163 1864 cuncta
1178 1815 1243 1863 mo·

118 1903 196 1989 seri,
224 1902 326 1969 faciut
352 1900 487 1988 spiritus
511 1921 588 1970 suos
613 1903 751 1987 angelos
777 1909 809 1971 et
832 1902 1009 1988 ministros,
1039 1904 1244 1989 celorumque

1 2039 2 2106 ι
120 2009 295 2078 altitudine
311 2008 471 2076 inclinata
487 2029 617 2076 caruem
637 2029 806 2078 assumens
821 2011 997 2078 hormunam
1016 2031 1075 2096 pro
1092 2032 1140 2097 eo,
1157 2012 1244 2094 quod

1 2109 2 2156 3
119 2118 239 2186 delicie
255 2137 316 2185 sue
333 2124 407 2185 sunt
423 2138 496 2186 esse
512 2138 585 2185 cum
600 2118 679 2204 filijs
696 2119 869 2204 hominum,
887 2119 1065 2205 discipulos
1084 2140 1165 2205 qnos
1180 2121 1245 2186 cle-

1 2255 2 2326 3
119 2233 214 2310 gerat
229 2226 265 2294 in
279 2226 433 2294 mundum
449 2225 662 2294 destinaverit
672 2226 869 2312 uniuersum,
886 2232 923 2292 ut
938 2225 1026 2293 omni
1035 2227 1245 2313 predicarent

1 2419 2 2422 Ἴ
118 2334 328 2420 evangelium
346 2341 510 2424 ⁸creature²
528 2354 586 2402 sco
603 2355 663 2407 nos
688 2333 843 2402 instruxit
867 2335 1027 2421 exemplo,
1055 2340 1089 2402 ut
1104 2334 1175 2401 cius
1195 2355 1244 2402 se·

1 2523 2 2530 ἵ
118 2451 260 2527 quentes
275 2442 427 2526 vestigia,
453 2461 526 2508 eum
542 2441 703 2528 assumpti
719 2462 832 2510 sumus
846 2443 881 2508 in
904 2440 1140 2530 plenitudinem
1156 2451 1244 2528 potc-

117 2553 228 2637 statis,
254 2569 314 2617 uec
343 2570 402 2636 per
425 2548 516 2636 ipsos
544 2549 706 2635 possimus
734 2549 872 2636 siugulis
897 2549 1038 2634 negotiis
1065 2549 1244 2635 imminere,

117 2659 299 2743 intereos,
326 2676 406 2740 quos
432 2656 466 2722 iu
492 2661 618 2742 partem
644 2655 876 2726 sollicitudinis
903 2654 1120 2739 evocavimus,
1146 2677 1245 2725 onera

118 2767 216 2850 quasi
230 2763 345 2833 Jethro
361 2765 414 2832 usi
430 2764 578 2850 consilio,
595 2764 781 2832 diuidamus
797 2764 971 2848 unicuique
990 2763 1167 2831 secundum
1183 2765 1245 2831 rir-

1 2895 2 2908 ¹
118 2881 221 2941 tutem
231 2870 409 2958 proprium,
425 2872 600 2954 querariis
611 2871 811 2959 temporibus
822 2871 1001 2955 imminent,
1018 2871 1244 2940 commitendo.

1 3019 2 3024 =
117 2983 209 3050 Sane
224 3000 298 3048 cum
313 2979 349 3045 in
364 2979 513 3067 partibus
530 2980 635 3065 Regni
651 2978 698 3046 tui
714 2999 822 3047 mores
841 2978 970 3046 stritus
987 2975 1174 3064 (trecorum,
1192 2979 1247 3064 qui

119 3085 348 3174 superstitiose
364 3105 404 3152 ac
431 3085 684 3172 dampnabiliter
700 3086 742 3152 ab
758 3084 884 3152 unitate
903 3084 1129 3151 ecclesiastica
1144 3104 1246 3152 reces-

1 3199 2 3242 ἕ
118 3199 242 3278 serunt,
268 3193 400 3261 fuerunt
418 3193 577 3260 hactenns
591 3211 656 3259 non
681 3191 752 3260 siue
768 3192 949 3258 animarum
971 3189 1123 3276 periculis
1140 3191 1247 3258 obser·

119 3303 200 3388 suti,
218 3309 253 3368 et
268 3320 373 3387 nuper
387 3300 497 3386 gratia
512 3300 644 3367 fauente
663 3300 795 3385 Divina,
815 3297 999 3366 illuminata
1014 3297 1133 3365 fuerint
1148 3297 1248 3364 corda

1 3403 2 3418 ³
120 3417 244 3492 restra,
271 3415 307 3474 nt
322 3414 594 3492 recognoscentes
618 3410 799 3476 Romanam
815 3406 997 3473 Ecclesiam
1017 3411 1151 3474 matrem
1167 3407 1246 3474 alia·

1 3582 2 3606 ἶ
122 3537 193 3583 ιιιιιι
210 3515 354 3584 omnium
371 3523 402 3582 et
418 3514 620 3601 magistram,
638 3535 677 3582 cc
693 3515 858 3582 Summum
875 3514 1065 3582 Pontificem
1084 3533 1248 3582 successo·

123 3644 192 3692 rcm
208 3622 309 3711 Petri,
337 3622 389 3689 cui
404 3623 526 3689 collato
551 3629 626 3690 sunt
650 3623 760 3689 claves
779 3620 885 3706 Regni
902 3621 1041 3688 Celestis
1067 3621 1191 3706 ligandi
1218 3628 1250 3688 et

1 3799 2 3802 ,
124 3730 275 3800 solvendi
292 3737 324 3797 ct
339 3731 419 3798 Jesu
437 3730 558 3797 Christi
573 3729 740 3798 Vioarium
756 3749 830 3796 esse
846 3737 964 3816 caput;
984 3730 1062 3814 quia
1078 3749 1150 3797 cnm
1165 3751 1249 3797 unus

122 3839 166 3906 sit
188 3839 359 3924 Dominus,
385 3860 452 3906 una
474 3839 567 3924 fides,
593 3858 692 3905 unum
718 3838 893 3926 baptisma,
918 3857 1017 3904 unum
1042 3839 1246 3925 principium,

122 3967 222 4014 unum
238 3967 357 4034 corpus
373 3947 519 4014 Ecclesie
535 3945 726 4030 militantis3
748 3965 866 4032 corpus
884 3965 956 4011 cum
972 3944 1121 4030 pluribus
1137 3944 1250 4029 capiti·

121 4059 183 4124 bus
210 4063 462 4141 monstruosum,
489 4061 521 4122 ct
546 4057 617 4122 siue
643 4055 750 4143 capito
767 4054 961 4140 acephalum
987 4058 1182 4136 censeretur,
1208 4049 1252 4116 ad

121 4165 328 4234 devotionem
340 4169 372 4231 et
388 4163 608 4233 obedientiam
622 4162 809 4250 Apostolice
828 4160 924 4228 Sedis
934 4167 967 4226 et
977 4165 1122 4226 nostram
1133 4157 1250 4244 redire,

122 4273 208 4339 sicut
224 4271 421 4358 acecpimus,
437 4271 616 4356 affectetis3
634 4289 693 4337 nos
710 4271 740 4336 ei
756 4273 968 4354 assurgentes
983 4267 1018 4332 in
1035 4265 1176 4350 laudem,
1194 4265 1249 4350 qui

123 4383 236 4451 oculos
252 4380 358 4448 'lobio
373 4401 433 4467 per
449 4381 601 4448 collinum
619 4399 660 4444 ex
676 4377 753 4444 selle
772 4375 873 4464 piscis
888 4374 1074 4442 illuminare
1095 4371 1251 4458 dignatus

122 4499 183 4578 est,
210 4496 244 4558 et
260 4487 390 4576 aperire
416 4488 525 4556 oculos
542 4489 610 4555 ceci
636 4486 715 4570 nati,
742 4504 782 4550 ac
808 4482 991 4550 exultantes
1019 4502 1091 4548 curn
1117 4480 1253 4547 muliere

122 4600 291 4686 dragmam
309 4598 526 4684 queperiorat
537 4595 708 4676 reinvenit,
725 4591 944 4658 venerabilem
959 4590 1089 4656 fratrum
1107 4597 1251 4655 nostrum

1036 4711 1045 4764 1
1056 4709 1090 4762 4*
