3162 5188
875 347 1025 456 cm

385 557 582 644 lancearum,
610 563 643 624 et
667 556 750 624 ictus
776 555 991 638 sagittarum,
1020 557 1053 619 et
1081 549 1306 637 recepcioncm
1334 549 1517 631 vulnerum,

385 665 588 736 inimicorum
604 664 779 733 insultibus
804 662 944 732 viriliter
958 658 1152 745 resistendo,
1181 659 1225 727 de
1240 657 1347 728 medio
1362 656 1518 743 bostium,

385 779 457 845 Deo
472 774 629 864 propicio,
650 793 686 841 se
702 772 757 840 vix
774 773 880 859 potuit
895 771 1047 839 liberare.
1061 770 1113 838 Ad
1130 771 1200 856 hec,
1217 789 1291 836 cum
1307 773 1383 835 ante
1401 767 1518 834 faciem

386 885 596 952 Terterornm
613 880 728 950 eodem
744 889 889 968 tempore
904 877 948 946 ed
964 877 1129 946 maritima
1145 877 1404 962 deuenissemus,
1434 874 1519 943 idem

387 993 527 1062 diuersis
544 993 671 1061 fortune
687 990 818 1059 casibus
843 989 886 1059 ad
904 987 1094 1057 mandatum
1116 994 1262 1056 nostrum
1288 1005 1324 1054 se
1339 1005 1519 1072 exponens,

388 1123 427 1171 co
442 1111 599 1190 tempore,
625 1122 697 1170 cum
714 1099 905 1168 discrimina
921 1097 1058 1182 viernm,
1084 1103 1117 1164 et
1132 1093 1411 1180 insidicssbostinm
1429 1112 1518 1160 secu·

388 1231 442 1281 ros
459 1217 584 1279 mestus
601 1231 666 1278 non
683 1208 917 1298 permitterent,
943 1206 1015 1296 ipse
1031 1205 1120 1275 solus
1137 1205 1205 1273 ibet
1223 1203 1266 1272 ed
1282 1201 1520 1292 speculandum

389 1321 581 1390 descensum
598 1319 820 1404 Terterorum,
837 1324 869 1386 ct
885 1336 1041 1403 rumores,
1060 1335 1142 1401 qnos
1163 1312 1283 1380 ibidem
1305 1312 1520 1401 percipiebat,

391 1429 485 1499 nobis
502 1417 828 1513 fideliter'reierebet,
854 1426 886 1492 in
903 1424 1052 1493 omuibus
1071 1421 1176 1491 eciem
1192 1421 1450 1490 aduersitatibus
1467 1439 1519 1487 no·

389 1539 476 1622 stris,
502 1556 565 1621 qne
581 1543 657 1604 tuno
672 1554 732 1623 pro
757 1541 903 1620 tempore
917 1531 1140 1617 imminebant,
1160 1529 1234 1616 jugi
1251 1529 1391 1598 seruicio
1421 1535 1519 1610 atque

389 1646 478 1714 fideli
503 1645 598 1714 nobis
623 1645 774 1712 continuo
800 1642 988 1710 assistebat.
1018 1642 1130 1709 Preter
1155 1641 1215 1706 hcc
1243 1639 1329 1706 idem
1354 1637 1462 1706 eciam
1488 1636 1518 1701 in

389 1753 541 1822 conflictu
565 1752 653 1838 belli,
679 1751 766 1836 quod
791 1749 1009 1818 commisimus
1033 1754 1147 1817 contre
1171 1749 1298 1815 Ducem
1315 1747 1464 1830 Austrie,
1491 1755 1521 1812 et

390 1861 527 1930 eundem
544 1859 666 1928 Diuine
688 1857 871 1944 opitulante
887 1857 1010 1944 grecie,
1026 1874 1086 1924 uec
1100 1853 1295 1923 tradidimus
1319 1851 1517 1938 dimicando,

390 1975 483 2039 tante
498 1965 666 2036 fidelitatis
682 1967 835 2050 seruicia,
861 1973 895 2033 at
910 1964 1125 2034 retribucione
1142 1963 1317 2048 condigna,
1338 1981 1452 2028 coram
1470 1982 1520 2028 no·

391 2078 442 2144 bis
467 2083 499 2144 ct
523 2076 673 2144 omnibus
692 2075 876 2144 Beronibus
897 2093 936 2141 ec
952 2073 1126 2142 Nobilibus
1145 2072 1250 2158 Regni
1275 2070 1381 2139 nostri
1401 2068 1518 2156 princi-

392 2186 511 2272 peliter
525 2182 673 2251 exhibuit
689 2181 870 2270 preliando,
890 2181 976 2268 quod
993 2179 1154 2266 quendem
1178 2179 1312 2248 militem
1328 2180 1469 2268 probum
1490 2187 1520 2247 et

392 2293 554 2378 insignem
571 2292 612 2359 de
628 2291 788 2360 Tectonia
802 2311 875 2358 cum
893 2292 1026 2379 propria
1050 2289 1167 2357 lancea
1183 2288 1313 2374 devicit,
1340 2295 1372 2356 et
1389 2289 1438 2356 ite
1456 2286 1518 2375 ple

391 2420 468 2467 nuru
483 2401 524 2468 dc
540 2399 653 2468 codem
678 2398 817 2467 obtinuit
832 2399 1040 2488 triumphum,
1066 2399 1153 2484 quod
1169 2405 1267 2485 ceput
1292 2397 1441 2465 ciusdem
1458 2417 1519 2465 sm·

392 2508 530 2596 putauit,
558 2515 590 2577 et
607 2513 716 2577 nostro
742 2507 931 2596 conspectui
947 2527 987 2575 cc
1002 2508 1166 2574 Beronum
1185 2515 1367 2575 nostrornm
1390 2526 1517 2594 presen-

392 2617 477 2685 cium
487 2636 547 2706 per
563 2617 698 2686 militem
709 2617 898 2684 destinauit.
918 2618 999 2683 ltem
1016 2637 1088 2683 curn
1100 2615 1241 2701 quedam
1251 2615 1323 2684 vice
1338 2616 1517 2684 exercitum

393 2733 538 2796 nostrum
554 2733 668 2796 contra
682 2725 848 2794 Austriam
864 2727 1014 2794 duximus
1030 2723 1271 2812 destinandum,
1291 2724 1398 2793 dictus
1414 2723 1519 2791 fidelis

393 2841 504 2902 noster
528 2854 655 2923 semper
677 2833 830 2921 aspirans
856 2832 898 2900 ed
924 2833 1157 2900 incrementum
1177 2834 1281 2919 glorie
1297 2832 1401 2919 Regie
1421 2835 1518 2902 bleic-

394 2941 489 3010 statis
514 2949 546 3010 et
572 2942 737 3031 honorem,
761 2939 926 3029 quendem
951 2942 1069 3011 bonum
1086 2942 1222 3010 militem
1245 2951 1277 3011 et
1292 2941 1456 3010 lemosum
1479 2940 1519 3008 dc

394 3049 535 3138 Imperg,
552 3051 803 3139 Cepiteuensem
819 3051 907 3118 illius
923 3051 1078 3138 regionis,
1095 3050 1228 3119 Preucel
1253 3051 1385 3118 nomine
1400 3070 1518 3118 nuncu·

394 3166 518 3248 petum,
534 3161 591 3248 qui
606 3179 678 3228 cum
689 3161 833 3229 exercitu
849 3180 908 3230 suo
924 3158 966 3229 de
982 3160 1070 3229 dicto
1086 3169 1192 3231 cestro
1205 3162 1336 3248 Imperg
1354 3157 1520 3248 prodierat

394 3269 428 3336 in
444 3286 604 3356 campum,
620 3267 693 3355 ipse
704 3269 792 3355 prior
809 3274 884 3336 ente
895 3289 1007 3337 omues
1022 3269 1310 3358 impetnmlacians
1326 3268 1359 3336 in
1369 3266 1518 3349 eundem,

394 3378 490 3447 besta
517 3375 559 3444 dc
575 3375 738 3448 dextrario
753 3385 903 3466 potenter
927 3399 986 3447 suo
1001 3379 1121 3464 dejecit
1135 3380 1169 3447 in
1188 3386 1317 3464 terrum,
1343 3385 1376 3446 ot
1392 3377 1519 3444 dextra·

394 3485 477 3552 rium
493 3505 587 3553 suum
612 3485 729 3554 lancee
743 3487 936 3556 transfixum
954 3486 1074 3555 ibidem
1094 3487 1275 3572 interemit;
1301 3505 1364 3570 quo
1385 3491 1520 3573 peracto

394 3594 557 3662 exercitus
572 3593 651 3661 dicti
660 3595 795 3663 Preucel
810 3593 903 3663 tritus
920 3601 953 3664 et
968 3595 1139 3664 confussus
1154 3602 1249 3682 terga
1266 3595 1365 3681 dedit,
1382 3602 1416 3662 et
1433 3593 1518 3661 mni-

395 3702 438 3770 tis
454 3721 494 3768 en
511 3701 559 3770 eis
576 3703 764 3791 peremptis,
789 3703 849 3788 alij
863 3702 941 3788 iugc
957 3703 1099 3791 presidio
1116 3705 1148 3770 in
1165 3703 1287 3770 dictum
1304 3708 1448 3769 castrum
1465 3701 1519 3768 uir

396 3830 432 3878 se
448 3811 591 3899 recipere
607 3817 788 3899 potuerunt.
815 3812 883 3880 Nos
899 3810 998 3897 igitur
1023 3811 1067 3879 ed
1091 3819 1158 3878 tem
1180 3812 1327 3898 preclare
1354 3808 1519 3877 fidelitatis

395 3924 428 3987 et
443 3916 653 3986 seruiciorum
679 3916 782 4005 ipsius
798 3916 1045 4000 exhibiciouem,
1071 3917 1134 3986 hiis
1149 3939 1215 3985 non
1231 3917 1394 4002 condigna
1417 3937 1518 3984 remn-

396 4027 580 4113 neracione,
609 4030 702 4111 greto
719 4033 828 4093 temen
843 4045 990 4112 assensu,
1008 4033 1041 4093 et
1056 4027 1165 4112 gracie
1187 4032 1298 4094 nostre
1315 4027 1518 4114 beneplacito

395 4141 611 4218 occurrentes,
637 4139 669 4201 ct
685 4155 744 4221 pro
760 4139 861 4218 tento,
876 4133 963 4220 qnod
979 4135 1082 4221 ipsius
1107 4136 1273 4222 honorem,
1291 4135 1517 4220 Magistratum

395 4241 549 4310 uidelicet
561 4251 743 4313 nostrorum
754 4243 958 4332 Agaronum,
969 4245 1142 4330 comitatu,
1159 4244 1210 4312 cui
1220 4264 1306 4310 nunc
1315 4251 1425 4332 preest
1441 4263 1519 4312 com·

395 4351 603 4437 mutauimns,
624 4358 762 4436 quatuor
777 4350 874 4418 villas
891 4351 1102 4420 Solanonices
1124 4352 1297 4420 Comitisse
1313 4350 1405 4439 (lgy;
1432 4353 1519 4419 telin

397 4455 804 4545 ,cestu“)v0r0suiensis
820 4458 853 4524 in
870 4457 984 4526 eodem
1001 4458 1082 4526 sites
1096 4458 1271 4546 Comitatu,
1288 4459 1353 4547 ipsi
1364 4461 1519 4545 Magistro

395 4565 491 4650 Erue,
508 4573 540 4630 et
556 4565 623 4632 suis
640 4565 812 4633 heredibus
827 4564 1046 4652 heredumque
1061 4566 1305 4634 successoribus
1327 4567 1398 4636 iure
1412 4585 1520 4653 perpe·

395 4677 451 4741 tuo
468 4673 619 4740 duximus
636 4673 860 4760 conferendas,
878 4679 910 4742 et
926 4677 1066 4743 cundem
1082 4674 1115 4741 in
1125 4676 1326 4760 corporalem
1344 4677 1520 4765 possessio·
