3168 5186
58 519 60 522 v
99 435 137 494 et
156 436 425 518 recognicionem
450 440 624 507 eorundem
640 451 816 529 presumat,
842 444 945 511 donec
961 463 1058 530 super
1074 445 1149 512 11111
1167 445 1242 511 1111-

97 538 194 605 culis
215 562 276 627 per
292 544 459 613 dominum
474 548 598 632 Regem
614 550 668 616 uel
684 569 742 637 per
758 553 852 635 alios,
871 572 952 635 quos
968 552 1011 618 ad
1027 554 1088 620 hoc
1107 554 1242 636 Regalis

98 645 328 718 Excellencia
339 652 528 739 specialiter
539 656 755 744 deputanerit,
772 658 980 744 presentibus
990 659 1136 745 partibus
1146 661 1242 728 luerit

96 757 403 827 sentencionalitcr
419 763 596 831 definitum.
623 764 694 844 Que
711 768 820 834 omnia
836 767 884 834 ita
902 776 1105 835 seruaturum
1121 790 1240 837 memo·

95 872 200 933 ratus
219 867 333 936 Abbas
352 869 416 936 fide
433 870 512 938 data
527 873 685 959 promisit.
711 875 1002 944 Pronunciauimus
1018 879 1131 965 eciam,
1152 877 1240 962 quod

95 975 252 1060 pistores
264 978 423 1062 similiter,
442 988 475 1047 et
490 982 610 1050 lotores
623 984 761 1050 vestium
772 984 897 1068 altaris,
915 1006 975 1052 nec
993 1008 1057 1053 nou
1074 988 1239 1054 indumen·

96 1093 220 1150 torum
253 1086 505 1156 sacerdotalium
530 1113 594 1158 non
620 1093 663 1158 ad
688 1095 849 1180 ampliora
874 1096 1012 1162 seruicia
1043 1099 1096 1164 vel
1127 1097 1239 1166 debita

95 1194 358 1280 compellantur,
376 1216 474 1280 quam
485 1205 518 1264 et
533 1197 685 1267 similium
696 1201 921 1270 condicionum
936 1191 1085 1272 homines
1098 1207 1237 1273 aliarum

94 1301 335 1370 Ecclesiarnm
360 1306 492 1372 racione
509 1307 736 1376 condicionum
753 1330 883 1376 suarum
900 1318 975 1379 sunt
991 1311 1148 1381 adstricti.
1173 1317 1237 1381 Da-

94 1415 169 1475 tum
188 1410 332 1479 1111111
352 1415 499 1500 proxim0
515 1423 592 1502 post
606 1416 723 1484 festum
740 1419 971 1504 Apostolorum
986 1420 1075 1487 Petri
1094 1429 1126 1487 et
1141 1421 1236 1488 Pauli

94 1537 190 1583 anno
210 1519 345 1587 Domini
370 1521 544 1589 millesimo
565 1523 786 1593 ducentesimo
812 1525 1082 1612 quinquagesimo
1108 1535 1233 1612 quarto.

299 1718 437 1784 (Eredetie
450 1737 467 1772 1
479 1723 672 1787 pannonhulmi
686 1721 830 1792 idapitsig
843 1681 1046 1789 lerdl'tdrlbsn.)

533 1991 796 2004 -n—-u——-——

652 2443 726 2512 262.

97 2619 227 2687 leland
253 2627 422 2710 oeszpre'me'
439 2625 620 2711 pilspo'kcelr
636 2627 894 2712 bizonpsdpleoele
910 2626 1020 2691 Marta
1036 2627 1147 2692 Keezdi
1165 2627 1228 2692 Do·

342 2731 467 2798 11111111
482 2733 603 2818 amberk
617 2734 877 2820 oe'prertdelete'rdl.
898 2732 994 2797 1214.

210 2927 358 3016 Zlandus
374 2929 437 2996 Dei
463 2929 575 3014 gracia
597 2931 780 3016 Episcopus
805 2928 1056 3014 Vesprimiensis
1081 2930 1229 2998 omnibus

99 3034 224 3104 Christi
241 3035 393 3103 fidelibus
418 3045 486 3104 tam
501 3038 706 3123 presentibus
728 3058 825 3122 quam
852 3036 984 3122 futuris,¹
997 3045 1166 3123 presentes
1181 3037 1227 3103 in-

5 3131 8 3144 ’
101 3145 276 3229 spectaris,
294 3147 415 3212 lautem
426 3145 460 3211 in
470 3145 586 3212 salutis
597 3145 762 3230 largitore.
779 3144 831 3211 Ad
840 3143 1064 3213 uniuersorum
1074 3143 1227 3212 noticiam

99 3257 212 3320 tenore
231 3255 436 3342 presencium
446 3255 596 3321 uolumus
612 3253 791 3341 peruenire,
808 3253 895 3337 quod
905 3253 1022 3321 (lomes
1038 3252 1226 3322 Dominicus

100 3359 183 3428 lilius
198 3363 236 3429 M
252 3410 260 3426 .
278 3411 286 3428 .
304 3415 312 3430 .
330 3363 371 3430 de
385 3365 485 3430 Keuw
510 3364 724 3450 personaliter
740 3364 784 3430 ad
799 3369 943 3431 nostram
969 3363 1129 3429 accedens
1154 3383 1226 3450 pre-

100 3470 259 3560 senciam,
272 3473 370 3540 nobis
385 3474 548 3541 humiliter
564 3474 749 3562 suplicauit,
766 3481 801 3540 vt
816 3473 1133 3540 hominemnostrum
1149 3473 1225 3541 fide-

102 3578 237 3666 dignum
247 3583 447 3650 mitteremus
458 3603 531 3649 cum
547 3583 670 3668 eodem,
691 3603 800 3650 coram
818 3602 881 3667 quo
898 3583 1030 3651 domina
1039 3582 1142 3649 Maria
1157 3583 1226 3651 lilia

102 3690 254 3777 Magistri
278 3691 463 3778 Joachyni,
490 3693 668 3759 karissima
691 3711 822 3759 consors
849 3690 994 3758 eiusdem
1018 3693 1138 3761 nobilis
1162 3694 1224 3761 viri

104 3797 240 3868 Comitis
257 3801 431 3886 Dominici,
458 3820 550 3867 suum
568 3801 721 3870 conderet
745 3802 777 3866 in
794 3800 862 3867 suis
878 3799 1031 3868 extremis
1054 3807 1224 3868 testamen-

105 3915 178 3975 tum.
204 3909 275 3978 Nos
290 3929 380 3994 uero,
398 3916 494 3995 prout
510 3929 550 3976 ex
567 3909 678 3977 debito
701 3917 733 3976 et
749 3928 790 3975 ex
805 3914 881 3977 uoto
896 3907 940 3972 ad
964 3927 1073 3976 curam
1098 3909 1221 3975 anima-

104 4037 171 4082 rum
187 4024 347 4101 tenemur,
373 4018 522 4104 precibus
539 4019 605 4084 iam
622 4017 867 4086 (1111110111111
887 4017 1049 4085 Dominici
1065 4016 1221 4102 inclinati,

107 4143 175 4191 cum
190 4124 402 4192 Benedictum
427 4123 631 4212 Propositum
657 4124 698 4192 de
713 4126 775 4191 Vrs
790 4123 1002 4208 misissemus,
1029 4123 1160 4190 tandem
1178 4124 1222 4191 ad

106 4252 163 4300 nos
178 4233 310 4303 rediens
326 4233 408 4300 dixit
423 4234 517 4301 nobis
534 4253 643 4302 coram
659 4232 798 4300 Martino
821 4231 990 4300 sacerdote
1007 4232 1047 4299 de
1062 4232 1172 4317 Kenn,
1189 4239 1222 4299 et

108 4339 284 4411 Laurenoio
295 4342 362 4410 filio
377 4340 516 4428 predicti
525 4341 675 4426 Magistri
685 4340 706 4406 J
708 4339 848 4426 oachyni
864 4337 964 4406 fratre
979 4337 1083 4425 ipsius
1092 4339 1221 4408 domine

108 4449 224 4536 liaris,
250 4456 286 4517 vt
302 4450 427 4535 eadem,
455 4471 527 4517 cunr
541 4451 575 4517 in
591 4448 675 4516 lecto
692 4447 885 4533 egritudinis
901 4449 1009 4516 adhue
1030 4449 1220 4518 1111111111

111 4575 236 4650 compos
262 4559 425 4646 existeret,
451 4559 559 4629 dotem
586 4577 678 4625 suam
703 4563 735 4623 et
759 4576 810 4623 res
835 4556 1068 4644 paraiernales,
1093 4557 1219 4643 prelato
