3226 5194
629 391 779 497 ..5.43-

130 611 196 676 qne
213 590 370 676 magister
380 591 474 659 Ghak
490 599 565 660 snnt
582 592 614 658 in
631 589 771 658 seruicio
788 589 889 674 Regis
907 591 939 656 in
954 589 1121 680 Balgatia,
1139 591 1263 669 solacio

134 697 282 767 eiusdem
309 698 410 766 debiti
436 719 536 784 usqne
562 698 603 764 ari
630 696 776 764 reditum¹
801 696 970 764 memorati
994 704 1140 787 magistri
1167 707 1262 778 chak

134 807 176 873 de
193 805 352 890 Bnigaris
368 805 562 874 differretur.
588 807 627 871 In
643 804 734 872 cuins
750 805 795 870 rei
817 806 1006 872 memoriam
1024 821 1190 896 presentes
1206 815 1262 883 du·

134 913 242 982 ximns
258 913 384 982 litteras
400 911 635 982 concedendas.

242 1057 342 1124 Kreas
357 1059 489 1145 eqykoro
506 1059 622 1125 irascat
638 1081 649 1121 .·
671 1057 735 1124 Pro
751 1055 866 1123 relicto
882 1055 939 1126 Osi
956 1057 1040 1129 Bani
1064 1081 1163 1151 snper
1177 1063 1258 1134 dno·

133 1161 240 1230 decim
257 1164 376 1232 mareis
393 1171 505 1234 contra
520 1167 651 1232 Petrum
669 1162 770 1232 fliium
786 1163 909 1232 Vrirun.

133 1359 275 1424 (Ersdetie
288 1358 462 1432 borhtrsyin,
484 1362 595 1428 melyrtti
608 1378 625 1414 a
637 1359 713 1415 hitui
727 1357 860 1414 cidalrist
881 1360 933 1413 oda
951 1371 1073 1430 nycmett
1091 1365 1183 1434 poeste
1203 1367 1261 1423 mir

361 1447 488 1518 iniinysiir
502 1453 644 1505 anemaeti
657 1453 781 1504 Muasnm
796 1447 1036 1520 kesirattiriban.)

655 2143 733 2212 887.

131 2319 194 2385 IV.
210 2320 292 2389 Bc'la
307 2321 413 2410 kiraty
428 2322 644 2412 Haatpazoon
671 2327 896 2413 nonzcosytott
912 2327 1020 2394 Buteo
1045 2331 1198 2396 comesset·
1216 2354 1257 2397 aa

131 2429 232 2515 anyja
242 2428 407 2516 itele'yr'tc'sc
422 2430 614 2497 rammasses
623 2442 673 2498 teti
688 2433 1122 2524 histokdtrmhdscircitirelybes
1131 2439 1260 2527 hnyyja.

585 2540 682 2609 1260.
705 2541 805 2609 toret

166 2743 169 2750 ’
241 2731 321 2800 Bela
337 2732 399 2800 Dei
426 2732 538 2818 gracia
560 2733 737 2820 Hungarie,
763 2733 944 2820 Daimacic,
971 2734 1118 2821 Oroacie,
1145 2735 1256 2816 Mine,

130 2841 256 2926 Seruis,
268 2839 416 2925 Gallicie,
429 2839 629 2926 Lodomcrie,
640 2839 860 2924 (immanisque
870 2842 940 2910 Rex
954 2839 1102 2909 omnibns
1121 2859 1259 2928 presens

133 2949 293 3037 scriptum
308 2948 502 3037 inspecturis
511 2948 651 3017 salntem
666 2948 700 3016 in
710 2947 850 3016 Domino
867 2949 1108 3036 sempiternam.
1130 2947 1182 3015 Asi
1192 2947 1259 3015 nni-

130 3074 302 3125 nemorum
311 3053 464 3124 noticiam
481 3063 593 3123 tenore
603 3053 807 3141 presencium
818 3054 967 3123 nolumus
977 3054 1158 3142 peruenire,
1171 3054 1259 3140 qnod

132 3161 251 3232 Comes
268 3162 382 3230 Busan
400 3163 487 3232 filins
504 3163 637 3233 Comitis
652 3162 768 3230 Boken
784 3162 824 3230 de
844 3182 965 3250 genere
981 3161 1198 3251 Hnntpannan
1215 3162 1258 3231 ati

131 3279 278 3340 nostram
294 3269 453 3340 amedeus
469 3273 682 3359 presenciam,
700 3269 847 3339 exhibuit
863 3271 957 3340 nobis
973 3270 1182 3357 priuilegium
1197 3272 1258 3339 Oa·

132 3378 228 3466 pituli
245 3377 464 3465 Posoniensis,
489 3386 522 3447 ct
535 3386 650 3465 petens
666 3398 687 3446 a
703 3378 796 3446 nobis
813 3399 884 3447 cnm
911 3397 1042 3467 precum
1058 3398 1192 3448 suornm
1213 3378 1259 3447 in·

132 3483 270 3572 stancijs
286 3485 449 3552 humiliter
474 3486 625 3574 copiosis,
653 3486 742 3570 qnod
757 3506 816 3554 nos
840 3487 1035 3575 approbare,
1060 3483 1259 3574 easdemque

132 3593 295 3661 notificare
310 3612 350 3658 ac
375 3598 484 3659 nostro
501 3591 712 3676 dignaremur
738 3592 913 3680 priuilegio
930 3591 1132 3663 confirmare.
1159 3594 1258 3663 cuius

132 3699 263 3787 quidem
279 3708 370 3768 tenor
385 3699 460 3768 talis
476 3707 545 3768 cst:

239 3807 427 3895 Capitulum
443 3807 589 3876 Ecclesia
605 3807 817 3878 Posoniensis
836 3811 898 3878 sib.
918 3807 1014 3898 (mint
1032 3807 1163 3877 ientebb
1179 3811 1255 3878 380.

131 3935 175 3982 ss.
194 3914 240 4003 a.)

240 4020 309 4090 Nos
323 4023 435 4108 itaque
460 4024 635 4093 fidelitates
652 4032 684 4091 et
700 4025 840 4092 seruicia
864 4023 1053 4092 fidelissima
1078 4021 1181 4111 ipsins
1197 4025 1257 4093 Oo-

131 4129 219 4198 mitis
234 4130 353 4198 Boken
369 4131 625 4219 considerantes,
648 4133 739 4221 ipsas
755 4132 981 4202 ordinaciones
996 4138 1030 4201 et
1044 4135 1256 4220 composicio·

129 4258 199 4330 nes,
225 4259 264 4307 ac
290 4239 415 4309 litteras
441 4241 520 4310 dicti
547 4242 690 4329 Capituli
715 4243 820 4309 eidem
846 4262 1030 4328 concessas,
1055 4243 1160 4312 instas
1185 4263 1258 4312 esse

129 4348 355 4434 cognocimus,
380 4369 444 4417 non
460 4350 608 4438 abrasas,
634 4369 697 4418 non
714 4351 924 4432 cancellatas,
950 4370 1010 4420 neo
1025 4350 1058 4417 in
1076 4351 1189 4437 aliqua
1206 4351 1257 4418 sni

130 4465 222 4545 parte
241 4455 390 4541 uiciatos,
418 4458 460 4525 de
476 4459 575 4526 uerbo
591 4457 636 4526 ad
653 4459 784 4526 uerbum
800 4460 921 4527 nostris
937 4459 1054 4528 litteris
1070 4458 1258 4548 priuilegia·

129 4564 214 4632 libus
241 4565 340 4632 inseri
367 4564 513 4650 fecimus,
540 4567 732 4634 anctoritate
756 4568 959 4652 presencium
975 4605 1257 4618 -----

128 4706 819 4723 -------------
837 4668 875 4740 In
893 4675 985 4743 cuins
1004 4675 1050 4742 rei
1066 4677 1257 4744 memoriam
