3210 5194
874 306 1017 406 ..Ψ-

379 503 452 570 nius
469 523 507 570 ao
518 504 656 570 Michacl
675 503 716 570 de
728 505 820 572 Pook
836 505 870 569 in
881 503 1022 588 quadam
1034 522 1135 570 eanaa
1152 502 1183 568 in
1194 502 1280 568 iacto
1291 502 1397 587 predij
1411 503 1509 568 zara

380 611 487 676 vocali
512 609 726 678 incomitata
752 610 966 697 Soproniensi
983 608 1096 696 habiti,
1123 618 1270 696 tempore
1294 609 1401 675 adhuc
1426 610 1510 676 olim

380 717 586 784 serenissimi
601 715 722 786 domini
738 717 940 802 sigismundi
955 718 1166 805 Imperatoris
1182 725 1280 800 mota,
1305 723 1420 784 contra
1435 737 1511 786 cos·

385 825 459 892 dem
485 833 612 894 actores
638 824 843 913 procedendo
860 825 894 892 in
910 825 1035 892 octenis
1060 825 1134 892 festi
1156 823 1414 910 Epiphaniarum
1440 827 1509 892 Do-

382 932 460 998 mini
477 931 605 1020 (1489.)
624 983 732 1004 ......
749 934 897 1020 predium
913 932 1096 1004 huiusmodi
1113 933 1209 1000 factis
1228 932 1331 999 eciam
1348 939 1510 998 metarum

383 1040 606 1108 ereocionibus
616 1064 675 1128 pro
692 1062 727 1110 se
739 1043 839 1110 statui
849 1042 957 1110 faeere
968 1047 1208 1129 procurassent,
1230 1039 1510 1128 (melybenmind-

379 1149 501 1214 aaaltal
527 1150 656 1234 Mityle
685 1151 793 1235 kirtly
818 1149 1087 1236 megengedven)‚
1115 1157 1147 1216 rt
1173 1149 1236 1234 ipsi
1260 1169 1325 1214 non
1352 1147 1506 1214 obstante

379 1254 527 1340 predicta
544 1257 722 1339 sentencia,
749 1276 848 1323 eausa
864 1257 897 1322 in
914 1256 1100 1324 huiusmodi
1125 1277 1234 1324 eoram
1257 1276 1318 1322 sua
1335 1255 1509 1321 Personali

379 1361 551 1428 Prosenoia
571 1384 689 1430 nouum
701 1363 860 1448 judicium
876 1365 1030 1450 recipere,
1058 1384 1096 1430 ac
1113 1365 1260 1432 raciones
1280 1371 1313 1430 et
1328 1362 1510 1445 allegacio-

379 1489 437 1536 nes
465 1490 542 1536 suns
560 1471 600 1536 de
626 1492 711 1538 nouo
728 1479 760 1537 ct
775 1490 815 1536 cr
840 1492 925 1538 nouo
942 1469 1050 1538 dicere
1071 1479 1103 1537 et
1121 1470 1238 1554 facere,
1265 1472 1455 1554 litterasque
1475 1474 1509 1532 et

380 1577 553 1663 priuilegia
570 1598 630 1644 sua
655 1578 835 1663 producere
854 1578 999 1645 valerent
1014 1584 1112 1662 atque
1129 1578 1266 1662 possint.
1291 1578 1393 1664 (Ezen
1409 1577 1508 1642 alka-

379 1685 513 1752 lammnl
539 1693 677 1752 mestar
703 1689 844 1771 apiutsag
868 1685 1002 1752 raro-ki
1026 1684 1363 1771 adomtnylerelenek
1387 1685 1510 1750 ellone-

386 1793 460 1876 ben,
475 1793 594 1876 melpet
604 1797 629 1860 Ι.
647 1794 815 1860 kdletcink
825 1796 900 1861 270.
912 1798 1022 1862 sztrna
1034 1795 1115 1862 alatl
1127 1793 1386 1878 felemlltetttlnk,
1398 1792 1508 1860 Pooki

382 1899 481 1964 Antal
497 1900 609 1965 lutrom
627 1899 975 1984 okmanytelltmutat.)
994 1900 1108 1966 Tercle
1124 1901 1301 1969 earundem
1311 1901 1506 1984 litterarum,

383 2006 522 2072 condam
535 2005 663 2070 Andree
680 2005 737 2089 filij
755 2005 927 2091 Seraphini
938 2006 1064 2074 Judicis
1081 2006 1155 2072 aule
1172 2008 1272 2086 Regie
1288 2007 1321 2073 iu
1337 2025 1423 2072 anno
1441 2007 1509 2070 Do·

382 2114 460 2179 mini
480 2111 652 2179 millesimo
663 2112 882 2179 ducentesimo
899 2113 1149 2196 quadragesimo
1161 2113 1305 2178 contente
1322 2132 1380 2198 per
1390 2131 1508 2178 cursus

381 2221 517 2287 metales
534 2226 667 2286 catenus
681 2220 910 2306 informabant,
929 2218 1015 2304 quod
1026 2222 1132 2306 prima
1151 2226 1237 2287 meta
1253 2219 1288 2306 (t.
1299 2219 1322 2287 i.
1339 2218 1444 2306 predii
1454 2219 1509 2284 sni

381 2326 489 2414 Zaira)
506 2327 621 2413 incipit
643 2326 685 2393 de
704 2328 790 2395 valle
807 2328 840 2394 in
856 2330 911 2394 ria
936 2348 1063 2412 magna,
1090 2329 1122 2393 in
1138 2347 1204 2412 qna
1219 2325 1262 2392 ad
1278 2325 1404 2412 Sopron
1420 2327 1506 2410 itur;

381 2434 484 2503 tendit
495 2453 607 2501 versus
618 2435 815 2520 aquilonem,
832 2440 863 2499 et
874 2435 1021 2520 peruenit
1037 2434 1079 2500 ad
1091 2433 1236 2520 predium
1248 2434 1397 2516 Albulis,
1417 2429 1508 2516 quod

382 2541 490 2609 Boron
508 2549 651 2625 vocatur,
678 2542 707 2608 ci
724 2541 770 2606 ibi
787 2546 861 2608 sunt
877 2549 943 2608 tres
961 2551 1053 2623 meto,
1077 2541 1202 2607 scilicet
1218 2561 1281 2606 vna
1297 2559 1410 2606 earum
1433 2559 1507 2606 con·

380 2649 500 2716 staldo
518 2657 604 2716 terra
621 2649 758 2734 Gyrollh
774 2649 809 2714 in
826 2647 1021 2715 occidentali
1036 2655 1138 2735 parte,
1165 2648 1232 2714 alia
1249 2645 1290 2714 de
1310 2647 1424 2734 predio
1441 2647 1507 2712 Ab·

381 2757 466 2822 batis
482 2757 514 2821 in
541 2764 632 2841 parte
649 2756 822 2839 aquilonis,
851 2757 952 2822 tercia
969 2775 1046 2821 vcro
1072 2757 1105 2821 in
1123 2753 1326 2822 meridionali
1352 2761 1444 2839 parte
1462 2753 1506 2818 de

381 2873 469 2931 terra
485 2863 599 2948 erlro5
626 2863 743 2930 deinde
759 2860 864 2930 tendit
882 2869 994 2928 eontra
1011 2864 1176 2948 orientem,
1205 2862 1438 2929 conterminata
1454 2867 1509 2926 est

255 2975 258 2986 '
378 2972 496 3055 Boron,
525 2979 557 3038 et
574 2970 721 3056 peruenit
747 2970 791 3036 ad
808 2970 911 3035 Wkec
936 2967 1084 3055 predium
1108 2969 1185 3036 dicti
1201 2968 1358 3053 Abbatis5
1384 2968 1507 3035 abhinc

365 3088 487 3146 auteur
512 3078 592 3145 tacit
608 3080 712 3161 girum
739 3085 852 3144 contra
877 3077 1056 3161 meridiem,
1084 3082 1115 3143 et
1131 3098 1188 3162 per
1211 3077 1389 3162 virgultum
1413 3075 1508 3141 radit

379 3187 472 3252 iuxta
489 3185 765 3268 torminokueo,
784 3184 931 3269 peruenit
947 3181 989 3250 ad
1007 3184 1153 3269 predium
1169 3204 1248 3270 sepe
1265 3182 1506 3266 dictidbbatis,

379 3291 467 3378 quod
483 3291 575 3359 Zaka
591 3291 727 3376 dicitur;
754 3291 829 3357 inde
849 3310 947 3358 uxero
970 3289 1143 3358 reflectitur
1159 3311 1275 3358 uersus
1292 3290 1505 3373 occidentem,

379 3397 483 3464 tendit
499 3399 531 3464 in
548 3399 603 3464 ria
619 3399 770 3484 herbosa,
788 3406 821 3464 et
836 3399 998 3465 subintrat
1012 3403 1133 3466 terram
1149 3399 1333 3482 Laurencij,
1359 3415 1423 3480 que
1439 3396 1507 3464 sibi

379 3505 499 3571 dotata
515 3512 564 3571 est
590 3525 661 3572 cum
677 3525 777 3572 vxore
794 3526 873 3590 sua;
900 3505 1018 3573 deinde
1034 3506 1224 3592 protelatur,
1242 3514 1276 3573 et
1294 3505 1446 3590 peruenit
1461 3504 1505 3570 ad

377 3611 483 3678 locum
498 3614 655 3700 priorem,
672 3636 693 3679 a
709 3634 772 3699 quo
788 3615 955 3701 inceperat
970 3614 1031 3680 stb.

515 3811 652 3877 (Eredetie
665 3810 830 3880 bdrhdrtydn
844 3829 860 3863 a
874 3811 956 3866 budal
969 3813 1018 3863 kir.
1034 3813 1156 3864 kameral
1167 3807 1357 3878 lerdltdrban.)

808 4117 1072 4136 *mn—und
