3186 5188
837 262 995 364 gec-

351 465 484 551 poribus
499 462 714 551 perfruantur.
743 461 787 529 Vt
801 467 911 529 autem
926 461 986 528 hec
1001 482 1022 528 a
1036 460 1131 529 nobis
1147 459 1237 528 lacta
1256 456 1395 528 collacio
1411 475 1485 524 sew

353 572 541 642 collacionis
568 593 589 639 c
613 578 706 658 patre
733 576 843 640 nostro
867 569 954 638 lacte
979 569 1185 638 confirmacio
1210 569 1308 638 robur
1333 567 1488 655 optineat

352 681 528 769 firmitatis,
557 698 617 748 nec
632 679 710 748 ullis
725 699 869 765 uuquam
894 678 1095 766 temporibus
1111 678 1222 746 ualeat
1237 678 1272 744 in
1293 675 1420 744 irritum
1437 692 1485 739 re

351 789 474 878 uocari,
500 793 667 876 presentes
693 793 824 856 nostras
850 786 976 855 litteras
992 805 1091 873 super
1115 786 1191 872 ipsa
1213 783 1396 852 collacione
1411 798 1485 848 serr

350 897 601 966 confirmacione
625 893 667 965 de
692 903 805 964 nostro
836 895 991 964 mundato
1016 894 1182 964 coniectas
1205 893 1240 961 in
1270 889 1487 980 priuilegium

349 1013 540 1095 perpetuum
564 1003 733 1094 dupplicis
749 1004 851 1092 sigilli
876 1005 980 1074 nostri
996 1003 1173 1073 munimine
1188 1001 1321 1070 lecimus
1341 1020 1486 1070 commn-

351 1115 426 1183 niri.
443 1118 564 1184 Datum
581 1114 670 1202 apud
685 1112 813 1182 Waslra
828 1135 913 1182 anno
930 1112 1101 1182 Dominice
1115 1109 1359 1178 incarnacionis
1380 1108 1485 1175 mille-

352 1222 436 1293 simo
452 1223 673 1291 ducentesimo
698 1221 951 1310 quadragesimo
967 1229 1093 1306 octauo,
1120 1218 1225 1304 Regni
1241 1225 1350 1286 antem
1376 1215 1485 1285 nostri

351 1351 438 1401 anno
461 1330 703 1401 terciodecimo.

402 1529 437 1601 (A
450 1528 549 1600 lrirdlyi
563 1529 734 1600 ssemdlpnltlr
750 1531 862 1583 isse-ki
876 1527 954 1583 ictlcr
967 1527 1101 1583 levoldbdl
1115 1543 1132 1579 s
1144 1527 1228 1580 budai
1241 1528 1292 1579 lxir.
1306 1528 1436 1580 kamarai

823 1617 1013 1690 lcvtlotrban.)

879 2355 955 2424 lle.

354 2537 414 2604 IV.
439 2537 519 2603 Boo
541 2536 707 2624 kirdlpnolc
732 2537 799 2626 Pyr
821 2539 998 2625 helpedybca
1023 2537 1089 2602 lect
1109 2535 1304 2602 rc'srds'rtolrot
1329 2540 1486 2622 trirppazo'

523 2647 702 2734 odorodnyn
725 2647 846 2734 Weytclo
860 2653 940 2714 mori
953 2649 1021 2714 hice
1037 2647 1192 2713 srdmdra.
1208 2645 1306 2712 1248.

458 2841 541 2910 Belo
555 2842 619 2908 Dei
643 2842 766 2930 gracie,
782 2843 962 2930 Hungarie,
989 2842 1171 2927 Dalmacie‚
1192 2840 1337 2926 (truncis,
1366 2843 1484 2926 Reme,

352 2945 475 3034 Seruio,
490 2948 640 3035 Gallicis,
656 2949 858 3036 Lodomerie,
875 2951 1097 3037 Cumanicque
1107 2951 1178 3017 Rex
1187 2949 1350 3017 uniuersis
1360 2947 1484 3015 christi

352 3055 505 3124 fidelibus
523 3063 707 3144 presentem
723 3057 878 3144 paginam
897 3058 1091 3145 inspecturis
1108 3057 1247 3126 salutem
1262 3064 1296 3124 et
1311 3075 1410 3124 omne
1425 3057 1483 3123 bo-

353 3184 442 3231 num.
460 3164 551 3232 Sient
565 3164 682 3234 honori
697 3166 802 3251 Regio
811 3164 919 3234 tidelis
935 3166 1111 3235 famulatus
1121 3165 1319 3234 subditorcm
1335 3163 1485 3250 impendi

352 3271 451 3340 debet
471 3271 590 3357 iugiter
605 3277 638 3340 et
653 3274 815 3360 expendi3
841 3273 888 3342 sic
903 3273 1006 3360 Regis
1021 3273 1305 3361 circumspeccioni
1330 3271 1486 3341 conuenit

255 3374 257 3382 ’
353 3377 422 3445 suis
446 3378 586 3447 subditis
602 3379 636 3447 in
660 3380 788 3450 delectu
804 3382 949 3470 ipsorum
970 3383 1148 3451 liberaliter
1164 3401 1280 3450 manus
1306 3379 1485 3448 extendere

352 3485 528 3570 largitatis.
554 3488 696 3557 Proinde
711 3489 755 3557 od
770 3490 995 3559 universorum
1011 3489 1164 3558 noticiam
1179 3495 1247 3556 tam
1266 3487 1481 3575 presencium,

354 3611 452 3677 quam
468 3592 646 3663 futurorum
670 3598 818 3665 uolumus
843 3599 1033 3686 peruenire;
1057 3597 1235 3683 quodcum
1260 3615 1321 3665 nos
1337 3602 1484 3682 tempore

351 3700 594 3786 persecucionis
618 3705 827 3774 Tertcrorum
857 3705 992 3774 articulo
1021 3703 1226 3773 necessitatis
1252 3703 1411 3792 compulsi
1438 3703 1485 3770 ad

351 3807 533 3877 maritimas
550 3817 662 3898 partes
688 3811 955 3898 declinassemus,
981 3813 1126 3900 perrexit
1142 3812 1247 3880 eciam
1263 3811 1433 3879 nobiscum
1450 3816 1485 3876 et

351 3915 510 3982 remeauit
525 3917 666 4005 Weyteh
682 3918 769 3987 filius
788 3919 897 3988 Miluus
913 3919 955 3986 de
970 3919 1049 3987 nilla
1065 3921 1132 4006 Pyr
1157 3919 1199 3987 de
1214 3917 1378 3986 Comitctu
1392 3918 1482 3984 Hun-

350 4021 436 4089 tensi
460 4023 494 4090 in
511 4025 604 4110 equis
622 4031 655 4092 et
670 4027 771 4095 armis
791 4027 870 4113 suis,
896 4034 928 4096 ct
944 4027 990 4094 ibi
1006 4048 1115 4097 coram
1131 4029 1234 4096 oculis
1258 4034 1367 4096 nostre
1382 4025 1484 4092 licie·

352 4128 448 4196 statis
463 4127 688 4201 fidelissimum
704 4133 799 4201 nobis
814 4139 847 4200 et
862 4143 991 4221 gratum
1002 4135 1128 4203 exibuit
1142 4134 1315 4202 seruicium
1333 4169 1371 4181 -
1393 4169 1431 4181 -
1450 4138 1484 4200 et

350 4237 430 4321 (luia
443 4237 528 4304 tffllfi
548 4275 584 4286 ·-
607 4277 644 4288 -
666 4277 702 4288 -
726 4277 762 4288 -
782 4243 919 4328 Regiam
935 4242 1029 4311 decet
1043 4243 1248 4311 Maiestatem
1260 4259 1480 4327 remunerere,

221 4337 225 4346 '
351 4342 461 4428 ipsum
485 4345 624 4432 Weyteh
649 4348 684 4415 in
703 4347 877 4434 collegium
901 4356 934 4416 et
958 4371 1124 4419 numerum
1147 4349 1319 4436 Regalium
1343 4350 1483 4417 seruien-

353 4449 440 4517 cium
456 4457 648 4543 nostrornm,
665 4456 757 4524 etad
773 4463 918 4526 nostram
934 4457 1115 4546 recepimus
1131 4457 1280 4542 graciam
1292 4455 1482 4544 specialem,

350 4555 528 4628 eximentes
558 4561 665 4649 ipsum
690 4565 732 4631 ab
758 4563 867 4633 oflicio
893 4572 926 4633 et
951 4566 1142 4635 condicione
1165 4565 1386 4652 piscacionis;
1420 4564 1476 4650 qni
