<?xml version="1.0" encoding="UTF-8"?>
<!DOCTYPE html PUBLIC "-//W3C//DTD XHTML 1.0 Transitional//EN"
    "http://www.w3.org/TR/xhtml1/DTD/xhtml1-transitional.dtd">
<html xmlns="http://www.w3.org/1999/xhtml" xml:lang="en" lang="en">
 <head>
  <title>
</title>
<meta http-equiv="Content-Type" content="text/html;charset=utf-8" />
  <meta name='ocr-system' content='tesseract 3.04.00' />
  <meta name='ocr-capabilities' content='ocr_page ocr_carea ocr_par ocr_line ocrx_word'/>
</head>
<body>
  <div class='ocr_page' id='page_1' title='image "./codexdiplomatic18wenzgoog_0472.png"; bbox 0 0 3168 5186; ppageno 0'>
   <div class='ocr_carea' id='block_1_1' title="bbox 805 323 957 422">
    <p class='ocr_par' dir='ltr' id='par_1_1' title="bbox 805 323 957 422">
     <span class='ocr_line' id='line_1_1' title="bbox 805 323 957 422; baseline 0 -34"><span class='ocrx_word' id='word_1_1' title='bbox 805 323 957 422; x_wconf 32' lang='lat' dir='ltr'><strong>“sap-</strong></span> 
     </span>
    </p>
   </div>
   <div class='ocr_carea' id='block_1_2' title="bbox 316 518 1442 1038">
    <p class='ocr_par' dir='ltr' id='par_1_2' title="bbox 316 518 1442 714">
     <span class='ocr_line' id='line_1_2' title="bbox 318 518 1442 606; baseline 0.002 -22"><span class='ocrx_word' id='word_1_2' title='bbox 318 518 499 604; x_wconf 84' lang='lat' dir='ltr'><strong>Symeonis,</strong></span> <span class='ocrx_word' id='word_1_3' title='bbox 511 518 675 586; x_wconf 84' lang='lat' dir='ltr'><strong>Leonardi</strong></span> <span class='ocrx_word' id='word_1_4' title='bbox 692 519 732 586; x_wconf 89' lang='lat' dir='ltr'><strong>de</strong></span> <span class='ocrx_word' id='word_1_5' title='bbox 741 520 876 588; x_wconf 83' lang='lat' dir='ltr'><strong>Pessime</strong></span> <span class='ocrx_word' id='word_1_6' title='bbox 886 521 1091 606; x_wconf 85' lang='lat' dir='ltr'><strong>Spalatensis</strong></span> <span class='ocrx_word' id='word_1_7' title='bbox 1107 525 1140 587; x_wconf 85' lang='lat' dir='ltr'><strong>et</strong></span> <span class='ocrx_word' id='word_1_8' title='bbox 1149 521 1236 588; x_wconf 91' lang='lat' dir='ltr'><strong>aliis.</strong></span> <span class='ocrx_word' id='word_1_9' title='bbox 1253 519 1442 604; x_wconf 78' lang='lat' dir='ltr'><strong>EgoDobre</strong></span> 
     </span>
     <span class='ocr_line' id='line_1_3' title="bbox 316 626 988 714; baseline -0.001 -20"><span class='ocrx_word' id='word_1_10' title='bbox 316 626 455 694; x_wconf 84' lang='lat' dir='ltr'><strong>Duseize</strong></span> <span class='ocrx_word' id='word_1_11' title='bbox 472 627 677 695; x_wconf 75' lang='lat' dir='ltr'><strong>examinator</strong></span> <span class='ocrx_word' id='word_1_12' title='bbox 694 629 842 696; x_wconf 88' lang='lat' dir='ltr'><strong>eonsoius</strong></span> <span class='ocrx_word' id='word_1_13' title='bbox 861 628 988 714; x_wconf 78' lang='lat' dir='ltr'><strong>scripsi.</strong></span> 
     </span>
    </p>

    <p class='ocr_par' dir='ltr' id='par_1_3' title="bbox 316 709 1441 1038">
     <span class='ocr_line' id='line_1_4' title="bbox 424 709 1441 823; baseline 0.004 -23"><span class='ocrx_word' id='word_1_14' title='bbox 424 734 494 819; x_wconf 80' lang='lat' dir='ltr'><strong>ligo</strong></span> <span class='ocrx_word' id='word_1_15' title='bbox 509 733 642 802; x_wconf 81' lang='lat' dir='ltr'><strong>Amicus</strong></span> <span class='ocrx_word' id='word_1_16' title='bbox 657 733 866 823; x_wconf 78' lang='lat' dir='ltr'><strong>Capelianus,</strong></span> <span class='ocrx_word' id='word_1_17' title='bbox 888 736 1075 804; x_wconf 81' lang='lat' dir='ltr'><strong>Communis</strong></span> <span class='ocrx_word' id='word_1_18' title='bbox 1087 709 1291 822; x_wconf 68' lang='lat' dir='ltr'><strong>spalatensis</strong></span> <span class='ocrx_word' id='word_1_19' title='bbox 1305 736 1441 806; x_wconf 87' lang='lat' dir='ltr'><strong>Juratns</strong></span> 
     </span>
     <span class='ocr_line' id='line_1_5' title="bbox 316 841 1439 932; baseline 0.003 -25"><span class='ocrx_word' id='word_1_20' title='bbox 316 841 470 910; x_wconf 85' lang='lat' dir='ltr'><strong>Notarius</strong></span> <span class='ocrx_word' id='word_1_21' title='bbox 496 842 547 909; x_wconf 89' lang='lat' dir='ltr'><strong>bis</strong></span> <span class='ocrx_word' id='word_1_22' title='bbox 574 841 713 928; x_wconf 84' lang='lat' dir='ltr'><strong>interfui,</strong></span> <span class='ocrx_word' id='word_1_23' title='bbox 737 851 770 910; x_wconf 90' lang='lat' dir='ltr'><strong>et</strong></span> <span class='ocrx_word' id='word_1_24' title='bbox 797 844 837 911; x_wconf 87' lang='lat' dir='ltr'><strong>de</strong></span> <span class='ocrx_word' id='word_1_25' title='bbox 860 845 1028 912; x_wconf 88' lang='lat' dir='ltr'><strong>voluntate</strong></span> <span class='ocrx_word' id='word_1_26' title='bbox 1052 843 1157 932; x_wconf 88' lang='lat' dir='ltr'><strong>ipsius</strong></span> <span class='ocrx_word' id='word_1_27' title='bbox 1182 843 1304 912; x_wconf 90' lang='lat' dir='ltr'><strong>domini</strong></span> <span class='ocrx_word' id='word_1_28' title='bbox 1329 845 1439 913; x_wconf 82' lang='lat' dir='ltr'><strong>Arobi-</strong></span> 
     </span>
     <span class='ocr_line' id='line_1_6' title="bbox 317 947 1264 1038; baseline 0.004 -23"><span class='ocrx_word' id='word_1_29' title='bbox 317 947 461 1036; x_wconf 86' lang='lat' dir='ltr'><strong>episeopi</strong></span> <span class='ocrx_word' id='word_1_30' title='bbox 477 958 611 1035; x_wconf 80' lang='lat' dir='ltr'><strong>rogatus</strong></span> <span class='ocrx_word' id='word_1_31' title='bbox 627 949 752 1038; x_wconf 84' lang='lat' dir='ltr'><strong>scripsi,</strong></span> <span class='ocrx_word' id='word_1_32' title='bbox 771 959 804 1019; x_wconf 88' lang='lat' dir='ltr'><strong>et</strong></span> <span class='ocrx_word' id='word_1_33' title='bbox 819 961 973 1020; x_wconf 80' lang='lat' dir='ltr'><strong>consueto</strong></span> <span class='ocrx_word' id='word_1_34' title='bbox 990 953 1084 1038; x_wconf 82' lang='lat' dir='ltr'><strong>signo</strong></span> <span class='ocrx_word' id='word_1_35' title='bbox 1101 953 1264 1021; x_wconf 86' lang='lat' dir='ltr'><strong>roboraui.</strong></span> 
     </span>
    </p>
   </div>
   <div class='ocr_carea' id='block_1_3' title="bbox 548 1143 1206 1214">
    <p class='ocr_par' dir='ltr' id='par_1_4' title="bbox 548 1143 1206 1214">
     <span class='ocr_line' id='line_1_7' title="bbox 548 1143 1206 1214; baseline 0.011 -18"><span class='ocrx_word' id='word_1_36' title='bbox 548 1143 672 1209; x_wconf 62' lang='lat' dir='ltr'><strong>(Fuisti,</strong></span> <span class='ocrx_word' id='word_1_37' title='bbox 686 1147 824 1212; x_wconf 75' lang='lat' dir='ltr'><strong>illyricum</strong></span> <span class='ocrx_word' id='word_1_38' title='bbox 837 1148 950 1203; x_wconf 80' lang='lat' dir='ltr'><strong>Sacrum</strong></span> <span class='ocrx_word' id='word_1_39' title='bbox 963 1150 1012 1203; x_wconf 89' lang='lat'><em>111.</em></span> <span class='ocrx_word' id='word_1_40' title='bbox 1026 1150 1083 1201; x_wconf 80' lang='lat' dir='ltr'><strong>kbt.</strong></span> <span class='ocrx_word' id='word_1_41' title='bbox 1103 1151 1163 1204; x_wconf 75' lang='grc'><strong>279.</strong></span> <span class='ocrx_word' id='word_1_42' title='bbox 1177 1151 1206 1214; x_wconf 90' lang='lat' dir='ltr'><strong>i.)</strong></span> 
     </span>
    </p>
   </div>
   <div class='ocr_carea' id='block_1_4' title="bbox 746 1439 1005 1446">
    <p class='ocr_par' dir='ltr' id='par_1_5' title="bbox 746 1439 1005 1446">
     <span class='ocr_line' id='line_1_8' title="bbox 746 1439 1005 1446; baseline 0.004 -1"><span class='ocrx_word' id='word_1_43' title='bbox 746 1439 839 1446; x_wconf 67' lang='lat'><strong>——.</strong></span> <span class='ocrx_word' id='word_1_44' title='bbox 866 1440 948 1446; x_wconf 72' lang='lat'><em>----</em></span> <span class='ocrx_word' id='word_1_45' title='bbox 957 1440 1005 1446; x_wconf 83' lang='lat'><strong>—-</strong></span> 
     </span>
    </p>
   </div>
   <div class='ocr_carea' id='block_1_5' title="bbox 316 2061 1441 2236">
    <p class='ocr_par' dir='ltr' id='par_1_6' title="bbox 316 2061 1441 2236">
     <span class='ocr_line' id='line_1_9' title="bbox 316 2061 1441 2150; baseline 0.003 -23"><span class='ocrx_word' id='word_1_46' title='bbox 316 2063 451 2128; x_wconf 63' lang='lat' dir='ltr'><strong>Lernaea</strong></span> <span class='ocrx_word' id='word_1_47' title='bbox 467 2061 706 2148; x_wconf 72' lang='lat' dir='ltr'><strong>oronciqbirciuok</strong></span> <span class='ocrx_word' id='word_1_48' title='bbox 731 2064 996 2150; x_wconf 72' lang='lat' dir='ltr'><strong>bizoaprdplevete,</strong></span> <span class='ocrx_word' id='word_1_49' title='bbox 1011 2066 1091 2150; x_wconf 74' lang='lat' dir='ltr'><strong>bopy</strong></span> <span class='ocrx_word' id='word_1_50' title='bbox 1108 2063 1223 2130; x_wconf 67' lang='lat' dir='ltr'><strong>Mtttoa</strong></span> <span class='ocrx_word' id='word_1_51' title='bbox 1238 2066 1364 2131; x_wconf 73' lang='lat' dir='ltr'><strong>brinaok</strong></span> <span class='ocrx_word' id='word_1_52' title='bbox 1377 2067 1441 2149; x_wconf 77' lang='lat' dir='ltr'><strong>fiai</strong></span> 
     </span>
     <span class='ocr_line' id='line_1_10' title="bbox 659 2169 1092 2236; baseline 0.005 -5"><span class='ocrx_word' id='word_1_53' title='bbox 659 2169 744 2235; x_wconf 80' lang='lat' dir='ltr'><strong>elb&#39;tte</strong></span> <span class='ocrx_word' id='word_1_54' title='bbox 759 2171 978 2236; x_wconf 79' lang='lat' dir='ltr'><strong>oratozlrodtalr.</strong></span> <span class='ocrx_word' id='word_1_55' title='bbox 996 2170 1092 2236; x_wconf 82' lang='lat'><strong><em>1256.</em></strong></span> 
     </span>
    </p>
   </div>
   <div class='ocr_carea' id='block_1_6' title="bbox 312 2363 1439 4729">
    <p class='ocr_par' dir='ltr' id='par_1_7' title="bbox 312 2363 1439 4729">
     <span class='ocr_line' id='line_1_11' title="bbox 424 2363 1439 2452; baseline 0.003 -22"><span class='ocrx_word' id='word_1_56' title='bbox 424 2365 493 2434; x_wconf 88' lang='lat' dir='ltr'><strong>Nos</strong></span> <span class='ocrx_word' id='word_1_57' title='bbox 508 2365 666 2451; x_wconf 82' lang='lat' dir='ltr'><strong>Magister</strong></span> <span class='ocrx_word' id='word_1_58' title='bbox 681 2363 880 2432; x_wconf 84' lang='lat' dir='ltr'><strong>Laureneius</strong></span> <span class='ocrx_word' id='word_1_59' title='bbox 904 2364 1010 2432; x_wconf 83' lang='lat' dir='ltr'><strong>Judex</strong></span> <span class='ocrx_word' id='word_1_60' title='bbox 1029 2365 1125 2432; x_wconf 82' lang='lat' dir='ltr'><strong>Curio</strong></span> <span class='ocrx_word' id='word_1_61' title='bbox 1149 2365 1271 2434; x_wconf 86' lang='lat' dir='ltr'><strong>domini</strong></span> <span class='ocrx_word' id='word_1_62' title='bbox 1290 2365 1391 2452; x_wconf 80' lang='lat' dir='ltr'><strong>Regis</strong></span> <span class='ocrx_word' id='word_1_63' title='bbox 1407 2377 1439 2433; x_wconf 87' lang='lat' dir='ltr'><strong>et</strong></span> 
     </span>
     <span class='ocr_line' id='line_1_12' title="bbox 316 2471 1437 2560; baseline -0.002 -18"><span class='ocrx_word' id='word_1_64' title='bbox 316 2471 432 2542; x_wconf 82' lang='lat' dir='ltr'><strong>Oomes</strong></span> <span class='ocrx_word' id='word_1_65' title='bbox 448 2473 664 2559; x_wconf 85' lang='lat' dir='ltr'><strong>Zaiadieusis,</strong></span> <span class='ocrx_word' id='word_1_66' title='bbox 690 2474 806 2541; x_wconf 88' lang='lat' dir='ltr'><strong>damus</strong></span> <span class='ocrx_word' id='word_1_67' title='bbox 822 2495 881 2560; x_wconf 88' lang='lat' dir='ltr'><strong>pro</strong></span> <span class='ocrx_word' id='word_1_68' title='bbox 898 2473 1052 2542; x_wconf 89' lang='lat' dir='ltr'><strong>memoria</strong></span> <span class='ocrx_word' id='word_1_69' title='bbox 1067 2474 1288 2558; x_wconf 77' lang='lat' dir='ltr'><strong>significantes</strong></span> <span class='ocrx_word' id='word_1_70' title='bbox 1309 2474 1437 2541; x_wconf 87' lang='lat' dir='ltr'><strong>vniuer-</strong></span> 
     </span>
     <span class='ocr_line' id='line_1_13' title="bbox 315 2581 1438 2669; baseline 0.002 -21"><span class='ocrx_word' id='word_1_71' title='bbox 315 2581 371 2663; x_wconf 87' lang='lat' dir='ltr'><strong>sis,</strong></span> <span class='ocrx_word' id='word_1_72' title='bbox 398 2581 483 2668; x_wconf 88' lang='lat' dir='ltr'><strong>quod</strong></span> <span class='ocrx_word' id='word_1_73' title='bbox 501 2583 713 2651; x_wconf 85' lang='lat' dir='ltr'><strong>Sebastianus</strong></span> <span class='ocrx_word' id='word_1_74' title='bbox 729 2581 856 2666; x_wconf 84' lang='lat' dir='ltr'><strong>Comes,</strong></span> <span class='ocrx_word' id='word_1_75' title='bbox 875 2583 1001 2667; x_wconf 85' lang='lat' dir='ltr'><strong>Petrus,</strong></span> <span class='ocrx_word' id='word_1_76' title='bbox 1028 2581 1183 2649; x_wconf 77' lang='lat' dir='ltr'><strong>Nicolaus</strong></span> <span class='ocrx_word' id='word_1_77' title='bbox 1199 2581 1326 2669; x_wconf 82' lang='lat' dir='ltr'><strong>Comes,</strong></span> <span class='ocrx_word' id='word_1_78' title='bbox 1348 2584 1438 2650; x_wconf 84' lang='lat' dir='ltr'><strong>Salo</strong></span> 
     </span>
     <span class='ocr_line' id='line_1_14' title="bbox 317 2687 1436 2777; baseline 0.004 -23"><span class='ocrx_word' id='word_1_79' title='bbox 317 2708 391 2755; x_wconf 90' lang='lat' dir='ltr'><strong>mon</strong></span> <span class='ocrx_word' id='word_1_80' title='bbox 408 2689 637 2776; x_wconf 83' lang='lat' dir='ltr'><strong>aeWoywode</strong></span> <span class='ocrx_word' id='word_1_81' title='bbox 652 2689 699 2756; x_wconf 88' lang='lat' dir='ltr'><strong>fili</strong></span> <span class='ocrx_word' id='word_1_82' title='bbox 716 2687 802 2776; x_wconf 78' lang='lat' dir='ltr'><strong>(tgy)</strong></span> <span class='ocrx_word' id='word_1_83' title='bbox 819 2688 948 2757; x_wconf 85' lang='lat' dir='ltr'><strong>Nieolai</strong></span> <span class='ocrx_word' id='word_1_84' title='bbox 965 2690 1057 2770; x_wconf 81' lang='lat' dir='ltr'><strong>Bam,</strong></span> <span class='ocrx_word' id='word_1_85' title='bbox 1077 2689 1243 2757; x_wconf 75' lang='lat' dir='ltr'><strong>constituti</strong></span> <span class='ocrx_word' id='word_1_86' title='bbox 1260 2693 1436 2777; x_wconf 84' lang='lat' dir='ltr'><strong>personali·</strong></span> 
     </span>
     <span class='ocr_line' id='line_1_15' title="bbox 315 2795 1438 2884; baseline 0.004 -23"><span class='ocrx_word' id='word_1_87' title='bbox 315 2801 366 2863; x_wconf 84' lang='lat' dir='ltr'><strong>ter</strong></span> <span class='ocrx_word' id='word_1_88' title='bbox 390 2817 499 2865; x_wconf 85' lang='lat' dir='ltr'><strong>eoram</strong></span> <span class='ocrx_word' id='word_1_89' title='bbox 515 2797 619 2880; x_wconf 90' lang='lat' dir='ltr'><strong>nobis,</strong></span> <span class='ocrx_word' id='word_1_90' title='bbox 646 2795 953 2883; x_wconf 86' lang='lat' dir='ltr'><strong>conposieionaliter</strong></span> <span class='ocrx_word' id='word_1_91' title='bbox 976 2797 1020 2864; x_wconf 90' lang='lat' dir='ltr'><strong>ad</strong></span> <span class='ocrx_word' id='word_1_92' title='bbox 1043 2797 1141 2866; x_wconf 89' lang='lat' dir='ltr'><strong>robur</strong></span> <span class='ocrx_word' id='word_1_93' title='bbox 1165 2805 1321 2884; x_wconf 81' lang='lat' dir='ltr'><strong>perpetue</strong></span> <span class='ocrx_word' id='word_1_94' title='bbox 1346 2801 1438 2883; x_wconf 87' lang='lat' dir='ltr'><strong>paeis</strong></span> 
     </span>
     <span class='ocr_line' id='line_1_16' title="bbox 317 2901 1437 2992; baseline 0.004 -22"><span class='ocrx_word' id='word_1_95' title='bbox 317 2901 415 2970; x_wconf 85' lang='lat' dir='ltr'><strong>talem</strong></span> <span class='ocrx_word' id='word_1_96' title='bbox 432 2910 661 2992; x_wconf 88' lang='lat' dir='ltr'><strong>perpetrarunt</strong></span> <span class='ocrx_word' id='word_1_97' title='bbox 675 2904 710 2969; x_wconf 91' lang='lat' dir='ltr'><strong>in</strong></span> <span class='ocrx_word' id='word_1_98' title='bbox 720 2903 982 2992; x_wconf 86' lang='lat' dir='ltr'><strong>possessionibus</strong></span> <span class='ocrx_word' id='word_1_99' title='bbox 999 2924 1108 2972; x_wconf 90' lang='lat' dir='ltr'><strong>eorum</strong></span> <span class='ocrx_word' id='word_1_100' title='bbox 1118 2902 1322 2992; x_wconf 87' lang='lat' dir='ltr'><strong>diuisionem,</strong></span> <span class='ocrx_word' id='word_1_101' title='bbox 1339 2925 1437 2992; x_wconf 85' lang='lat' dir='ltr'><strong>qnam</strong></span> 
     </span>
     <span class='ocr_line' id='line_1_17' title="bbox 315 3009 1438 3082; baseline 0.005 -6"><span class='ocrx_word' id='word_1_102' title='bbox 315 3009 507 3079; x_wconf 88' lang='lat' dir='ltr'><strong>diuisionem</strong></span> <span class='ocrx_word' id='word_1_103' title='bbox 524 3033 564 3078; x_wconf 85' lang='lat' dir='ltr'><strong>ex</strong></span> <span class='ocrx_word' id='word_1_104' title='bbox 580 3031 740 3079; x_wconf 77' lang='lat' dir='ltr'><strong>consensu</strong></span> <span class='ocrx_word' id='word_1_105' title='bbox 761 3011 897 3078; x_wconf 78' lang='lat' dir='ltr'><strong>fratrum</strong></span> <span class='ocrx_word' id='word_1_106' title='bbox 913 3011 1028 3079; x_wconf 78' lang='lat' dir='ltr'><strong>Comes</strong></span> <span class='ocrx_word' id='word_1_107' title='bbox 1044 3010 1258 3080; x_wconf 83' lang='lat' dir='ltr'><strong>Sebastianus</strong></span> <span class='ocrx_word' id='word_1_108' title='bbox 1277 3018 1311 3078; x_wconf 86' lang='lat' dir='ltr'><strong>et</strong></span> <span class='ocrx_word' id='word_1_109' title='bbox 1325 3013 1438 3082; x_wconf 86' lang='lat' dir='ltr'><strong>Petrus</strong></span> 
     </span>
     <span class='ocr_line' id='line_1_18' title="bbox 317 3118 1438 3210; baseline 0.004 -25"><span class='ocrx_word' id='word_1_110' title='bbox 317 3119 517 3188; x_wconf 87' lang='lat' dir='ltr'><strong>ordinarunt.</strong></span> <span class='ocrx_word' id='word_1_111' title='bbox 543 3121 596 3187; x_wconf 89' lang='lat' dir='ltr'><strong>lta</strong></span> <span class='ocrx_word' id='word_1_112' title='bbox 611 3119 773 3207; x_wconf 89' lang='lat' dir='ltr'><strong>videlieet,</strong></span> <span class='ocrx_word' id='word_1_113' title='bbox 800 3118 886 3205; x_wconf 91' lang='lat' dir='ltr'><strong>quod</strong></span> <span class='ocrx_word' id='word_1_114' title='bbox 908 3121 951 3186; x_wconf 86' lang='lat' dir='ltr'><strong>ab</strong></span> <span class='ocrx_word' id='word_1_115' title='bbox 969 3141 1033 3188; x_wconf 87' lang='lat' dir='ltr'><strong>una</strong></span> <span class='ocrx_word' id='word_1_116' title='bbox 1049 3128 1143 3207; x_wconf 88' lang='lat' dir='ltr'><strong>parte</strong></span> <span class='ocrx_word' id='word_1_117' title='bbox 1166 3121 1279 3189; x_wconf 85' lang='lat' dir='ltr'><strong>uillam</strong></span> <span class='ocrx_word' id='word_1_118' title='bbox 1299 3121 1438 3210; x_wconf 86' lang='lat' dir='ltr'><strong>Neuprit</strong></span> 
     </span>
     <span class='ocr_line' id='line_1_19' title="bbox 318 3227 1437 3314; baseline 0.004 -20"><span class='ocrx_word' id='word_1_119' title='bbox 318 3233 475 3314; x_wconf 77' lang='lat' dir='ltr'><strong>uocatam,</strong></span> <span class='ocrx_word' id='word_1_120' title='bbox 503 3229 616 3295; x_wconf 84' lang='lat' dir='ltr'><strong>uillam</strong></span> <span class='ocrx_word' id='word_1_121' title='bbox 641 3229 810 3313; x_wconf 81' lang='lat' dir='ltr'><strong>Draguau,</strong></span> <span class='ocrx_word' id='word_1_122' title='bbox 837 3227 970 3295; x_wconf 86' lang='lat' dir='ltr'><strong>fundum</strong></span> <span class='ocrx_word' id='word_1_123' title='bbox 994 3229 1082 3313; x_wconf 90' lang='lat' dir='ltr'><strong>Bon,</strong></span> <span class='ocrx_word' id='word_1_124' title='bbox 1109 3229 1222 3296; x_wconf 88' lang='lat' dir='ltr'><strong>uillam</strong></span> <span class='ocrx_word' id='word_1_125' title='bbox 1249 3229 1339 3314; x_wconf 82' lang='lat' dir='ltr'><strong>Saag</strong></span> <span class='ocrx_word' id='word_1_126' title='bbox 1365 3251 1437 3298; x_wconf 88' lang='lat' dir='ltr'><strong>oum</strong></span> 
     </span>
     <span class='ocr_line' id='line_1_20' title="bbox 315 3335 1436 3422; baseline 0.004 -19"><span class='ocrx_word' id='word_1_127' title='bbox 315 3337 454 3404; x_wconf 82' lang='lat' dir='ltr'><strong>ecelesia</strong></span> <span class='ocrx_word' id='word_1_128' title='bbox 478 3344 511 3404; x_wconf 89' lang='lat' dir='ltr'><strong>et</strong></span> <span class='ocrx_word' id='word_1_129' title='bbox 529 3335 721 3422; x_wconf 86' lang='lat' dir='ltr'><strong>molendino,</strong></span> <span class='ocrx_word' id='word_1_130' title='bbox 748 3346 781 3404; x_wconf 87' lang='lat' dir='ltr'><strong>et</strong></span> <span class='ocrx_word' id='word_1_131' title='bbox 797 3357 869 3403; x_wconf 88' lang='lat' dir='ltr'><strong>oum</strong></span> <span class='ocrx_word' id='word_1_132' title='bbox 885 3375 929 3385; x_wconf 97' lang='lat'>—</span> <span class='ocrx_word' id='word_1_133' title='bbox 945 3373 989 3386; x_wconf 92' lang='lat'><strong>·-</strong></span> <span class='ocrx_word' id='word_1_134' title='bbox 1005 3376 1048 3386; x_wconf 84' lang='lat'><strong>-</strong></span> <span class='ocrx_word' id='word_1_135' title='bbox 1064 3345 1192 3405; x_wconf 87' lang='lat' dir='ltr'><strong>eentum</strong></span> <span class='ocrx_word' id='word_1_136' title='bbox 1218 3341 1337 3407; x_wconf 86' lang='lat' dir='ltr'><strong>mareis</strong></span> <span class='ocrx_word' id='word_1_137' title='bbox 1364 3359 1436 3407; x_wconf 85' lang='lat' dir='ltr'><strong>oon-</strong></span> 
     </span>
     <span class='ocr_line' id='line_1_21' title="bbox 316 3441 1435 3532; baseline 0.001 -20"><span class='ocrx_word' id='word_1_138' title='bbox 316 3449 440 3512; x_wconf 85' lang='lat' dir='ltr'><strong>strueta</strong></span> <span class='ocrx_word' id='word_1_139' title='bbox 455 3452 488 3510; x_wconf 84' lang='lat' dir='ltr'><strong>et</strong></span> <span class='ocrx_word' id='word_1_140' title='bbox 513 3443 673 3528; x_wconf 81' lang='lat' dir='ltr'><strong>estimato,</strong></span> <span class='ocrx_word' id='word_1_141' title='bbox 701 3441 892 3510; x_wconf 82' lang='lat' dir='ltr'><strong>Gradiseam</strong></span> <span class='ocrx_word' id='word_1_142' title='bbox 918 3443 1083 3529; x_wconf 87' lang='lat' dir='ltr'><strong>quandam</strong></span> <span class='ocrx_word' id='word_1_143' title='bbox 1105 3446 1347 3532; x_wconf 89' lang='lat' dir='ltr'><strong>possessionem</strong></span> <span class='ocrx_word' id='word_1_144' title='bbox 1363 3467 1435 3514; x_wconf 91' lang='lat' dir='ltr'><strong>oum</strong></span> 
     </span>
     <span class='ocr_line' id='line_1_22' title="bbox 317 3535 1436 3639; baseline 0.004 -20"><span class='ocrx_word' id='word_1_145' title='bbox 317 3535 421 3639; x_wconf 88' lang='lat' dir='ltr'><strong>portu,</strong></span> <span class='ocrx_word' id='word_1_146' title='bbox 439 3551 550 3618; x_wconf 86' lang='lat' dir='ltr'><strong>uillam</strong></span> <span class='ocrx_word' id='word_1_147' title='bbox 560 3550 697 3635; x_wconf 86' lang='lat' dir='ltr'><strong>Boreek,</strong></span> <span class='ocrx_word' id='word_1_148' title='bbox 714 3550 825 3618; x_wconf 88' lang='lat' dir='ltr'><strong>uillam</strong></span> <span class='ocrx_word' id='word_1_149' title='bbox 837 3551 957 3635; x_wconf 88' lang='lat' dir='ltr'><strong>Bozun,</strong></span> <span class='ocrx_word' id='word_1_150' title='bbox 969 3552 1210 3638; x_wconf 88' lang='lat' dir='ltr'><strong>possessionem</strong></span> <span class='ocrx_word' id='word_1_151' title='bbox 1221 3554 1327 3622; x_wconf 84' lang='lat' dir='ltr'><strong>Ebrus</strong></span> <span class='ocrx_word' id='word_1_152' title='bbox 1343 3575 1436 3624; x_wconf 82' lang='lat' dir='ltr'><strong>noea-</strong></span> 
     </span>
     <span class='ocr_line' id='line_1_23' title="bbox 314 3658 1434 3751; baseline 0.004 -24"><span class='ocrx_word' id='word_1_153' title='bbox 314 3669 392 3741; x_wconf 89' lang='lat' dir='ltr'><strong>tam,</strong></span> <span class='ocrx_word' id='word_1_154' title='bbox 419 3677 493 3724; x_wconf 88' lang='lat' dir='ltr'><strong>eum</strong></span> <span class='ocrx_word' id='word_1_155' title='bbox 510 3658 594 3724; x_wconf 90' lang='lat' dir='ltr'><strong>silua</strong></span> <span class='ocrx_word' id='word_1_156' title='bbox 618 3677 679 3725; x_wconf 87' lang='lat' dir='ltr'><strong>sua</strong></span> <span class='ocrx_word' id='word_1_157' title='bbox 693 3659 822 3726; x_wconf 89' lang='lat' dir='ltr'><strong>nomine</strong></span> <span class='ocrx_word' id='word_1_158' title='bbox 838 3659 953 3746; x_wconf 90' lang='lat' dir='ltr'><strong>Lippo,</strong></span> <span class='ocrx_word' id='word_1_159' title='bbox 981 3679 1052 3726; x_wconf 88' lang='lat' dir='ltr'><strong>eum</strong></span> <span class='ocrx_word' id='word_1_160' title='bbox 1070 3661 1226 3747; x_wconf 88' lang='lat' dir='ltr'><strong>pisseina,</strong></span> <span class='ocrx_word' id='word_1_161' title='bbox 1253 3661 1345 3730; x_wconf 89' lang='lat' dir='ltr'><strong>euius</strong></span> <span class='ocrx_word' id='word_1_162' title='bbox 1363 3685 1434 3751; x_wconf 87' lang='lat' dir='ltr'><strong>pro·</strong></span> 
     </span>
     <span class='ocr_line' id='line_1_24' title="bbox 314 3767 1434 3856; baseline 0.002 -20"><span class='ocrx_word' id='word_1_163' title='bbox 314 3774 430 3836; x_wconf 89' lang='lat' dir='ltr'><strong>uentus</strong></span> <span class='ocrx_word' id='word_1_164' title='bbox 447 3786 548 3851; x_wconf 84' lang='lat' dir='ltr'><strong>usque</strong></span> <span class='ocrx_word' id='word_1_165' title='bbox 561 3767 801 3836; x_wconf 86' lang='lat' dir='ltr'><strong>reuolueionem</strong></span> <span class='ocrx_word' id='word_1_166' title='bbox 818 3771 896 3836; x_wconf 89' lang='lat' dir='ltr'><strong>anni</strong></span> <span class='ocrx_word' id='word_1_167' title='bbox 912 3769 1152 3856; x_wconf 82' lang='lat' dir='ltr'><strong>quinquaginta</strong></span> <span class='ocrx_word' id='word_1_168' title='bbox 1162 3771 1278 3839; x_wconf 87' lang='lat' dir='ltr'><strong>mareis</strong></span> <span class='ocrx_word' id='word_1_169' title='bbox 1298 3780 1348 3840; x_wconf 86' lang='lat' dir='ltr'><strong>est</strong></span> <span class='ocrx_word' id='word_1_170' title='bbox 1364 3772 1434 3840; x_wconf 86' lang='lat' dir='ltr'><strong>esti·</strong></span> 
     </span>
     <span class='ocr_line' id='line_1_25' title="bbox 315 3879 1435 3969; baseline 0.005 -26"><span class='ocrx_word' id='word_1_171' title='bbox 315 3885 432 3963; x_wconf 86' lang='lat' dir='ltr'><strong>metus,</strong></span> <span class='ocrx_word' id='word_1_172' title='bbox 449 3896 532 3961; x_wconf 87' lang='lat' dir='ltr'><strong>quas</strong></span> <span class='ocrx_word' id='word_1_173' title='bbox 547 3885 732 3944; x_wconf 86' lang='lat' dir='ltr'><strong>numeratas</strong></span> <span class='ocrx_word' id='word_1_174' title='bbox 748 3879 973 3963; x_wconf 86' lang='lat' dir='ltr'><strong>possessiones</strong></span> <span class='ocrx_word' id='word_1_175' title='bbox 988 3898 1047 3964; x_wconf 89' lang='lat' dir='ltr'><strong>pro</strong></span> <span class='ocrx_word' id='word_1_176' title='bbox 1066 3880 1169 3946; x_wconf 88' lang='lat' dir='ltr'><strong>tribus</strong></span> <span class='ocrx_word' id='word_1_177' title='bbox 1185 3881 1335 3967; x_wconf 86' lang='lat' dir='ltr'><strong>partibus</strong></span> <span class='ocrx_word' id='word_1_178' title='bbox 1352 3883 1435 3969; x_wconf 88' lang='lat' dir='ltr'><strong>ipsa·</strong></span> 
     </span>
     <span class='ocr_line' id='line_1_26' title="bbox 314 3987 1434 4073; baseline 0.002 -18"><span class='ocrx_word' id='word_1_179' title='bbox 314 4009 385 4056; x_wconf 91' lang='lat' dir='ltr'><strong>rum</strong></span> <span class='ocrx_word' id='word_1_180' title='bbox 402 4007 533 4055; x_wconf 85' lang='lat' dir='ltr'><strong>suarum</strong></span> <span class='ocrx_word' id='word_1_181' title='bbox 559 3987 803 4073; x_wconf 90' lang='lat' dir='ltr'><strong>possessionum</strong></span> <span class='ocrx_word' id='word_1_182' title='bbox 831 3987 1079 4056; x_wconf 85' lang='lat' dir='ltr'><strong>diuidendarum</strong></span> <span class='ocrx_word' id='word_1_183' title='bbox 1105 3987 1281 4058; x_wconf 85' lang='lat' dir='ltr'><strong>diuidendo</strong></span> <span class='ocrx_word' id='word_1_184' title='bbox 1308 3991 1434 4057; x_wconf 86' lang='lat' dir='ltr'><strong>ordine·</strong></span> 
     </span>
     <span class='ocr_line' id='line_1_27' title="bbox 315 4095 1433 4184; baseline 0.004 -21"><span class='ocrx_word' id='word_1_185' title='bbox 315 4103 399 4163; x_wconf 86' lang='lat' dir='ltr'><strong>runt.</strong></span> <span class='ocrx_word' id='word_1_186' title='bbox 417 4097 498 4163; x_wconf 84' lang='lat' dir='ltr'><strong>item</strong></span> <span class='ocrx_word' id='word_1_187' title='bbox 509 4097 551 4162; x_wconf 93' lang='lat' dir='ltr'><strong>ab</strong></span> <span class='ocrx_word' id='word_1_188' title='bbox 563 4095 631 4161; x_wconf 89' lang='lat' dir='ltr'><strong>alia</strong></span> <span class='ocrx_word' id='word_1_189' title='bbox 647 4096 861 4182; x_wconf 86' lang='lat' dir='ltr'><strong>parteuiitam</strong></span> <span class='ocrx_word' id='word_1_190' title='bbox 873 4095 1047 4165; x_wconf 85' lang='lat' dir='ltr'><strong>Bakdassa</strong></span> <span class='ocrx_word' id='word_1_191' title='bbox 1057 4099 1296 4184; x_wconf 87' lang='lat' dir='ltr'><strong>possessionem</strong></span> <span class='ocrx_word' id='word_1_192' title='bbox 1308 4101 1433 4168; x_wconf 81' lang='lat' dir='ltr'><strong>Kustau</strong></span> 
     </span>
     <span class='ocr_line' id='line_1_28' title="bbox 312 4204 1433 4294; baseline 0 -20"><span class='ocrx_word' id='word_1_193' title='bbox 312 4204 452 4291; x_wconf 86' lang='lat' dir='ltr'><strong>nomine,</strong></span> <span class='ocrx_word' id='word_1_194' title='bbox 470 4205 710 4292; x_wconf 84' lang='lat' dir='ltr'><strong>possessionem</strong></span> <span class='ocrx_word' id='word_1_195' title='bbox 725 4204 800 4273; x_wconf 84' lang='lat' dir='ltr'><strong>Tuti</strong></span> <span class='ocrx_word' id='word_1_196' title='bbox 818 4210 978 4290; x_wconf 87' lang='lat' dir='ltr'><strong>uaoatam,</strong></span> <span class='ocrx_word' id='word_1_197' title='bbox 999 4212 1032 4274; x_wconf 90' lang='lat' dir='ltr'><strong>et</strong></span> <span class='ocrx_word' id='word_1_198' title='bbox 1047 4208 1289 4294; x_wconf 87' lang='lat' dir='ltr'><strong>possessionem</strong></span> <span class='ocrx_word' id='word_1_199' title='bbox 1299 4207 1433 4276; x_wconf 85' lang='lat' dir='ltr'><strong>Tarnuk</strong></span> 
     </span>
     <span class='ocr_line' id='line_1_29' title="bbox 313 4313 1433 4402; baseline 0.002 -20"><span class='ocrx_word' id='word_1_200' title='bbox 313 4322 474 4400; x_wconf 76' lang='lat' dir='ltr'><strong>uocatam,</strong></span> <span class='ocrx_word' id='word_1_201' title='bbox 493 4313 583 4382; x_wconf 89' lang='lat' dir='ltr'><strong>euius</strong></span> <span class='ocrx_word' id='word_1_202' title='bbox 600 4334 658 4382; x_wconf 89' lang='lat' dir='ltr'><strong>suo</strong></span> <span class='ocrx_word' id='word_1_203' title='bbox 674 4315 871 4382; x_wconf 86' lang='lat' dir='ltr'><strong>Monesterio</strong></span> <span class='ocrx_word' id='word_1_204' title='bbox 886 4313 972 4402; x_wconf 82' lang='lat' dir='ltr'><strong>(tgy)</strong></span> <span class='ocrx_word' id='word_1_205' title='bbox 988 4335 1045 4401; x_wconf 86' lang='lat' dir='ltr'><strong>pro</strong></span> <span class='ocrx_word' id='word_1_206' title='bbox 1064 4315 1189 4382; x_wconf 87' lang='lat' dir='ltr'><strong>duabus</strong></span> <span class='ocrx_word' id='word_1_207' title='bbox 1200 4315 1349 4401; x_wconf 88' lang='lat' dir='ltr'><strong>partibus</strong></span> <span class='ocrx_word' id='word_1_208' title='bbox 1365 4337 1433 4384; x_wconf 73' lang='lat' dir='ltr'><strong>sua</strong></span> 
     </span>
     <span class='ocr_line' id='line_1_30' title="bbox 313 4421 1432 4512; baseline 0.002 -22"><span class='ocrx_word' id='word_1_209' title='bbox 313 4443 383 4491; x_wconf 91' lang='lat' dir='ltr'><strong>rum</strong></span> <span class='ocrx_word' id='word_1_210' title='bbox 398 4423 642 4512; x_wconf 86' lang='lat' dir='ltr'><strong>possessionum</strong></span> <span class='ocrx_word' id='word_1_211' title='bbox 668 4421 844 4492; x_wconf 85' lang='lat' dir='ltr'><strong>diuidendo</strong></span> <span class='ocrx_word' id='word_1_212' title='bbox 862 4423 1061 4491; x_wconf 87' lang='lat' dir='ltr'><strong>ordinarunt.</strong></span> <span class='ocrx_word' id='word_1_213' title='bbox 1088 4426 1202 4508; x_wconf 84' lang='lat' dir='ltr'><strong>itaque</strong></span> <span class='ocrx_word' id='word_1_214' title='bbox 1217 4426 1306 4492; x_wconf 85' lang='lat' dir='ltr'><strong>faeta</strong></span> <span class='ocrx_word' id='word_1_215' title='bbox 1325 4445 1432 4492; x_wconf 86' lang='lat' dir='ltr'><strong>eoram</strong></span> 
     </span>
     <span class='ocr_line' id='line_1_31' title="bbox 313 4530 1433 4618; baseline 0.004 -21"><span class='ocrx_word' id='word_1_216' title='bbox 313 4532 407 4599; x_wconf 86' lang='lat' dir='ltr'><strong>nobis</strong></span> <span class='ocrx_word' id='word_1_217' title='bbox 433 4532 493 4598; x_wconf 90' lang='lat' dir='ltr'><strong>tali</strong></span> <span class='ocrx_word' id='word_1_218' title='bbox 510 4530 670 4598; x_wconf 89' lang='lat' dir='ltr'><strong>diuisione</strong></span> <span class='ocrx_word' id='word_1_219' title='bbox 685 4532 770 4598; x_wconf 88' lang='lat' dir='ltr'><strong>inter</strong></span> <span class='ocrx_word' id='word_1_220' title='bbox 784 4539 905 4618; x_wconf 86' lang='lat' dir='ltr'><strong>partes,</strong></span> <span class='ocrx_word' id='word_1_221' title='bbox 922 4531 1089 4617; x_wconf 81' lang='lat' dir='ltr'><strong>Nicolaus,</strong></span> <span class='ocrx_word' id='word_1_222' title='bbox 1116 4533 1270 4601; x_wconf 87' lang='lat' dir='ltr'><strong>Salomon</strong></span> <span class='ocrx_word' id='word_1_223' title='bbox 1289 4540 1322 4600; x_wconf 87' lang='lat' dir='ltr'><strong>et</strong></span> <span class='ocrx_word' id='word_1_224' title='bbox 1337 4535 1433 4618; x_wconf 84' lang='lat' dir='ltr'><strong>Woy-</strong></span> 
     </span>
     <span class='ocr_line' id='line_1_32' title="bbox 314 4640 1432 4729; baseline 0.003 -23"><span class='ocrx_word' id='word_1_225' title='bbox 314 4641 408 4726; x_wconf 88' lang='lat' dir='ltr'><strong>noda,</strong></span> <span class='ocrx_word' id='word_1_226' title='bbox 439 4641 546 4727; x_wconf 90' lang='lat' dir='ltr'><strong>primo</strong></span> <span class='ocrx_word' id='word_1_227' title='bbox 563 4642 745 4707; x_wconf 88' lang='lat' dir='ltr'><strong>nominatas</strong></span> <span class='ocrx_word' id='word_1_228' title='bbox 762 4646 794 4707; x_wconf 87' lang='lat' dir='ltr'><strong>et</strong></span> <span class='ocrx_word' id='word_1_229' title='bbox 809 4645 995 4709; x_wconf 87' lang='lat' dir='ltr'><strong>numeratas</strong></span> <span class='ocrx_word' id='word_1_230' title='bbox 1016 4640 1239 4729; x_wconf 87' lang='lat' dir='ltr'><strong>possessiones</strong></span> <span class='ocrx_word' id='word_1_231' title='bbox 1257 4661 1316 4728; x_wconf 86' lang='lat' dir='ltr'><strong>pro</strong></span> <span class='ocrx_word' id='word_1_232' title='bbox 1332 4642 1432 4709; x_wconf 88' lang='lat' dir='ltr'><strong>tribus</strong></span> 
     </span>
    </p>
   </div>
   <div class='ocr_carea' id='block_1_7' title="bbox 0 0 1588 5186">
    <p class='ocr_par' dir='ltr' id='par_1_8' title="bbox 0 0 1588 5186">
     <span class='ocr_line' id='line_1_33' title="bbox 0 0 1588 5186; baseline 0 1"><span class='ocrx_word' id='word_1_233' title='bbox 0 0 1588 5186; x_wconf 95' lang='lat' dir='ltr'><strong> </strong></span> 
     </span>
    </p>
   </div>
  </div>
 </body>
</html>
