3210 5194
88 988 205 1078 Apyiiri
219 993 379 1078 lcctptcluu
395 989 665 1078 bizonpsoiplooaie,
690 993 770 1080 impp
789 993 881 1058 liceri
896 993 1005 1060 Simon
1025 995 1194 1081 apyltozoa·

87 1099 187 1162 arlaua'
201 1099 340 1166 birtokcit
357 1102 378 1165 7
394 1110 478 1166 estat
493 1101 613 1186 pirobrt
630 1099 753 1188 Gyorat'
763 1099 941 1166 Bottntnat
957 1103 1076 1188 elodjo.
1097 1105 1194 1166 1241.

177 1277 364 1364 Capitulum
380 1278 401 1344 J
403 1277 561 1346 auriensis
574 1279 720 1347 lloolesie
731 1279 892 1346 uniuersis
903 1279 1022 1347 Christi
1032 1279 1191 1364 fidelibus,

87 1381 120 1448 ad
142 1403 216 1468 qnos
241 1405 382 1470 presens
407 1386 560 1472 seriptum
585 1387 769 1470 peruenerit
790 1388 927 1453 salutem
942 1389 975 1453 in
995 1386 1110 1453 salutis
1132 1387 1192 1451 lar-

20 1519 22 1568 3
87 1491 183 1574 gitore.
208 1493 260 1557 Ad
279 1493 504 1560 uniuersorum
521 1492 675 1559 noticiam
689 1499 801 1560 tenore
827 1493 1029 1579 presencium
1045 1495 1194 1561 uolumus

85 1597 246 1683 peruenire,
273 1598 365 1682 quod
380 1598 522 1684 Symone
538 1599 578 1665 de
603 1600 684 1666 uilla
699 1601 787 1668 Keer
803 1618 844 1668 ex
868 1621 934 1667 nna
956 1609 1059 1689 parte,
1077 1599 1195 1664 Valen-

86 1707 141 1772 tino
156 1705 193 1771 de
206 1706 293 1772 uilla
309 1705 440 1792 Gyaron
464 1729 505 1774 ex
521 1707 624 1773 altera
639 1706 673 1772 in
689 1709 791 1776 nostri
807 1709 977 1795 presencia
1000 1706 1193 1791 constitutis,

85 1812 156 1878 idom
180 1813 305 1900 Symon
322 1836 432 1883 coram
457 1817 551 1883 nobis
566 1822 616 1882 est
640 1816 818 1902 confessus,
845 1817 932 1902 qnod
956 1822 1076 1883 terram
1102 1835 1195 1882 suam

85 1919 312 2006 hereditariam,
332 1940 430 2004 quam
446 1921 479 1987 in
495 1921 577 1988 uilla
587 1921 845 2005 Eghazasurkun
862 1921 1058 2006 continebat,
1077 1927 1196 1987 aterra

85 2046 198 2096 suorum
224 2036 441 2114 cognatorum
467 2029 602 2115 pacifice
616 2034 814 2114 separatam,
841 2028 928 2096 dicto
945 2029 1117 2094 Valentino
1137 2048 1194 2114 pro

84 2141 193 2221 septem
209 2137 333 2203 marcis
348 2137 476 2221 argenti
496 2137 705 2222 uendidisset,
731 2158 812 2222 quas
830 2137 996 2206 confessus
1014 2144 1064 2203 est
1079 2157 1115 2204 se
1130 2138 1196 2222 ple-

20 2289 21 2324 r
84 2243 163 2309 narie
177 2245 357 2332 recepisse.
384 2246 434 2310 Ne
449 2245 548 2330 igitur
572 2244 677 2310 dictus
692 2245 885 2312 Valentinus
911 2245 964 2310 uel
980 2245 1084 2330 ipsius
1107 2243 1197 2312 here-

84 2349 133 2417 dcs
147 2372 243 2438 super
260 2351 353 2419 (licta
368 2359 456 2418 terra
471 2371 529 2438 per
545 2351 683 2436 aliquem
701 2369 855 2437 processu
870 2360 1052 2438 temporum
1072 2352 1197 2436 possint

85 2460 249 2546 molestari,
267 2459 312 2526 ad
328 2460 520 2546 peticionem
537 2458 673 2547 predicti
688 2458 842 2542 Symonis
858 2468 890 2526 et
910 2459 1014 2525 eciam
1030 2458 1197 2525 Valentini

84 2573 239 2651 presentes
256 2568 477 2634 concessimus
493 2567 619 2633 litteras
636 2566 736 2650 sigilli
754 2567 857 2633 nostri
874 2565 1088 2652 impressione
1106 2566 1197 2633 robo-

84 2680 172 2740 ratas.
188 2677 283 2742 Anno
302 2675 344 2742 ab
360 2675 591 2742 lucarnacione
607 2675 738 2742 Domini
756 2677 801 2741 Μ0
811 2675 1029 2742 ducentesimo
1047 2675 1118 2741 XL⁰
1131 2674 1197 2760 pri·

20 2867 22 2876 y
85 2803 146 2866 mo;
163 2783 321 2868 Magistro
339 2780 493 2869 Chcpano
509 2782 677 2867 Proposito
694 2781 838 2848 Ecclesia
863 2788 984 2864 nostre,
1002 2783 1197 2870 Vyruncoue

20 2877 21 2894 ¹
83 2890 312 2958 llrchidiaeono
323 2889 499 2976 lauriensi,
520 2891 609 2957 Sixto
621 2891 771 2974 (lentore,
782 2891 908 2956 Thema
923 2889 1074 2974 Custode,
1085 2890 1197 2957 Mikou

84 2997 204 3066 Decano
224 2998 450 3066 existentibus.

85 3176 114 3238 (Α
125 3181 197 3242 gytrt
208 3177 343 3246 lritptalan
359 3179 471 3230 raas-ki
484 3175 646 3246 ttirattbau,
660 3177 785 3243 melynelr
798 3178 916 3229 credetis
928 3176 1042 3240 aRumy
1056 3172 1147 3226 csalid
1160 3173 1196 3225 lc·

84 3263 523 3335 riltiribammisolataamagyar
531 3263 1041 3334 alrademialreairatlgylljtemenyeben
1051 3263 1197 3331 liriatetik.)

507 3555 771 3566 Ἤ

612 3999 668 4067 82.

135 4180 193 4247 IV.
208 4181 293 4246 Btla
307 4179 416 4266 kirtly
430 4179 608 4266 cdomdayo
624 4178 693 4246 Filo
708 4177 840 4263 coprete
849 4181 980 4264 prepost
1000 4179 1140 4244 teatotrei

504 4291 660 4354 eadmero.
674 4287 772 4352 1242.

179 4465 263 4533 Bcla
287 4465 351 4532 Dei
366 4466 477 4550 gracia
491 4465 669 4550 Hungarie‚
695 4461 876 4545 Dalmatis,
893 4459 1060 4544 Chroacie,
1086 4460 1199 4540 Rama,

82 4573 197 4663 Samia,
213 4573 367 4661 Gallicic,
385 4573 577 4644 Lodomerie
588 4571 809 4656 (lamanieque
823 4570 893 4635 Rex
908 4566 1056 4636 omnibus
1072 4587 1201 4654 presen-
