3186 5188
105 539 171 599 tate
200 534 344 604 omnium
370 542 584 618 cognatorum
609 552 759 617 suornm,
786 533 939 601 videlicet
963 537 1063 624 Arad,
1090 537 1229 623 Andrcc,

99 641 187 725 Jnlc,
206 648 240 708 et
255 647 551 710 commetaneorum
568 645 689 724 eornm,
706 640 832 707 scilicet
846 642 1004 728 Stephani
1020 664 1041 709 a
1056 652 1150 731 parte
1169 643 1228 713 ori·

99 748 196 833 entis,
213 749 301 815 Petri
317 749 377 834 filij
394 749 512 831 Briccij
531 769 552 814 a
568 757 661 834 parte
678 748 836 834 meridiei,
858 751 993 818 Fomow
1008 752 1228 836 possessionis

98 855 224 922 domini
241 858 342 942 Regis
358 879 380 924 a
395 863 488 942 parte
512 857 689 925 occidentis
705 857 922 943 personaliter
942 859 1134 943 astancium,
1154 881 1228 929 ven-

3 959 4 988 *
97 964 265 1032 didissent
281 966 406 1032 Jaoobo
431 972 463 1031 et
478 966 609 1032 Iwancc
625 967 704 1052 filijs
720 965 842 1033 Mathie
866 965 924 1052 filij
940 964 1077 1052 Rugach
1095 965 1137 1034 de
1152 969 1227 1034 Soe-

95 1091 157 1157 pns
185 1072 365 1141 antedictis
381 1093 439 1159 pro
455 1079 528 1141 octo
545 1073 663 1156 marcis
687 1072 744 1139 fini
762 1076 900 1159 argenti,
926 1075 1018 1160 ipsis,
1044 1079 1077 1142 et
1092 1095 1152 1161 per
1169 1095 1226 1144 eos

3 1185 5 1254 ζ
84 1177 248 1264 ipsorum
263 1179 448 1262 heredibus,
473 1179 692 1263 heredumque
706 1200 837 1248 suornm
853 1183 1097 1250 successoribus
1112 1201 1225 1266 perpe·

3 1289 5 1372 ξ
93 1291 150 1354 too
172 1289 251 1372 jure
275 1295 308 1354 et
332 1287 589 1355 imcuocabiliter
614 1288 750 1374 pacifice
773 1288 1024 1376 possidendam,
1050 1309 1114 1372 qne
1137 1295 1226 1355 terra

94 1402 145 1461 est
163 1405 307 1480 quatuor
324 1401 525 1477 aratrorum,
555 1402 587 1461 ct
602 1395 694 1483 ipsas
711 1405 783 1466 octo
800 1417 927 1466 marcas
944 1399 1031 1466 idem
1051 1399 1177 1466 Chaznr
1192 1403 1226 1462 et

3 1513 4 1538 ³
91 1501 182 1568 filins
199 1501 347 1570 eiusdem
364 1523 385 1568 a
401 1505 527 1570 Jaoobo
543 1509 576 1570 ct
591 1503 729 1570 [wanka
744 1505 913 1590 premissis
939 1505 1080 1571 confessi
1097 1510 1173 1571 sunt
1188 1522 1224 1570 se

92 1609 246 1694 plenarie
261 1609 437 1695 recepisse.
464 1609 564 1677 Cuius
580 1617 665 1678 terro
681 1610 787 1696 prima
811 1619 899 1678 meta
913 1609 1029 1697 incipit
1049 1631 1147 1696 snper
1161 1611 1224 1697 rip·

91 1737 171 1800 pam
197 1716 291 1801 flunij
308 1717 443 1784 Harnad
467 1719 510 1784 ab
526 1737 592 1784 vna
617 1719 724 1802 dvmo,
750 1738 814 1802 que
837 1718 1003 1802 wlgariter
1027 1719 1223 1804 clipkebolror

91 1823 301 1910 appellatnr3
328 1824 403 1891 hinc
427 1827 517 1890 venit
542 1845 656 1892 versus
672 1826 785 1891 villam
810 1826 954 1908 Fomcw,
980 1831 1013 1890 et
1036 1824 1083 1890 ibi
1108 1822 1223 1909 incipit

3 2009 4 2012 Ἴ
92 1937 209 1996 tenere
226 1937 346 1996 metam
371 1950 444 1997 cnm
460 1930 535 2014 ipsa
550 1932 631 1998 villa
649 1931 801 2015 Forrow3
829 1931 905 1996 hinc
920 1929 1016 2016 redyt
1031 1931 1073 1997 ad
1099 1930 1223 2017 predic-

91 2045 162 2104 tnm
179 2038 325 2120 fluuium,
343 2043 376 2102 ct
391 2037 438 2103 ibi
453 2045 504 2105 est
519 2047 606 2104 meta
620 2059 685 2104 vna
701 2039 797 2121 nigra
813 2039 922 2121 arbor,
948 2037 1003 2121 qni
1019 2035 1106 2124 (lgy)
1122 2057 1221 2124 popu·

89 2146 141 2212 lus
158 2143 364 2229 nominatnr3
385 2145 460 2210 hino
470 2144 588 2211 transit
602 2145 734 2211 fluuium
746 2145 789 2210 ad
805 2150 942 2230 pratum,
960 2142 1045 2226 quod
1057 2143 1219 2228 kechyon·

90 2254 173 2336 kyzi
189 2257 335 2336 vocatur,
354 2257 386 2318 et
399 2252 447 2318 ibi
463 2261 551 2320 tenet
567 2259 685 2319 motam
701 2273 773 2319 oum
790 2260 878 2318 terra
894 2251 1050 2336 Stephani
1068 2250 1110 2320 de
1125 2249 1221 2337 Bynd

91 2381 199 2444 osque
216 2359 260 2425 ad
276 2379 429 2444 magnam
447 2367 581 2427 stratam
594 2385 602 2445 ;
624 2359 741 2427 dehinc
755 2361 871 2447 incipit
885 2365 996 2426 tenere
1012 2366 1133 2425 metam
1148 2381 1220 2428 cnm

90 2476 183 2535 terra
198 2471 289 2535 Iwan
315 2467 373 2552 filij
390 2467 553 2552 Symonis,
580 2475 613 2534 ct
628 2467 722 2552 rcdyt
747 2468 790 2533 ad
812 2467 952 2554 primam
967 2473 1099 2550 metam,
1125 2475 1159 2535 et
1173 2468 1220 2536 ibi
1311 2533 1313 2541 ,

88 2575 295 2642 terminatur.
313 2577 452 2662 Insuper
467 2576 564 2661 ydem
575 2575 702 2641 Chanar
718 2581 750 2642 et
765 2573 950 2659 Stephanos
967 2575 1052 2642 lilius
1069 2575 1215 2642 ciusdem
1334 2633 1337 2640 .

89 2687 133 2752 de
146 2685 255 2769 Kynis
266 2684 447 2770 sopradicti
457 2683 645 2768 obligarunt
654 2702 690 2749 se
701 2684 826 2751 Jaoobo
842 2685 1013 2751 ethance
1029 2681 1215 2767 sepedictis,

89 2799 124 2860 rt
141 2793 170 2858 si
187 2791 372 2877 quicunqne
387 2791 477 2877 ipsos
493 2790 624 2858 racione
640 2797 728 2857 terre
748 2789 912 2857 antedicto
931 2790 1130 2871 molestaret,
1161 2795 1218 2855 ant

89 2901 123 2966 ln
141 2899 234 2966 litem
251 2903 397 2983 ottrarct,
414 2917 471 2964 eos
488 2905 521 2963 ct
536 2917 649 2964 eorum
660 2896 796 2964 heredes
812 2897 1003 2982 indempnes
1022 2915 1216 2966 conseruare

89 3012 288 3074 tenerentur.
304 3005 348 3072 Ut
360 3009 468 3071 antem
479 3004 574 3070 huius
585 3005 631 3072 rei
649 3003 751 3070 series
760 3011 952 3091 pcrpctnam
967 3005 1077 3091 capiat
1086 3003 1217 3069 firmite·

89 3120 168 3197 tem,
189 3113 233 3178 ad
246 3113 441 3178 instanciam
458 3113 562 3197 partis
577 3111 743 3196 rtrinsqne
758 3119 888 3178 nostros
899 3130 998 3196 snper
1013 3110 1075 3178 hoc
1092 3109 1218 3176 litteras

88 3221 317 3288 concessimus
335 3220 477 3286 omnium
488 3220 625 3287 lratrnm
636 3227 817 3287 nostrornm
828 3237 1000 3301 consensu,
1010 3217 1216 3305 presentibus

86 3337 199 3436 tamep
220 3327 358 3396 Nicolao
376 3329 558 3414 Proposito,
584 3327 681 3397 Petro
700 3329 851 3412 Cantore,
872 3327 967 3412 Oyka
986 3326 1118 3409 Cnstde,
1138 3324 1216 3391 Far-

89 3438 187 3504 kasio
214 3443 248 3502 et
263 3436 421 3503 Ladizlao
437 3436 696 3516 Archidiaconis,
722 3437 887 3504 Demetrio
908 3443 941 3502 et
955 3432 1136 3501 Laurencio
1152 3434 1212 3502 Ca·

87 3542 228 3629 nonicis,
240 3547 274 3608 et
284 3543 359 3628 alijs
370 3542 490 3610 multis.
502 3541 655 3611 Glorioso
665 3542 934 3625 HungarieRege
944 3540 1036 3624 Belo,
1050 3539 1217 3626 Stephano

89 3648 322 3736 Strigoniensi,
338 3649 514 3718 Benedioto
531 3649 702 3720 Colocensi
717 3649 992 3737 Archiepiscopis,
1014 3648 1146 3718 domino
1162 3670 1216 3716 no·

88 3763 154 3824 stro
181 3756 361 3841 Lamperto
378 3757 551 3840 Agriensis
567 3757 714 3825 Ecclesie
735 3756 898 3843 Episcopo
923 3755 1105 3841 existente,
1130 3775 1216 3822 anno

87 3863 200 3949 gracie
218 3861 422 3930 M⁰GO⁰XL⁰
433 3865 502 3931 ΥΡ.

174 4061 227 4126 (Aa
241 4063 300 4128 agri
315 4057 504 4128 klptalannak
520 4063 630 4114 llos-lii
643 4061 799 4125 teil-embol,
814 4079 831 4114 a
844 4064 926 4114 budai
940 4063 991 4113 kir.
1005 4061 1127 4112 kamaraci

563 4150 750 4224 lnvdltrirban.)
1063 4147 1065 4151 ’

524 4456 563 4466 v—
574 4457 626 4462 ----
641 4458 664 4464 —-
681 4455 775 4466 ··——-·-
