3186 5188
833 874 842 896 '
918 903 992 970 rso.

389 1087 413 1151 Ι
416 1085 450 1151 V.
479 1086 560 1151 Bo'la
585 1087 751 1173 ltrutpnal·
776 1084 1032 1186 Liptdmeqyeben
1054 1084 1151 1168 fekeb'
1173 1086 1317 1170 bizonyoa
1342 1081 1536 1147 birtolrrebzt

518 1201 669 1281 tdrppceo'
685 1196 865 1280 adontdnpa
881 1193 980 1257 Boso'n
997 1193 1099 1276 ebfict'
1113 1200 1271 1260 sacima'ru.
1288 1191 1390 1256 1248.

498 1390 580 1455 Bela
596 1390 658 1455 Dei
683 1390 797 1474 gratia
821 1390 999 1476 Hungarie,
1025 1388 1206 1474 Dalmacie‚
1232 1385 1379 1470 Oroacie,
1402 1386 1532 1465 Rame,

331 1573 332 1576 Ἴ
390 1495 515 1579 Seruis,
544 1495 693 1581 Gallicis,
720 1499 922 1582 Lodomerie,
944 1497 1164 1582 Cumanieque
1178 1499 1248 1566 Rex
1262 1497 1531 1582 inperpetuum.

393 1599 553 1668 Omnibus
569 1601 690 1670 Christi
715 1604 868 1672 fidelibus
883 1612 950 1670 tam
966 1604 1172 1690 presentibus
1193 1623 1290 1688 quam
1306 1598 1424 1668 futuris
1451 1615 1529 1684 pre·

389 1718 515 1777 sentem
531 1712 688 1797 paginam
704 1709 900 1797 inspecturis
915 1712 1054 1780 salutem
1070 1719 1105 1778 et
1121 1710 1363 1779 omnebonum.
1380 1705 1436 1774 Ad
1452 1705 1529 1770 vni·

390 1837 560 1886 uersorum
575 1817 727 1884 noticiam
743 1819 893 1886 volumus
902 1817 1084 1905 peruenire,
1101 1814 1187 1899 quod
1197 1815 1310 1902 populi
1326 1813 1368 1880 de
1383 1814 1528 1900 Liptou,

391 1927 501 2011 Bosin,
519 1943 590 1992 cum
606 1925 683 2009 filijs
700 1925 767 1992 suis
780 1925 940 2008 Sevislau,
956 1924 1083 2007 Pousis,
1102 1923 1225 2008 Milath,
1253 1921 1382 1988 Bohuta
1402 1927 1439 1986 et
1458 1921 1527 1986 Bc·

390 2035 485 2100 buret
510 2031 555 2098 ad
574 2038 718 2098 nostram
743 2032 936 2099 accedentes
961 2031 1179 2117 personaliter
1201 2029 1402 2115 presenciam
1419 2023 1526 2094 nobis

389 2137 476 2226 (lgy)
498 2137 736 2205 instantissime
760 2147 980 2223 rogauerunt:
1007 2145 1042 2206 ut
1057 2157 1130 2204 cum
1155 2137 1294 2222 quedam
1318 2144 1406 2202 terra
1433 2133 1527 2200 iuter

389 2248 486 2314 villas
512 2246 670 2314 Wrbicha
695 2253 728 2314 et
753 2244 938 2313 Okoliohna
962 2244 1118 2329 existens,
1140 2245 1183 2311 ad
1204 2264 1295 2312 usum
1318 2243 1417 2310 trium
1445 2261 1523 2310 ara-

387 2361 509 2421 trorum
535 2375 557 2420 a
581 2353 676 2420 nobis
700 2355 862 2438 potuisset
889 2351 1013 2420 eisdem
1034 2351 1221 2436 condonari,
1245 2349 1366 2416 dictam
1391 2359 1525 2418 terram

387 2463 467 2528 darc
483 2467 516 2528 ct
540 2459 683 2528 conferre
699 2460 761 2528 sibi
778 2459 998 2545 dignaremur.
1022 2459 1117 2527 Vnde
1141 2478 1214 2525 cum
1229 2458 1372 2525 fidelium
1388 2467 1522 2526 nostro·

387 2590 458 2636 rum
469 2569 649 2656 peticiones
666 2566 838 2636 admittere
853 2576 1032 2652 teneamur,
1057 2567 1236 2652 predictam
1252 2573 1372 2634 terram
1387 2565 1435 2633 ad
1450 2567 1523 2634 trie

386 2684 497 2744 arana
512 2676 724 2746 sufficientem
735 2676 859 2762 prelato
869 2676 970 2744 Bosin
985 2696 1058 2743 curn
1073 2676 1151 2762 filijs
1161 2678 1229 2742 sais
1248 2681 1280 2742 et
1295 2695 1408 2742 eorum
1424 2674 1521 2741 here-

387 2786 484 2852 dibus
502 2784 722 2869 heredumque
733 2786 975 2852 successoribus
990 2821 1034 2832 -
1051 2821 1094 2832 -
1110 2820 1154 2832 -
1169 2820 1213 2831 -
1228 2783 1317 2851 llilro
1334 2784 1376 2849 dc
1396 2783 1519 2850 Zolum

386 2893 506 2960 nostris
532 2893 680 2959 dedimus
706 2893 821 2960 litteris
840 2893 874 2958 iu
890 2892 1062 2976 mandatis,
1088 2901 1124 2959 ut
1148 2892 1236 2960 idem
1260 2890 1366 2976 ipsam
1392 2897 1519 2957 terram

386 2997 579 3086 complendo
605 2999 646 3066 de
670 2999 828 3083 qualitate
852 3005 884 3064 et
903 3000 1083 3084 quantitate
1107 3001 1206 3068 trium
1221 3006 1411 3085 aratrorum,
1440 3018 1519 3065 cum

387 3097 537 3174 omnibus
553 3107 621 3173 suis
637 3106 833 3173 utilitatibus
850 3108 946 3173 certis
962 3107 1056 3173 metis
1075 3106 1219 3193 undique
1234 3106 1433 3191 distinctam,
1451 3113 1519 3173 sta·

384 3218 490 3281 tueret
505 3213 604 3282 Bosin
620 3233 691 3280 oum
707 3213 783 3299 tiliJ's
798 3215 867 3281 suis
883 3212 954 3280 sinc
965 3213 1050 3298 juris
1070 3215 1248 3300 preludicio
1269 3213 1420 3299 aliorum;
1438 3233 1520 3280 con·

384 3322 579 3388 tradictores
595 3340 683 3406 vero,
710 3321 738 3387 si
754 3320 809 3404 qui
824 3319 952 3406 suerint,
980 3320 1022 3387 ad
1038 3330 1184 3388 nostram
1210 3321 1287 3386 citet
1305 3321 1516 3407 presenciam

385 3429 429 3493 ad
446 3428 617 3494 terminum
629 3434 873 3514 competentem,
894 3435 926 3494 et
942 3430 1027 3495 hanc
1037 3429 1228 3512 qualitatem
1249 3435 1280 3494 et
1297 3427 1515 3512 quantitatem

384 3533 489 3619 ipsius
505 3542 603 3619 terre,
621 3554 661 3601 ac
672 3555 783 3603 cursus
801 3543 958 3601 metarum
967 3535 1060 3602 nobis
1076 3555 1136 3620 per
1153 3555 1230 3602 suos
1247 3536 1372 3601 litteras
1382 3553 1513 3601 reman-

384 3641 489 3706 daret.
515 3641 552 3706 In
569 3642 685 3726 quibus
701 3645 929 3729 conspeximus
955 3643 1065 3710 taliter
1093 3643 1269 3710 contineri:
1286 3642 1396 3708 Prima
1422 3651 1514 3707 meta

383 3755 469 3816 terre
493 3749 607 3836 incipit
633 3771 654 3815 a
679 3751 776 3816 fluuio
804 3751 931 3835 Wagh,
956 3751 1093 3824 Chemec
1117 3751 1234 3816 fluuius
1262 3749 1318 3816 ubi
1342 3748 1445 3814 intrat
1469 3767 1512 3814 ex

383 3857 488 3923 altera
503 3867 597 3942 parte
612 3857 703 3943 fluuij
713 3858 830 3943 Wagh,
849 3867 963 3925 contra
977 3879 1019 3926 ex
1034 3859 1100 3923 ista
1115 3864 1210 3944 parte
1227 3863 1315 3923 stant
1333 3863 1400 3923 tres
1415 3858 1512 3925 arbo-

382 3984 436 4031 res
453 3965 565 4032 salicis
592 3966 686 4049 quasi
703 3967 860 4032 ininsula
877 3987 1031 4032 venarum
1056 3985 1139 4050 aque
1155 3964 1321 4051 ejusdem
1346 3965 1424 4030 inde
1443 3968 1514 4031 exit

383 4081 416 4138 et
427 4071 575 4156 procedit
587 4071 709 4137 directe
719 4093 777 4157 per
786 4093 935 4160 campum
946 4073 990 4139 ad
1001 4073 1133 4138 fluuium
1146 4073 1307 4138 Verbiche
1317 4073 1360 4138 ad
1371 4078 1511 4158 septem·

381 4179 531 4266 trionem,
548 4181 602 4246 vbi
619 4183 814 4248 aZelesrew
826 4202 998 4268 parumper
1015 4181 1165 4266 superius
1176 4203 1217 4248 er
1233 4183 1298 4248 ista
1314 4191 1408 4268 parte
1424 4203 1512 4264 aque

382 4292 458 4353 sunt
474 4284 537 4353 due
553 4288 663 4355 salicis
687 4289 838 4373 arbores,
867 4289 943 4355 inde
959 4289 1106 4374 procedit
1121 4287 1244 4354 directe
1260 4295 1293 4354 et
1308 4288 1458 4356 ascendit
1473 4290 1509 4356 in

381 4400 524 4461 montem
540 4393 584 4459 ad
599 4395 747 4462 arborem
764 4395 957 4480 pomiferam
973 4397 1006 4461 in
1022 4416 1137 4481 campo
1162 4395 1222 4461 sub
1240 4395 1361 4460 vertice
1378 4398 1507 4480 montis,

382 4499 443 4567 sub
469 4520 532 4585 quo
549 4506 598 4567 est
616 4536 955 4550 ------
972 4501 1134 4569 Chewisie
1157 4502 1266 4588 posita
1281 4521 1352 4568 oum
1379 4501 1509 4570 duabus

381 4606 525 4690 auribus,
543 4613 736 4694 etcooperta
747 4628 819 4674 cum
830 4607 1078 4695 patinaferrea5
1096 4609 1214 4676 deinde
1225 4609 1372 4696 procedit
1383 4610 1508 4678 directe
