3168 5186
600 342 753 446 ...il-3*

110 542 236 610 eadem
253 545 400 610 Ecclesia
416 563 474 629 per
491 540 593 628 ipsius
608 537 800 605 industriam
826 544 958 602 auctore
974 537 1044 603 Deo
1067 531 1240 618 augebitur

106 653 147 720 in
167 654 320 739 utrisque.
337 652 498 732 Quocirca
508 646 723 716 Universitati
733 652 840 712 vestre
850 665 908 731 per
918 641 1107 729 Apostolioa
1119 641 1240 724 seripta

107 761 331 846 mandamus,
358 765 516 844 quatenus
540 758 647 843 ipsum
671 759 838 838 tamquam
862 759 987 840 patrem
1014 758 1046 818 ot
1077 755 1239 837 pastorem

105 871 301 938 animarum
310 877 502 952 vestrarum,
519 868 615 933 immo
627 864 803 951 potiusnos
818 864 853 928 in
870 882 907 928 eo
924 861 1065 946 benigne
1084 857 1239 945 reeipien-

105 985 165 1048 tes
182 987 216 1046 et
231 979 405 1046 honorifice
421 980 667 1064 pertractantes,
685 969 880 1059 impendatis
893 971 924 1038 ei
943 969 1156 1037 reverentiam
1172 972 1239 1032 tam

106 1089 264 1155 debitam
280 1107 377 1172 qnam
394 1085 555 1168 devotam,
582 1082 652 1150 eius
668 1079 831 1148 mandatis
857 1084 889 1146 et
904 1077 1034 1146 monitis
1054 1073 1240 1144 salubribus

107 1195 315 1264 intendendo
341 1193 505 1262 humiliter
520 1199 554 1260 et
579 1191 715 1274 devote;
740 1188 885 1274 alioquin
911 1185 1115 1269 sententiam,
1142 1202 1240 1268 quam

107 1305 228 1370 tulerit
254 1304 286 1368 in
314 1302 472 1382 rebelles,
499 1305 603 1365 ratam
627 1297 841 1377 babebimus,
868 1304 901 1363 et
925 1295 1082 1362 faciemus
1108 1297 1239 1359 auetore

112 1413 260 1479 Domino
286 1409 521 1478 inviolabiliter
546 1405 724 1477 observari.
740 1407 861 1473 Datum
876 1402 1028 1488 Anagnia
1043 1402 1119 1470 1111.
1136 1416 1239 1467 nonas

109 1520 197 1588 Julii
214 1520 426 1588 Pontificatus
441 1517 542 1586 nostri
558 1537 643 1584 anuo
663 1515 778 1603 primo.

162 1705 301 1770 (Theiner,
316 1705 414 1756 Vetera
427 1703 600 1756 Monumenta
612 1701 753 1754 slavorum
766 1695 982 1750 Meridionalium
996 1697 1017 1746 1.
1032 1695 1089 1747 kut.
1103 1693 1145 1745 85.
1160 1693 1188 1758 1.)

549 1947 812 1970 W

639 2366 716 2434 280.

114 2533 137 2596 Ι
144 2531 178 2596 V.
197 2531 324 2596 Sdadot·
338 2535 426 2616 pcipe
442 2553 462 2593 u
477 2531 707 2596 dumidmundd
724 2533 864 2618 apdoza'k
875 2533 1107 2618 nuppsaombati
1124 2531 1237 2598 zdrdd·
1258 2621 1265 2639 .

218 2641 270 2722 jdt
287 2637 306 2703 l
312 2639 345 2704 V.
363 2639 442 2703 Be'la
457 2639 623 2725 birdlynole
634 2642 861 2728 pdrp‘opdedba
877 2642 1007 2727 ojdnlyo.
1034 2641 1128 2706 1255.

226 2799 410 2868 Alexander
427 2799 608 2886 Episcopus
633 2822 746 2870 seruus
762 2823 928 2872 seruorum
944 2803 1006 2870 Dei
1025 2803 1144 2869 dilecto
1170 2801 1236 2868 tilio

115 2961 122 2976 .
142 2963 150 2975 .
171 2965 178 2977 .
197 2907 320 2977 Illustri
336 2909 419 2992 Regi
436 2909 579 2994 Vngarie
596 2911 732 2978 salutem
749 2916 782 2976 et
796 2909 1019 2998 Apostolioam
1042 2910 1236 2978 benedictio-

114 3039 203 3087 nem.
220 3017 347 3084 Poteris
362 3017 445 3102 Regi
459 3019 593 3101 Regum,
619 3017 652 3082 in
669 3017 762 3086 ouius
778 3037 875 3085 manu
891 3024 966 3086 sont
989 3017 1132 3086 omnium
1152 3025 1237 3105 pote·

113 3133 219 3195 states
237 3129 269 3192 et
285 3124 394 3190 omnia
409 3125 482 3191 iura
491 3126 685 3212 Regnorum,
702 3126 736 3191 in
753 3125 816 3193 tuis
826 3125 1008 3194 actionibus
1022 3127 1236 3214 complacere,

89 3291 91 3294 .
114 3236 144 3302 si
162 3233 282 3318 diligas
307 3234 364 3321 pia
379 3234 461 3318 loea,
487 3240 520 3301 et
535 3253 692 3319 personas
707 3235 844 3303 bonores
860 3235 893 3302 in
911 3235 958 3302 eis
973 3236 1112 3302 Domino
1137 3233 1236 3304 famu·

113 3345 232 3410 lantes.
250 3343 331 3409 Inde
347 3351 405 3428 est,
424 3340 509 3427 quod
525 3341 740 3410 Serenitatem
759 3343 864 3410 Tuam
878 3363 1043 3429 rogamus,
1070 3363 1236 3413 monemus

113 3451 284 3538 attentius,
301 3457 333 3518 et
342 3452 519 3538 hortamur,
535 3453 687 3535 quatinus
698 3453 835 3520 dilectas
848 3453 881 3519 in
892 3450 1020 3522 christo
1036 3451 1119 3521 filias
1129 3454 1236 3523 Abba·

112 3561 231 3628 tissam
247 3565 280 3626 et
291 3559 489 3628 Conuentum
506 3580 684 3647 pauperum
700 3582 846 3630 sororum
862 3562 1060 3630 inclusarum
1075 3561 1109 3630 in
1125 3563 1236 3648 Tyma

115 3667 250 3736 Ordinis
266 3667 377 3734 Sancti
402 3667 555 3734 Damiani
572 3668 803 3756 Strigoniensis
819 3671 970 3740 Diooesis
986 3671 1110 3739 babens
1127 3673 1169 3739 ob
1185 3689 1234 3738 re·

114 3777 300 3846 uerenoiam
310 3777 402 3844 Beati
412 3778 500 3844 Petri
515 3785 549 3845 et
558 3785 704 3848 nostram
716 3782 910 3867 propensius
920 3780 1174 3864 eommendatas,
1187 3778 1235 3846 eis

114 3889 150 3952 in
166 3885 235 3952 suis
248 3886 501 3953 necessitatibus
527 3887 645 3954 adesse
661 3887 794 3957 studeas
818 3890 950 3977 pietatis
973 3889 1089 3958 intuitu
1113 3886 1235 3976 pariter

116 4001 150 4060 et
166 3992 341 4079 prodesse,
368 4012 480 4081 preses
496 4001 627 4064 nostras
652 3997 760 4063 taliter
779 3995 991 4084 admissurus,
1016 3997 1102 4082 quod
1121 3995 1234 4063 eedem

115 4123 175 4169 ees
198 4103 288 4190 apud
312 4104 550 4172 Excellentiam
574 4107 678 4172 Tuam
704 4106 886 4176 frontuosas
912 4108 977 4176 sibi
1006 4106 1147 4174 sentiant
1176 4124 1235 4191 per

115 4209 276 4296 effectum,
304 4216 337 4276 et
350 4229 410 4278 nos
425 4210 699 4296 Magnilioentiam
714 4211 819 4280 Tuam
844 4213 1006 4301 possimus
1021 4220 1152 4302 propter
1173 4215 1234 4282 boe

114 4338 179 4386 non
205 4317 365 4387 immerito
390 4319 626 4388 commendare.
652 4322 773 4388 Datum
797 4321 948 4408 Anagnia
972 4323 1031 4391 111.
1056 4324 1134 4392 ldus
1153 4324 1232 4410 Julij

115 4426 326 4495 Pontificatus
341 4427 443 4494 nostri
459 4448 543 4496 anno
559 4429 673 4516 primo.

115 4591 252 4659 (Rrodetie
269 4590 441 4660 bdrbdrtydn,
460 4594 571 4659 melyrdl
584 4609 601 4644 a
613 4590 739 4661 pdpdnak
751 4593 942 4662 dlompeesdtje
960 4596 1036 4664 ltlgg,
1055 4611 1072 4646 a
1085 4595 1167 4648 budsi
1181 4595 1231 4648 nir.
1333 4665 1336 4671 Ι

516 4683 833 4754 kamarailevdltdrban.)
