3168 5186
525 443 531 452 .
550 357 682 454 333.

28 555 192 642 prediolo
208 554 405 623 Monusterio
431 552 587 618 haberent
602 550 849 637 protensionem.
876 552 913 616 In
931 549 1022 632 enJus
1039 547 1086 612 rei
1103 565 1163 612 me-

26 664 179 731 moriam
195 669 365 750 presentes
374 661 593 730 eonoessimus
609 659 736 727 litteras
751 658 853 743 sigilli
873 655 975 726 nostri
988 652 1164 720 munimine

25 771 222 840 roboratas.

166 929 202 1002 (A
217 931 351 986 iehtrvdri
364 929 551 1000 kdptalannak
569 930 678 984 reos-ki
691 927 834 982 dtiretdbdi
848 931 915 981 mint
929 925 1030 992 aldbb.)

472 1217 736 1232 -t--uu——u-n

565 1635 644 1704 314.

32 1821 62 1887 A
74 1823 213 1908 posequi
227 1819 440 1908 lupuulauual
455 1819 722 1904 dizoupsdpleuele,
738 1821 820 1904 kopp
839 1816 944 1881 Biloto
963 1813 1104 1879 Bolinals
1111 1811 1164 1896 fio

32 1930 150 1994 lusan
175 1929 310 1995 hirtuleii
334 1927 475 1992 Demeter
500 1926 639 2014 Predung
654 1927 780 2010 fidedic,
804 1931 834 1991 e's
859 1925 1003 2010 Drapeta
1028 1921 1162 2006 Drapcm

421 2035 532 2119 fidnak
547 2036 661 2101 eladta.
680 2034 777 2104 1256.

320 2211 889 2280 ABOD

146 2393 333 2481 Capitulum
350 2392 496 2460 lleelesie
511 2393 603 2460 Beati
619 2391 705 2461 Petri
723 2392 764 2459 de
779 2393 910 2477 Posaga
930 2389 1076 2458 omnibus
1093 2409 1162 2477 pre-

35 2512 165 2571 sentem
183 2503 338 2591 peginam
355 2502 550 2588 inspeeturis
567 2502 706 2569 salntem
720 2503 755 2569 in
765 2502 905 2569 Domino
921 2501 1160 2589 sempiternam.

37 2614 87 2681 Ad
113 2613 339 2680 uniuersorum
366 2612 522 2678 noticiam
552 2609 667 2678 harum
691 2610 777 2678 serie
800 2611 949 2680 volumus
980 2609 1159 2698 peruenire,

37 2721 123 2804 qnod
139 2721 301 2788 aeeedens
316 2719 361 2785 ad
385 2725 529 2788 nostram
544 2718 750 2806 presentiam
765 2719 885 2805 Bylota
909 2725 1026 2787 terram
1046 2725 1160 2785 tenens

40 2829 123 2896 tilius
140 2826 227 2897 Bollr
244 2847 285 2894 ex
302 2849 367 2895 una
382 2836 494 2914 parte;
511 2847 552 2894 ex
568 2829 672 2895 altere
688 2848 764 2896 nero
779 2828 962 2895 Demetrius
981 2827 1067 2894 filins
1084 2829 1158 2894 Pre-

39 2937 132 3022 drag,
150 2937 300 3022 Drugota
322 2935 408 3004 filius
424 2938 559 3021 Dragan
583 2943 703 3006 terram
719 2943 875 3022 tenentes,
900 2938 1065 3005 innostra
1089 2957 1159 3024 pre·

41 3047 153 3114 senuia
169 3047 353 3116 astiterunt.
379 3044 468 3113 Idem
484 3045 604 3134 Bylota
619 3047 786 3114 confessus
803 3054 863 3132 est,
888 3065 925 3113 se
942 3067 1052 3115 eoram
1067 3046 1160 3113 nobis

40 3161 161 3221 terram
171 3151 337 3238 quandam
353 3172 448 3220 suem
458 3155 569 3221 Lusan
585 3161 804 3241 nuncupatam
817 3155 927 3239 preeio
937 3159 1159 3240 eomparatam

40 3257 78 3326 de
102 3261 264 3329 Wnllrota
286 3259 466 3347 jobagione
493 3260 600 3330 Oastri
631 3269 739 3332 nostro
771 3263 954 3330 testimonio
986 3260 1158 3346 mediante,

41 3387 133 3451 quam
149 3377 272 3438 terram
287 3368 374 3437 idem
389 3371 541 3440 Wuleota
559 3379 636 3439 ante
660 3369 838 3440 aduentum
853 3375 1064 3441 Tartarorum
1079 3371 1159 3458 opti·

43 3485 164 3564 onerat,
195 3499 236 3546 ex
261 3495 419 3546 eonsensn
445 3476 524 3545 Bele
548 3476 659 3546 iratris
684 3479 735 3546 sui
761 3485 793 3546 et
819 3478 987 3547 uoluntate
1011 3479 1161 3548 Wnleota

44 3587 230 3672 supradicti,
256 3587 421 3654 Demetrio
448 3591 480 3651 el
496 3587 642 3672 Dragota
666 3585 865 3674 supradietis
888 3587 1077 3656 vendidisse
1101 3608 1159 3675 pro

40 3692 173 3777 triginta
188 3694 293 3762 tribus
318 3695 429 3780 pensis
444 3693 488 3760 ed
503 3701 687 3781 compotum
713 3695 932 3764 irisatioornm
960 3696 993 3762 in
1013 3703 1158 3781 argento,

43 3803 126 3885 equis
143 3809 176 3870 el
195 3803 308 3886 bobus,
335 3821 444 3870 eoram
460 3803 555 3871 nobis
570 3803 774 3890 integraliter
790 3804 975 3891 persolutis,
1000 3803 1158 3891 imperpe-

47 3917 129 3976 tuum
155 3911 291 3998 paeiiiee
315 3909 556 3998 possidendam.
584 3909 684 3979 (iuius
699 3919 784 3979 terre
809 3931 981 3998 protessus
1006 3911 1081 3978 talis
1100 3919 1160 3996 est,

48 4018 127 4099 quod
142 4019 258 4106 ineipit
271 4019 315 4085 ab
328 4017 453 4085 Oriona
468 4019 509 4087 de
524 4025 612 4087 terra
627 4021 766 4087 Remnnt
781 4039 895 4088 versus
910 4019 1112 4105 aquilonem
1129 4025 1162 4087 et

47 4125 159 4197 abinde
183 4127 288 4196 tendit
303 4130 338 4196 in
362 4128 453 4194 sicea
468 4129 555 4196 valle
580 4129 624 4196 ad
640 4129 767 4212 siluam,
791 4147 857 4211 ‚que
881 4129 969 4196 sieea
991 4127 1086 4194 vallis
1110 4137 1162 4195 est

43 4253 94 4318 pro
119 4242 206 4304 meta
237 4236 435 4323 supradietis
462 4239 627 4307 Demetrio
652 4245 685 4305 et
712 4238 859 4322 Dragota
884 4255 956 4302 eum
986 4236 1104 4321 Bylota
1128 4237 1161 4304 in

44 4343 168 4431 Seelee3
198 4347 275 4412 item
292 4343 430 4414 tendens
445 4345 479 4412 in
497 4365 616 4444 magno
632 4346 746 4431 speeio
761 4344 940 4433 peripsam
957 4345 1076 4411 sioeam
1093 4344 1158 4410 val·

44 4468 98 4537 em,
125 4463 158 4524 et
190 4455 344 4542 peruenit
368 4454 412 4523 ad
439 4473 592 4540 magnam
622 4459 759 4521 stratam
784 4455 960 4540 Regalem,
987 4460 1019 4520 et
1044 4453 1161 4521 mansit

49 4555 142 4642 ipsam
157 4564 244 4630 uiam
261 4563 417 4650 Regalem
433 4582 547 4632 versus
563 4562 728 4630 meridiem
747 4565 780 4630 in
798 4563 860 4630 line
876 4562 1042 4630 euiusdam
1056 4560 1157 4649 plani·

51 4667 121 4758 eiei3
145 4672 264 4742 deinde
280 4671 385 4741 tendit
408 4691 522 4741 uersus
538 4673 704 4758 orientem,
731 4681 763 4740 et
779 4671 827 4739 sie
842 4671 992 4758 peruenit
1015 4673 1048 4740 in
1067 4670 1158 4739 Oriu-
