3168 5186
658 887 736 954 292.

124 1071 155 1134 A
173 1073 260 1156 pioni
274 1071 486 1157 kdptolcnoclc
502 1070 766 1156 bizonprciqlcocle,
785 1071 867 1155 kopp
883 1093 902 1134 a
916 1069 1050 1134 Liirincz
1061 1067 1255 1134 Hcclricbnclc

226 1179 277 1263 fio
291 1184 322 1244 e'e
337 1178 433 1244 Nona
448 1200 546 1244 comeo
560 1179 641 1243 lcozti
652 1200 740 1264 pereo
757 1183 820 1264 opp
835 1180 1031 1242 clinteetctctt.
1052 1176 1149 1242 1255.

448 1355 478 1422 A
683 1357 710 1422 B
919 1355 944 1422 G

238 1511 352 1587 Yu'rko
377 1517 569 1606 Propositus
585 1516 943 1605 Quinqueecclesionsis
967 1519 1176 1603 eiusdemque
1191 1519 1255 1588 loci

128 1629 318 1716 Capitulum
343 1628 493 1697 omnibus
517 1645 652 1714 presens
668 1625 822 1713 scripturn
847 1627 1052 1695 cernentibus
1067 1629 1205 1695 salutem
1221 1629 1255 1694 in

127 1739 280 1807 Domino.
308 1737 361 1803 Ad
376 1736 600 1805 uniuersorum
622 1741 689 1801 tam
706 1734 907 1823 presencium
932 1755 1029 1821 quum
1055 1745 1256 1822 posterorum

128 1845 286 1914 noticiam
302 1853 414 1915 tenore
430 1843 636 1932 presencium
662 1843 810 1912 uolumus
827 1842 990 1928 deuenire‚
1010 1844 1096 1928 quod
1111 1845 1255 1914 Iacobus

130 1953 297 2042 quondam
323 1953 409 2022 filins
434 1952 578 2038 Hedricy
606 1959 718 2020 nostra
742 1951 909 2021 consessus
937 1953 1044 2021 estin
1075 1955 1256 2040 presencia,

131 2061 222 2151 quod
247 2062 400 2148 quitquid
418 2059 616 2129 Laurentius
641 2061 785 2128 uterinus
809 2059 909 2128 freter
933 2060 1036 2147 ipsius
1062 2081 1135 2129 cum
1160 2062 1257 2130 Nona

133 2170 261 2238 Comite
271 2189 371 2256 super
386 2187 497 2254 causa,
514 2189 577 2254 que
592 2169 676 2235 inter
690 2187 746 2237 eos
760 2168 946 2237 uertebatur
962 2189 1022 2256 pro
1032 2169 1113 2257 ipsis
1129 2169 1255 2238 dnobus

130 2287 229 2349 sexta
243 2279 325 2347 seria
341 2285 418 2347 ante
427 2277 632 2346 Dominicam
647 2279 680 2345 in
693 2277 1000 2364 RamIspulmarnm,
1017 2285 1050 2347 ct
1065 2278 1097 2346 in
1111 2278 1255 2347 secunda

87 2456 95 2474 ,
129 2390 309 2457 inmedIate
334 2387 555 2475 subsequenti,
581 2408 641 2455 nec
666 2408 730 2455 non
754 2388 787 2453 in
813 2389 956 2455 crastino
982 2387 1093 2455 Sancti
1119 2387 1253 2472 Georgij

14 2525 16 2532 ’
131 2495 353 2581 ordineuerat,
378 2503 484 2562 ratum
511 2495 656 2564 babebat
671 2504 703 2563 et
718 2496 855 2564 firmum.
880 2496 1054 2565 Confessus
1078 2503 1128 2565 est
1150 2497 1255 2564 eciam

131 2627 193 2694 pro
208 2625 246 2674 se
260 2612 294 2673 et
309 2626 367 2694 pro
383 2607 455 2694 ipso
467 2606 648 2673 Laurencio
664 2603 697 2671 in
713 2612 830 2673 octena
849 2605 1065 2691 Pentecostes,
1086 2605 1255 2690 quodcum

130 2715 199 2801 Ipsi
207 2715 315 2784 dotem
331 2735 390 2783 sue
399 2713 529 2800 sororis,
545 2712 659 2782 reIIcte
669 2713 788 2782 nobilis
798 2715 860 2782 viri
872 2717 978 2784 Pouee
988 2713 1131 2804 Comitis,
1152 2714 1256 2803 patris

130 2824 227 2892 Nune
243 2823 377 2892 Comitis
401 2822 525 2892 ibidem
550 2823 720 2910 presentis,
745 2843 817 2892 cum
842 2823 1026 2892 hominibus
1046 2824 1094 2890 XI
1119 2823 1255 2908 Iacobo,

130 2932 316 3018 Nyoholao,
333 2935 440 3013 Petro,
457 2930 641 3016 Cheniucz,
661 2931 833 3019 Orachino,
852 2931 943 3000 Boda
958 2939 991 2999 et
1006 2930 1175 3003 Dominioo
1192 2952 1256 2998 ma·

130 3043 233 3128 ribus,
259 3042 358 3125 Rosa,
381 3041 502 3129 Puche,
526 3042 646 3126 Mycha
669 3047 703 3108 et
717 3039 863 3109 Elisabet
886 3039 1085 3124 muIIeribus,
1110 3047 1144 3106 et
1158 3039 1254 3105 rebus

131 3149 210 3236 alijs
225 3169 334 3217 secum
350 3149 393 3218 ad
409 3149 530 3218 dictum
545 3151 685 3220 Pousam
702 3149 868 3232 traductis,
898 3168 1021 3215 necnon
1039 3147 1142 3216 eciam
1167 3145 1253 3234 alijs,

130 3279 196 3344 que
211 3257 287 3344 ipsa
310 3255 443 3326 domina
459 3256 500 3325 de
516 3257 636 3338 mana,
662 3274 721 3321 suo
737 3273 810 3320 oum
826 3253 893 3322 filio
914 3255 1087 3323 Kartherio
1112 3256 1253 3337 nomine,

129 3367 232 3434 fratre
259 3366 362 3452 ipsius
387 3365 483 3432 Nono
499 3361 644 3448 comitis,
673 3362 739 3449 ipsi
757 3361 852 3429 Nane
880 3360 997 3430 Comiti
1020 3363 1254 3448 transmiserat,

132 3476 176 3543 ab
203 3472 317 3542 eodem
332 3471 431 3540 Nono
446 3471 572 3542 Gemite
586 3477 779 3559 repeterent,
805 3472 877 3558 Ipse
893 3471 991 3540 Nona
1005 3474 1121 3542 eones
1144 3493 1255 3543 secun-

131 3583 210 3650 dum
226 3580 500 3669 composicionem
516 3579 689 3668 proborum
700 3581 842 3649 virorum
858 3578 1013 3648 intereos
1031 3581 1254 3667 mediatorum,

131 3690 251 3777 vigInti
266 3698 392 3778 septem
407 3708 537 3757 marcas
553 3691 743 3776 persoluens
758 3690 801 3757 de
816 3695 962 3778 argento,
981 3709 1099 3760 aurcos
1111 3693 1255 3759 mantelii

131 3799 277 3884 taxillos,
295 3806 415 3867 sertum
431 3806 464 3867 et
479 3799 674 3883 affixeriom
692 3797 773 3869 duos
788 3801 905 3868 anulos
921 3799 963 3868 de
977 3818 1068 3886 auro,
1093 3805 1122 3866 et
1140 3799 1254 3869 chorti-

131 3930 220 3994 nam,
232 3908 435 3976 restituendo
451 3908 548 3979 dictis
563 3909 727 3995 iratribus,
746 3919 887 3997 etsnper
903 3910 1065 3978 iamdictis
1080 3909 1128 3977 XI
1144 3909 1255 3998 capiti-

133 4018 195 4086 bus
211 4017 376 4086 homInum
392 4017 439 4084 ita
455 4016 647 4105 ordinando,
673 4017 760 4106 qnod
776 4019 891 4088 solutIs
908 4020 988 4087 XIII
1004 4019 1121 4087 mercis
1147 4019 1188 4086 de
1204 4039 1253 4087 ar-

132 4132 230 4212 gento
247 4124 342 4191 Nane
358 4123 477 4191 Comiti
500 4125 542 4192 ab
559 4125 661 4212 ipsius
686 4127 827 4195 soruioIo
844 4132 936 4193 erunt
959 4125 1075 4211 libera,
1099 4126 1173 4194 dum
1189 4129 1255 4214 qui·

133 4235 215 4301 libet
229 4253 341 4302 corum
357 4253 415 4320 pro
432 4254 493 4302 suc
508 4241 582 4302 rate
596 4236 704 4303 soluat
720 4235 980 4321 quandocunque
1004 4236 1125 4323 poterit
1140 4238 1182 4305 de
1198 4238 1256 4308 illa

132 4343 273 4430 pecunia
288 4362 379 4410 suam
396 4350 534 4430 partem,
550 4343 672 4412 eisdem
690 4343 847 4412 fratribus
863 4345 911 4412 ita
926 4344 1073 4432 pienarIe
1092 4342 1256 4412 satisfece-

133 4455 216 4535 runt,
233 4451 323 4535 quod
337 4471 396 4520 nec
412 4451 478 4539 ipsi
493 4451 627 4539 iratres,¹
638 4471 697 4519 nec
714 4453 798 4520 alins
815 4449 856 4519 de
872 4452 1090 4538 generacione
1100 4452 1255 4540 ipsorum,

134 4579 269 4646 presens
284 4560 338 4628 uel
356 4559 481 4630 iuturus
497 4561 605 4649 ipsum
619 4560 748 4628 Nonam
765 4559 933 4649 Comitem,
960 4561 1014 4629 nel
1031 4561 1101 4629 eins
1120 4559 1257 4629 herodes

134 4678 167 4736 et
182 4675 341 4757 cognatos
366 4668 493 4738 calebit
506 4671 541 4738 in
558 4677 723 4758 posterum
748 4689 847 4755 snper
870 4668 1048 4740 iamdictis
1071 4669 1257 4739 conuenire.
