3162 5188
873 745 949 816 252.

353 910 414 976 IV.
430 911 510 977 Boiu
525 909 691 996 kirdlynuk
706 908 828 974 Koncbi
844 908 961 994 fttdje'c
986 915 1139 996 tuirpyozo'
1162 913 1343 998 ocionarinya
1360 911 1489 976 Konkoi

652 1015 762 1100 Epyed
778 1027 886 1080 mester
902 1020 1059 1083 szdmdra.
1080 1017 1175 1082 1254.

469 1179 552 1248 Bela
569 1177 631 1245 Dei
657 1176 771 1263 gracia
790 1175 969 1262 Huogarie,
993 1178 1173 1265 Dalmacie,
1196 1178 1341 1266 Croacic,
1368 1184 1486 1265 Reme,

353 1285 485 1370 Seruie,
519 1283 677 1370 Gallium,
712 1283 925 1368 Lodomerie,
965 1282 1186 1372 Cumauicque
1222 1291 1291 1356 Rex
1330 1289 1488 1358 omnibus

353 1414 492 1484 presens
515 1393 670 1481 scriptum
695 1391 890 1480 inspecturis
915 1394 1056 1462 salutem
1079 1394 1114 1461 in
1139 1397 1282 1466 omnium
1306 1399 1486 1468 saluatore.

354 1502 405 1572 Ad
432 1502 655 1572 uniuersorum
683 1500 836 1569 noticiam
855 1506 920 1568 tum
946 1505 1151 1588 presencium
1176 1525 1274 1591 quam
1299 1505 1486 1576 futurorum

354 1618 466 1681 tenore
492 1609 696 1696 presencium
722 1609 874 1676 volumus
899 1610 1091 1694 peruenire;
1119 1612 1206 1697 quod
1230 1614 1388 1699 Magister
1403 1613 1489 1699 Egi-

356 1719 432 1786 dius
457 1717 544 1786 iilius
559 1715 734 1800 Laurencij
752 1714 793 1784 de
808 1714 930 1783 Konks
954 1715 1062 1784 tidelis
1078 1725 1188 1786 noster
1203 1718 1246 1786 sd
1268 1727 1415 1790 nostram
1434 1742 1488 1788 ao

356 1825 475 1894 cedens
500 1824 706 1912 presenciam
718 1874 726 1907 ,
754 1822 920 1891 humiliter
946 1824 1042 1891 nobis
1067 1826 1263 1912 supiicauit,
1290 1833 1425 1914 petens,
1455 1837 1490 1894 ut

357 1935 521 2022 quandam
546 1937 667 2000 terram
694 1931 861 2000 fabrorum
886 1937 1079 2016 nostrorum,
1105 1952 1168 2018 que
1187 1934 1314 2002 Konehi
1339 1941 1489 2020 vocatur,

356 2046 612 2110 commetaneam
629 2046 799 2120 terrestre,
816 2056 954 2104 vacuom
971 2043 1003 2106 et
1018 2038 1260 2108 habitatoribus
1279 2039 1487 2124 destitutam,
1571 2067 1573 2100 i

357 2149 420 2218 sibi
436 2149 480 2216 ob
497 2146 613 2214 merita
629 2142 842 2213 seruieiorum
859 2162 990 2212 suorum
1007 2143 1049 2212 de
1072 2145 1274 2232 benignitate
1292 2147 1399 2234 Regia
1414 2169 1489 2215 con·

358 2259 442 2326 serre
459 2255 678 2342 dignaremur.
705 2251 824 2322 Verum
840 2251 918 2338 quia
933 2249 975 2321 de
989 2273 1040 2339 eo,
1066 2253 1153 2338 quod
1169 2275 1210 2322 ea
1226 2263 1313 2324 terra
1328 2263 1418 2324 esset
1435 2277 1489 2324 va

358 2385 422 2435 cua
437 2371 470 2432 et
485 2359 725 2432 habitatoribus
742 2359 896 2430 destituta
911 2359 1006 2428 nobis
1022 2362 1173 2448 plenaria
1187 2364 1308 2430 veritos
1328 2385 1394 2434 nou
1411 2385 1487 2432 con-

359 2473 478 2556 stabat,
495 2469 613 2538 diiecto
630 2477 663 2538 et
679 2467 767 2536 fideli
777 2475 890 2535 nostro
903 2467 1083 2536 venerabili
1102 2469 1189 2555 patri
1199 2471 1339 2538 Hamoni
1351 2473 1489 2560 Episco-

359 2604 401 2670 po
418 2577 581 2664 Vaciensi,
599 2586 634 2644 vt
649 2576 692 2644 ad
708 2575 800 2644 illam
816 2582 934 2642 terram
950 2574 1130 2664 accederet,
1152 2584 1185 2644 et
1200 2597 1284 2661 eam,
1301 2578 1330 2646 si
1348 2599 1490 2646 vacuam

358 2687 528 2770 inueniret,
555 2684 660 2754 eidem
676 2682 871 2770 assignaret,
899 2683 1018 2750 nostris
1035 2681 1184 2752 dedimus
1208 2685 1325 2753 litteris
1346 2685 1382 2752 iu
1399 2705 1489 2754 man·

357 2794 455 2864 datis.
480 2793 569 2862 idem
586 2791 696 2878 itaque
712 2789 908 2858 venerabilis
930 2796 1023 2877 pater
1038 2789 1143 2860 Hamo
1159 2791 1342 2880 Episcopus
1352 2792 1489 2862 Vacien-

357 2904 403 2972 sir
419 2903 523 2990 Regio
549 2901 778 2987 obtemperans
795 2897 961 2982 mendcio,
989 2904 1023 2965 vt
1039 2899 1186 2986 decebat,
1213 2900 1298 2968 sicut
1316 2901 1415 2970 nobis
1441 2921 1489 2966 re·

358 3011 497 3100 scripsit,
518 3029 616 3096 super
632 3027 704 3076 eam
721 3005 917 3091 accedendo,
935 3006 1060 3074 inuenit
1079 3007 1260 3094 predictam
1274 3016 1398 3077 terram
1415 3027 1491 3076 esse

358 3139 514 3206 uvacuam5
541 3137 639 3202 qnam
655 3113 842 3184 convocetis
867 3114 1099 3183 commetaneis
1114 3123 1147 3184 et
1163 3114 1282 3182 vicinis
1309 3116 1342 3184 iu
1364 3117 1490 3184 eisdem

357 3229 453 3299 metis
481 3235 514 3296 et
541 3224 708 3309 terminis,
730 3223 763 3290 in
789 3221 908 3307 quibus
934 3221 1070 3308 predicti
1096 3221 1180 3288 fubri
1205 3223 1308 3292 nosui
1335 3224 1491 3312 possede-

360 3345 445 3422 runt,
460 3336 550 3405 nullo
567 3330 804 3402 contradictore
831 3329 992 3399 existente
1008 3326 1049 3396 de
1065 3336 1175 3398 nostro
1192 3329 1348 3399 mandato
1375 3332 1493 3400 statuit

360 3443 518 3530 Magistro
540 3437 659 3526 Egidio
676 3437 717 3505 de
733 3437 853 3506 Konka
870 3435 1020 3523 superius
1035 3436 1132 3505 dicto.
1161 3438 1230 3505 Nos
1247 3437 1349 3524 igitur
1364 3439 1407 3506 ob
1424 3459 1491 3506 me·

358 3551 434 3618 rita
448 3548 658 3618 seruiciorum
686 3544 831 3614 eiusdem
847 3543 996 3630 Magistri
1013 3543 1124 3631 Egidij
1150 3545 1245 3614 uobis
1270 3545 1410 3614 fideliter
1435 3543 1493 3612 im-

359 3678 547 3748 pensorum,
563 3659 710 3726 volentes
727 3653 788 3723 sibi
806 3654 909 3738 Regio
931 3671 1100 3721 occurrere
1119 3673 1190 3720 cum
1215 3653 1339 3739 fauore,
1366 3655 1492 3724 dietam

359 3775 478 3836 terram
503 3764 671 3832 fabrorum
696 3767 877 3830 nostrorum
903 3761 1041 3847 Koacby
1059 3767 1218 3846 vocatam,
1245 3761 1351 3829 eidem
1377 3768 1411 3830 ct
1431 3782 1490 3848 per

359 3877 467 3964 ipsum
482 3874 552 3942 suis
577 3869 749 3941 heredibus
765 3867 984 3953 heredumque
1000 3888 1131 3937 suorum
1156 3868 1400 3936 successoribus
1412 3871 1492 3954 jure

358 3991 514 4073 perpetuo
532 3978 725 4047 auctoritato
741 3975 946 4063 presencium
963 3975 1114 4044 duximus
1131 3975 1362 4045 conserendam
1382 3974 1489 4062 dupli-

358 4095 405 4162 cis
421 4090 524 4177 sigilli
540 4089 642 4158 nostri
659 4085 836 4155 munimine
852 4084 1045 4152 roborando.
1072 4085 1194 4152 Datum
1209 4105 1267 4172 per
1283 4104 1400 4152 manus
1418 4085 1489 4152 Ma-

358 4201 453 4286 gistri
478 4199 603 4266 Thomc
619 4191 909 4278 Vice-Oauceiiarij
937 4190 1047 4258 dilecti
1073 4199 1106 4258 et
1125 4191 1232 4259 fidelis
1257 4192 1371 4272 nostri,
1398 4210 1488 4261 anno

357 4307 492 4378 Domini
509 4306 684 4373 millesimo
708 4301 927 4370 ducentesimo
945 4300 1216 4386 quinquagesimo
1233 4309 1359 4385 quarto,
1381 4300 1487 4386 Regni

358 4427 466 4486 autem
483 4415 586 4484 nostri
602 4433 688 4481 auno
705 4411 831 4479 decimo
848 4429 943 4478 nono.

413 4561 493 4627 (Regi
508 4537 665 4611 hitelesitett
679 4555 792 4609 induciat
806 4549 1028 4618 Kurmuczbtoyn
1043 4569 1078 4604 sa.
1093 4553 1119 4604 k.
1134 4549 1212 4604 vairos
1226 4549 1430 4616 ievdltdraiban.)
