3162 5188
854 391 920 464 866

325 602 462 680 grantes
488 591 626 666 eandem
652 592 742 659 iuxta
759 588 972 657 donacionem
988 586 1146 674 Stephani
1172 587 1258 654 Beni
1282 585 1454 675 possidere

323 703 459 792 pacifico
485 710 517 768 et
532 699 640 787 quiete
657 697 814 766 ladislao
841 697 951 784 sepius
969 702 1137 763 annotato.
1163 693 1231 760 Nec
1247 694 1309 763 hoc
1328 701 1452 782 preter·
1573 699 1574 758 ἲ

325 813 492 892 mittimus,
518 805 605 893 quod
621 807 699 890 quia
725 806 889 894 predictus
905 804 1022 872 Comes
1038 800 1200 888 Georgius
1227 800 1330 869 falsas
1346 809 1455 869 metas

324 930 357 988 et
372 921 517 989 occultas
533 917 567 983 in
584 922 673 983 terra
689 913 843 1001 Gurbysa
858 911 982 982 tociens
1009 912 1149 998 repetita
1166 921 1322 998 erexerat,
1348 912 1454 980 inten-

324 1028 405 1097 dens
420 1047 479 1115 per
494 1027 586 1113 ipsas
602 1022 741 1093 eandem
758 1041 928 1116 occupare,
947 1027 1062 1089 contra
1077 1017 1270 1088 Ledialaum
1284 1019 1457 1107 supradic-

323 1146 391 1204 tum
407 1143 457 1204 est
473 1134 639 1203 conuictus
655 1131 769 1200 ordine
786 1127 957 1199 iudiciario
975 1147 1084 1198 coram
1101 1127 1206 1196 nohis.
1232 1128 1281 1196 De
1296 1149 1361 1214 qua
1378 1149 1458 1198 con·

324 1243 476 1312 uinclone
492 1237 579 1329 (lgy)
594 1238 689 1308 nohis
714 1247 871 1326 tauquam
887 1234 996 1322 iudici,
1013 1243 1047 1306 et
1063 1235 1125 1304 sibi
1143 1243 1241 1325 prout
1259 1235 1458 1305 aduersario

324 1347 494 1435 satisfecit,
512 1348 596 1416 sicut
612 1346 801 1432 requirebat
811 1343 890 1416 ordo
907 1344 995 1431 iuris,
1013 1351 1134 1412 terram
1150 1341 1287 1432 predicti
1297 1342 1458 1437 amoma

324 1453 429 1526 eidem
447 1453 615 1544 possidere
631 1455 702 1524 sine
718 1451 983 1522 contradictione
1007 1452 1144 1538 aliquali
1159 1451 1387 1540 permittendo.
1415 1459 1459 1523 ln

324 1567 414 1634 cuius
430 1566 477 1632 rei
501 1563 732 1650 testimonium,
750 1564 876 1631 tirmam
891 1569 992 1648 atque
1015 1561 1228 1631 stabilitatem
1245 1563 1458 1652 ampliorem,

323 1683 492 1763 presentes
509 1673 703 1743 contulimus
728 1672 855 1740 litteras
871 1670 974 1756 sigilli
999 1671 1100 1741 nostri
1118 1672 1294 1740 munimine
1317 1673 1459 1744 robora·

323 1790 385 1872 tas,
412 1803 499 1851 auno
515 1781 649 1850 Domini
665 1780 840 1849 millesimo
866 1778 1089 1848 ducentesimo
1105 1779 1179 1848 LX⁰
1195 1781 1306 1850 tercio.
1328 1783 1459 1850 Datum

324 1891 501 1979 Zagrablei
519 1889 606 1980 (tgy)
622 1891 656 1958 iu
670 1887 788 2045 ggffia
804 1887 915 1957 Sancti
935 1887 1076 1956 Martini.

323 2107 448 2162 Eredetie
462 2105 627 2174 bitrhtrtpdn
640 2124 656 2160 a
668 2103 778 2162 binoalr
790 2109 870 2161 attrita
890 2106 976 2174 tltggii
987 2103 1106 2174 pecatrje
1119 2105 1192 2168 aluit,
1206 2123 1223 2159 s
1236 2105 1316 2162 hudai
1337 2109 1391 2160 kir.
1407 2109 1458 2161 lra-

744 2199 831 2248 marai
844 2193 1029 2263 lerilttrban)

753 2493 1021 2507 *-

846 2983 924 3055 aaa
991 2937 996 2945 ¹

324 3185 410 3255 ctat
425 3185 542 3274 la'rcilpi
550 3183 952 3272 toruolaneoterbiaoapitpo,
972 3185 1147 3273 iropyelilttc
1158 3183 1280 3271 Krietos
1295 3185 1453 3268 e'eJdaoe,

323 3293 570 3380 Ldadrcolrfioi,
595 3293 743 3360 oArund
766 3303 796 3360 ea
811 3293 1003 3360 &delta-ruci
1026 3296 1170 3382 diacopoa
1194 3295 1339 3383 oldconyi
1360 3319 1454 3384 pereo

604 3401 738 3468 birtohra
755 3407 844 3468 ree'zce
860 3401 1035 3490 liepyezteh
1061 3401 1159 3468 1253.

427 3595 497 3664 Nos
513 3595 608 3664 (lhah
624 3595 781 3683 Magister
796 3595 1080 3664 Theuornlcorum
1098 3594 1239 3663 illustris
1264 3593 1364 3680 Regis
1380 3595 1449 3662 Vn-

319 3703 412 3788 gerle
428 3709 461 3771 et
475 3701 835 3790 ComesSupruniensis
851 3703 893 3770 ad
904 3703 1128 3770 uniuersorum
1146 3703 1299 3771 noticiam
1315 3721 1448 3790 preren

319 3813 405 3878 oium
431 3817 543 3879 tenore
568 3813 716 3879 uolumus
741 3811 907 3898 deuenire,
932 3811 1021 3896 quod
1046 3831 1117 3879 cunr
1144 3811 1181 3878 B.
1206 3809 1347 3878 illustris
1371 3813 1446 3879 ilex

318 3918 463 4004 Vngerie
488 3927 556 3986 tom
582 3920 730 3988 turbatus
756 3920 818 3988 tuit
843 3920 885 4006 (l,
902 3921 994 3988 taltn
1022 3937 1174 4007 „caueam
1199 3919 1297 4006 iurgii
1322 3920 1444 4007 inter“)

317 4023 586 4113 cuneroptomm
612 4033 645 4093 et
670 4025 855 4097 iohannem
880 4025 965 4095 illios
991 4027 1108 4094 Lazari
1134 4047 1175 4095 er
1190 4033 1284 4114 perte
1308 4037 1384 4114 ntra,
1409 4035 1443 4094 ct

318 4131 431 4200 Arund
457 4133 557 4202 illium
574 4133 694 4220 Scnnd,
721 4135 862 4202 Pousam
877 4133 979 4204 hlium
998 4135 1096 4220 Petri,
1121 4136 1315 4204 Michaelem
1340 4135 1443 4203 filium

316 4241 444 4325 tamor,
470 4243 546 4309 Sam
563 4242 665 4311 tilium
676 4242 781 4327 hlooh,
808 4243 909 4310 Fioch
926 4241 1028 4310 tilium
1043 4244 1165 4324 Teeha,
1193 4251 1227 4311 et
1242 4243 1440 4331 Stephanum

316 4347 418 4416 tilium
445 4350 557 4418 Gurkc
582 4350 622 4418 de
648 4351 728 4419 uilla
753 4351 879 4420 Alasun
903 4351 1078 4437 exaltare,
1104 4353 1199 4420 nobis
1225 4351 1441 4420 commisisset

315 4457 429 4524 ordine
444 4456 615 4526 iudiciario
642 4458 868 4527 uentilandam
884 4478 982 4546 supcr
998 4459 1140 4545 quodam
1165 4460 1327 4546 particula
1343 4468 1437 4540 terre,

314 4585 411 4649 quam
427 4567 572 4634 Lazarus
589 4575 684 4653 pater
699 4566 902 4654 cristophori
918 4574 950 4635 et
966 4567 1128 4636 Johannis
1150 4588 1171 4635 a
1187 4565 1354 4655 predictis,
1379 4568 1437 4636 sci-

314 4673 391 4744 licet
405 4675 509 4740 Arum
527 4681 560 4741 et
576 4674 662 4761 alljs,
679 4674 790 4761 precio
807 4679 1065 4762 compararent,
1083 4675 1227 4743 indebite
1243 4674 1434 4761 recipissent
