3210 5194
905 947 958 1014 to.

368 1135 426 1200 IX.
438 1133 573 1220 Gerpely
586 1129 742 1233 pepones
752 1127 943 1194 taratantara
956 1147 975 1188 α
987 1123 1119 1188 caocddi
1131 1121 1255 1208 pttspdb
1266 1121 1507 1208 coadjutoretro

820 1235 921 1299 odaoe.
944 1232 1041 1298 1241.

479 1433 658 1522 Gregorius
676 1436 860 1522 Episcopus
878 1453 991 1502 seruus
1008 1452 1174 1500 seruorum
1190 1431 1252 1497 Dei
1268 1429 1397 1496 dilectis
1421 1428 1506 1494 filiis

327 1626 329 1637 Ι
372 1594 379 1609 .
399 1593 405 1608 .
426 1591 433 1606 .
450 1541 571 1608 Abbati
587 1541 628 1608 de
643 1542 732 1609 Pelis
749 1540 974 1609 CisteroiensIs
995 1539 1137 1623 Ordinis,
1154 1537 1408 1625 Vesprimiensis
1421 1537 1507 1603 Dio-

370 1649 466 1733 oesis,
483 1651 555 1715 etl.
572 1647 613 1715 de
630 1650 783 1717 Oivitella
799 1648 1005 1715 Subdiaoono
1030 1654 1062 1713 ct
1078 1648 1258 1733 capellano
1285 1651 1395 1714 nostro
1413 1647 1506 1712 salu-

372 1767 436 1826 tem
463 1764 496 1824 et
519 1757 744 1844 Apostolieam
769 1755 1035 1824 benedictionem.
1064 1756 1145 1822 Gom
1170 1754 1248 1820 oIIm
1265 1754 1384 1822 nostris
1411 1759 1508 1820 esset

374 1866 508 1932 auribus
524 1865 719 1952 intimatum,
747 1866 834 1948 quod
852 1864 1048 1930 venerabilis
1071 1862 1171 1929 frater
1195 1869 1304 1930 noster·
1321 1915 1328 1926 .
1347 1912 1354 1926 .
1373 1915 1380 1928 .
1398 1863 1506 1928 Cena-

373 1971 498 2038 diensis
515 1973 698 2060 Episcopus
724 1973 889 2038 oculorum
905 1977 993 2037 esset
1008 1970 1128 2036 lumine
1148 1969 1333 2054 destitutus,
1359 1975 1391 2034 et
1407 1968 1505 2037 senio

373 2080 420 2145 sic
437 2078 632 2164 confractus,
658 2086 694 2146 ut
710 2099 821 2145 curam
837 2098 902 2144 nou
917 2078 1043 2144 valeret
1067 2095 1179 2161 gerere
1203 2078 1413 2161 pastoralem,
1441 2098 1506 2144 nos

372 2206 471 2272 super
486 2185 547 2253 lroc
565 2237 572 2250 .
592 2236 621 2251 ..
646 2187 804 2269 Magistro
821 2184 1012 2272 Hospitalis,
1030 2235 1037 2249 .
1057 2234 1063 2248 .
1083 2234 1089 2247 .
1116 2184 1237 2250 Abbati
1262 2183 1303 2251 de
1319 2185 1451 2252 Bcobon
1470 2192 1508 2251 et

373 2295 461 2359 Luce
487 2293 650 2360 Canonioo
668 2294 832 2360 lauriensi
859 2294 920 2359 sub
945 2291 1153 2360 certatorum
1173 2290 1350 2360 direximus
1376 2293 1507 2381 scripta

374 2407 484 2470 nostra
502 2426 509 2465 :
527 2421 636 2467 verum
654 2404 737 2468 sicut
753 2402 983 2486 intelleximus,
1008 2400 1112 2467 dietus
1130 2401 1287 2485 Magister
1304 2407 1335 2467 et
1351 2401 1420 2468 elus
1437 2403 1507 2469 col·

373 2510 448 2595 lege
474 2511 581 2595 ipsum
597 2511 796 2598 Episcopum
823 2510 933 2593 iniquo
951 2508 1063 2576 lavore
1085 2507 1242 2593 foventes,
1269 2515 1300 2574 et
1317 2508 1506 2576 deferentes

375 2617 499 2684 homiui
524 2624 636 2685 contra
652 2620 765 2701 Deum,
793 2618 828 2683 in
851 2617 1039 2685 executione
1065 2616 1210 2682 mandati
1227 2617 1408 2705 Apostolici
1433 2618 1507 2684 iam

376 2727 490 2811 elapso
515 2726 653 2790 triennio
670 2733 702 2791 et
728 2726 870 2813 amplius
896 2723 1073 2812 procedere
1099 2724 1320 2809 neglexerunt,
1349 2726 1382 2789 ln
1399 2723 1506 2791 Oena-

376 2833 501 2899 diensis
512 2833 668 2919 Ecclesia,
686 2854 748 2917 que
759 2835 853 2918 quasi
863 2835 948 2901 iacet
957 2832 1266 2919 destItutapastore,
1284 2853 1415 2900 enorme
1432 2853 1507 2920 pre-

377 2939 531 3008 iudicium
548 2950 581 3008 et
596 2962 783 3026 gravamen.
801 2941 884 3009 Hine
899 2948 959 3027 est,
985 2939 1072 3026 quod
1088 2941 1236 3007 nolentes
1252 2941 1313 3008 hoc
1330 2942 1390 3008 sub
1407 2939 1507 3009 dissi-

376 3051 555 3118 mulatione
572 3051 721 3135 transire,
749 3049 952 3134 mandamus,
970 3055 1128 3133 quatenus
1146 3049 1300 3134 inquisita
1320 3070 1418 3136 super
1433 3069 1506 3137 pre-

377 3158 487 3226 missis
513 3159 640 3246 plenios
657 3161 806 3243 veritate,
833 3157 861 3225 si
878 3177 950 3223 eum
974 3157 1140 3224 oculorum
1166 3158 1287 3225 lumine
1304 3157 1504 3244 destitutum,

378 3273 435 3332 aut
461 3265 551 3333 senio
578 3265 767 3332 inveneritis
784 3267 831 3332 sio
858 3285 931 3332 esse
955 3263 1163 3349 confractum,
1190 3266 1413 3352 coadjutorem
1436 3265 1506 3335 ido-

376 3393 474 3439 neum
490 3371 678 3457 adiungatis
698 3371 822 3460 eidem;
840 3371 1106 3460 contradictores,
1123 3373 1152 3440 si
1169 3375 1223 3456 qui
1239 3372 1368 3458 fuerint,
1385 3374 1440 3440 vel
1456 3393 1506 3439 re-

378 3478 492 3562 belles,
509 3496 567 3562 por
583 3496 752 3544 censuram
764 3478 1022 3546 ecelesiausticam
1034 3480 1094 3546 sub
1108 3479 1297 3566 Apostoliea
1316 3480 1506 3547 obedientia

377 3581 624 3669 compescendo.
642 3586 764 3651 Datum
779 3585 934 3653 Laterani
950 3587 1019 3654 VII.
1037 3585 1109 3654 idus
1125 3587 1305 3653 Februarii.
1333 3587 1506 3655 Pontifica-

376 3699 428 3758 tus
444 3691 547 3759 nostrl
564 3711 648 3758 auno
665 3691 771 3760 XIIII.

709 3891 839 3956 (Theiner
858 3895 892 3946 id.
907 3909 940 3945 m.
954 3895 976 3945 1.
990 3895 1046 3945 lot.
1063 3897 1120 3946 177.
1135 3895 1162 3960 l.)

790 4176 1054 4188 -—————
