3252 5198
121 1083 242 1150 Amore
256 1084 349 1154 salar
366 1087 511 1174 fdicpdn
535 1092 567 1155 es
587 1089 737 1157 Redocld
761 1095 920 1159 commosis
942 1095 1151 1182 bicoapsdpa,
1176 1095 1257 1184 dopy

121 1193 216 1259 Puer
238 1195 422 1262 Irtodmmk
439 1197 501 1282 fia,
526 1197 669 1263 mdccc·
694 1197 804 1283 lakes,
830 1199 941 1266 dro'kds
966 1201 1103 1269 cimici
1127 1203 1257 1270 Hotcld

464 1305 620 1369 cornescek
635 1305 806 1390 dimpedte.
825 1308 922 1373 1235.
989 1383 992 1388 ¹

230 1498 399 1566 Arncldus
415 1497 532 1566 Oomes
547 1499 762 1582 Saladiensis,
788 1504 822 1566 ct
837 1497 954 1569 Ocmes
969 1500 1171 1588 Rednaidus,
1189 1521 1254 1570 om-

120 1605 220 1672 nibns
238 1605 359 1672 Christi
373 1603 526 1672 fidelibus
549 1613 720 1692 presentes
744 1606 871 1674 litteras
895 1606 1090 1694 inspecturis
1114 1609 1254 1678 salutem

120 1713 158 1781 in
173 1712 315 1780 Domino
330 1713 352 1780 J
354 1733 411 1780 esu
427 1713 567 1781 Christo.
591 1711 645 1780 Ad
659 1715 885 1782 uniuersorum
909 1714 1059 1784 uolumus
1082 1715 1255 1800 peruenire

120 1820 290 1904 noticiam,
317 1821 406 1905 qnod
432 1821 564 1905 qnidam
580 1823 697 1890 Petrus
712 1823 798 1888 iilius
825 1822 984 1908 Stephani
1010 1822 1052 1888 de
1075 1822 1157 1889 uilla
1171 1823 1253 1892 Lon·

122 1946 207 1994 eone
222 1929 256 1994 in
271 1935 387 1996 nostra
396 1929 589 1996 constitutos
605 1932 779 2015 presencia
790 1930 893 1997 libere
909 1929 1149 2015 estcontcrsus,
1165 1932 1254 2014 qnod

121 2041 228 2103 totam
253 2041 375 2103 terram
398 2056 502 2120 suam,
528 2055 681 2122 quocum
707 2037 904 2107 hereditario
928 2038 998 2105 iure
1021 2038 1253 2124 contingebant

123 2143 224 2233 (igy),
242 2145 334 2211 dedit
349 2145 468 2212 Comici
484 2145 613 2233 Hcirold
636 2165 686 2232 eo,
711 2146 798 2230 quod
813 2147 886 2233 ipse
902 2145 1018 2213 domes
1043 2167 1118 2214 cum
1132 2145 1251 2216 deffen-

120 2251 202 2318 dere
215 2258 381 2320 teneretur
397 2253 432 2318 in
449 2273 557 2340 mosa,
584 2273 683 2338 quam
698 2273 780 2338 erga
794 2254 904 2340 ipsum
926 2253 1042 2321 habuit
1056 2253 1159 2321 frater
1180 2253 1252 2322 eius

120 2360 282 2444 Magister
296 2359 423 2426 Micaei.
441 2361 535 2446 Sane,
562 2361 640 2445 qnia
664 2359 826 2429 tonsilla
850 2361 1010 2428 remocior
1035 2367 1107 2429 erat
1122 2383 1143 2428 a
1158 2363 1251 2430 metis

119 2474 208 2534 terre
225 2467 361 2535 Comitis
376 2468 517 2554 Hchold,
542 2468 831 2536 commutacionem
847 2469 925 2537 fecit
944 2469 1030 2536 idem
1045 2468 1162 2538 Comes
1178 2490 1251 2539 cum

120 2577 271 2661 Symone
293 2575 362 2642 filio
376 2575 535 2662 Stephani
559 2575 618 2660 filij
637 2577 736 2659 Bene,
764 2575 847 2643 dans
863 2575 893 2642 ci
918 2584 1039 2643 terram
1053 2578 1169 2664 Pauli,
1195 2578 1252 2662 qni
1369 2637 1376 2648 .

120 2684 224 2750 habet
239 2702 385 2751 sororem
407 2683 528 2769 prefati
544 2683 644 2768 Petri,
661 2691 910 2771 pretermissa,
928 2686 1007 2770 quia
1021 2692 1093 2752 erat
1116 2704 1251 2753 comme-

121 2799 222 2858 tanea
237 2799 324 2858 terre
339 2811 407 2878 sue,
424 2811 487 2876 quc
502 2793 569 2858 sita
583 2798 634 2858 est
649 2798 729 2879 aput
747 2793 920 2860 ecclesiam
936 2793 1048 2861 Sancti
1064 2793 1170 2879 Petri;
1187 2813 1251 2860 me·

122 2902 165 2969 tis
191 2901 368 2988 assignata
383 2901 481 2989 (igy).
505 2900 616 2967 Prima
640 2908 729 2968 meta
744 2902 861 2988 incipit
884 2909 1008 2970 atcrra
1033 2902 1178 2970 ciusdem
1194 2902 1252 2970 Oo-

122 3011 211 3078 mitis
226 3010 368 3095 Hohold‚
395 3029 459 3095 que
481 3015 618 3076 vocatur
633 3007 769 3075 Tolmae
791 3009 931 3076 etribns
947 3009 1099 3096 ilicibus;
1125 3018 1160 3079 et
1172 3010 1251 3078 inde

123 3139 241 3186 uersus
265 3119 424 3186 orientem
438 3117 543 3184 tendit
568 3116 612 3183 ad
636 3118 785 3184 arborem
809 3117 886 3200 poni
903 3115 1001 3203 (igy)‚
1026 3119 1083 3185 ubi
1106 3117 1251 3184 secunda

120 3233 229 3313 mcta3
256 3226 381 3294 etinde
404 3224 609 3312 protenditur
634 3224 679 3291 ad
703 3223 836 3290 fluuium
852 3225 1017 3308 Loncoue,
1043 3223 1099 3306 qui
1121 3223 1192 3290 fluit
1209 3222 1250 3290 de

120 3336 204 3403 nilla
229 3333 393 3417 Cornaha,
419 3334 453 3398 in
475 3352 539 3416 quo
565 3331 734 3399 deseendit
759 3350 861 3415 nsque
886 3329 963 3398 dum
988 3331 1076 3399 cadit
1091 3333 1124 3398 in
1149 3332 1250 3400 alium

121 3446 268 3529 flnninm,
295 3443 351 3527 qui
374 3442 524 3508 similiter
539 3443 693 3509 Loncoue
716 3447 861 3526 uocatur,
887 3439 943 3524 qui
959 3439 1030 3506 fluit
1054 3461 1113 3527 per
1136 3441 1250 3509 uillam

117 3553 267 3633 ‘Polmae
293 3552 350 3618 ubi
364 3551 485 3617 transit
507 3550 652 3634 fluuium,
677 3567 792 3616 uersus
817 3547 1019 3616 occidentem
1044 3547 1087 3615 ad
1106 3557 1248 3617 montem

119 3660 295 3727 reuertitur
310 3659 474 3724 admotas
489 3665 573 3723 terre
589 3655 725 3724 comitis
741 3675 820 3741 sepe
835 3655 923 3723 dicti.
948 3657 991 3722 Vt
1006 3656 1107 3741 igitur
1122 3657 1249 3744 prefate

119 3775 204 3835 terre
220 3766 440 3833 commarceio
466 3771 498 3831 et
512 3763 659 3830 eiusdem
675 3762 812 3830 collario
836 3764 933 3830 robur
947 3762 1110 3830 firmitatis
1127 3763 1248 3832 habere

120 3877 226 3962 possit
240 3875 275 3939 in
291 3880 471 3961 posterum,
496 3871 645 3938 dedimus
661 3869 694 3936 in
710 3871 930 3939 testimonium
948 3871 997 3936 rei
1012 3859 1104 3954 geste
1119 3891 1248 3957 presen-

118 3991 181 4052 tem
195 3984 359 4072 paginam
370 3978 548 4046 munimine
564 3978 746 4063 sigillorum
755 3983 938 4046 nostrorum
948 3977 1145 4060 roboratam,
1162 3996 1247 4046 anno

117 4095 226 4180 gracie
244 4093 292 4159 M⁰
303 4088 371 4158 00θ
380 4089 530 4155 XXXV⁰.

113 4288 251 4360 (Eredstie
264 4285 446 4355 bdrhdrtyin,
469 4286 581 4355 melyrdi
593 4285 695 4338 Arnold
707 4280 872 4350 idispdnnsk
890 4281 1010 4349 pecsdtje
1023 4277 1249 4348 htrtyszsinegen

115 4383 188 4450 fdgg,
210 4398 229 4434 a
241 4378 337 4434 mfisik
351 4375 446 4447 peestt
458 4377 541 4445 pedig
564 4376 701 4437 elvesaett,
720 4374 833 4426 abudai
846 4373 897 4425 kir.
910 4373 1034 4425 kamarai
1055 4367 1246 4435 ieviltdrben.)

549 4597 814 4612 *uun-—
