3210 5194
616 331 769 434 *Q-

123 544 194 591 una
219 533 312 611 parte
336 545 436 612 super
460 525 686 597 destruccione
709 527 814 615 predij
840 529 894 595 siti
919 528 1005 594 inter
1029 529 1110 597 duos
1125 528 1253 614 fluuios,

124 635 262 703 Droaha
277 633 432 701 uidelicet
448 643 481 702 et
496 635 677 719 Zarathka,
694 635 1027 720 nomineWyzmeth;
1045 642 1078 702 et
1088 635 1253 721 llguthlu,

126 743 300 828 walchen,
319 743 430 812 Othok
454 763 495 810 ao
510 749 722 828 cognatorum
746 741 922 812 eorundem
946 744 1117 828 exaltata,
1143 751 1254 810 nostre

121 850 309 918 transmisit
332 851 499 918 sentencie
524 847 747 935 iudicandam,
773 847 991 918 ordinandam
1016 858 1050 916 ct
1065 851 1139 937 paci
1155 851 1254 920 rofor-

124 955 291 1024 maudam.
317 959 387 1025 Nos
403 958 502 1042 igitur
529 957 674 1024 uolentes
699 975 832 1024 causam
849 963 935 1024 terre
960 957 1120 1045 imprimis
1145 959 1255 1044 exqui-

123 1083 203 1150 rere,
222 1065 269 1132 ad
285 1071 408 1132 terram
424 1065 647 1152 supradictam
664 1063 873 1150 assensimus,
894 1064 1088 1134 descensum
1097 1065 1255 1134 iacientes

123 1174 156 1238 in
171 1173 270 1240 domo
288 1173 472 1254 Pctruzlov,
498 1172 690 1240 conuocatis
706 1172 858 1240 omuibus
883 1173 1116 1241 commetaucis
1135 1179 1169 1240 ct
1183 1192 1255 1260 par·

121 1277 303 1362 rochianis,
330 1286 364 1346 et
379 1279 531 1346 omnibus
547 1279 623 1365 aliis
640 1279 719 1346 uiris
737 1276 876 1364 ydoneis
892 1287 924 1344 et
939 1279 1104 1348 nobilibus
1124 1282 1255 1348 circum-

122 1387 364 1471 adiaceutibus‚
381 1388 544 1454 noluimus
560 1406 697 1453 causam
713 1387 938 1473 supradictam
948 1386 1105 1472 iudicare,
1122 1389 1256 1455 interro

123 1502 241 1578 gantos
268 1493 472 1585 Magistrum·
488 1493 693 1577 Michaelcm,
720 1493 862 1577 qualiter
885 1499 1007 1560 temam
1034 1493 1256 1582 supradictam

121 1600 341 1688 possedisset
358 1599 422 1677 Qui
439 1600 530 1683 dixit,
548 1619 585 1665 se
595 1601 666 1671 iure
682 1599 864 1686 empciouis
877 1600 1120 1685 possessionem
1139 1619 1256 1667 memo

120 1719 228 1778 ratam
244 1707 458 1796 possedisse
477 1716 510 1776 et
525 1728 625 1795 super
641 1709 703 1776 hoc
717 1710 847 1776 litteras
860 1709 1088 1795 priuilegialcs
1104 1709 1256 1776 Illustris·

121 1817 192 1884 simi
210 1817 250 1882 B.
262 1817 329 1883 Dei
344 1817 459 1900 gracia
469 1816 570 1900 Regis
586 1817 765 1900 Hungarie,
783 1825 816 1882 ct
826 1813 971 1902 Capituli
981 1814 1255 1903 Wesprimiensis,

121 1945 180 1992 nec
194 1947 266 1993 non
287 1932 318 1990 et
333 1923 490 2010 Episcopi
507 1922 652 1990 eiusdem
668 1923 731 1990 loci
747 1924 945 1990 venerabilis
969 1925 1073 2010 patris
1090 1924 1254 2010 exhibuit3

120 2053 200 2117 quas
226 2052 294 2101 nos
318 2033 353 2100 in
378 2032 552 2120 presencia
576 2034 719 2102 omnium
744 2033 791 2098 ibi
816 2034 1040 2119 existeucium,
1072 2038 1105 2098 ct
1128 2034 1162 2100 iu
1186 2050 1257 2118 pro

117 2142 236 2208 scncia
253 2141 392 2225 Egotku
416 2160 455 2205 ac
472 2146 687 2224 cognatorum
702 2139 867 2224 eiusdem,
892 2149 925 2206 et
947 2141 980 2206 in
1005 2141 1176 2226 presencia
1191 2139 1255 2226 pri·

120 2247 219 2316 staldi
244 2247 527 2314 Excellentissimi
544 2246 579 2312 (l.
607 2248 717 2332 Regis,
744 2247 845 2314 Ducis
871 2248 976 2315 tocius
991 2247 1176 2333 Solanonie,
1201 2266 1257 2313 uo

119 2356 204 2422 miue
221 2355 358 2422 Alberti
382 2355 424 2421 de
439 2355 519 2421 uilla
534 2355 648 2422 Sancti
664 2353 799 2439 Georgij
815 2375 875 2440 pro
893 2375 942 2438 eo,
966 2375 1031 2439 quo
1048 2355 1153 2424 dictus
1169 2356 1206 2422 ll.
1223 2364 1256 2423 et

121 2465 256 2547 cognati
282 2463 337 2529 sui
360 2471 479 2529 terram
504 2463 651 2548 ipsorum
675 2462 784 2542 inilla
808 2471 895 2528 terra
918 2482 977 2549 per
992 2464 1184 2548 Magistrum
1200 2465 1256 2530 lli-

9 2645 10 2674 ἶ
121 2570 272 2638 chaelem
303 2571 464 2638 uiolenter
478 2574 737 2656 receptampsse
753 2566 914 2654 dicebant,
940 2569 1041 2636 uerbo
1058 2571 1103 2638 ad
1121 2571 1256 2639 uerbum

9 2683 10 2686 ’
120 2675 257 2743 fecimus
275 2676 405 2761 perlegi
419 2700 426 2760 ς
452 2696 621 2761 quaecum
640 2675 745 2756 omnis
761 2676 932 2743 multitudo
948 2697 1014 2744 una
1030 2697 1103 2743 cnm
1118 2676 1200 2765 ipsis
1217 2680 1254 2744 ll.

126 2784 285 2851 uidelicet
303 2790 336 2849 et
351 2785 497 2870 cognatis
513 2784 584 2850 eius
606 2781 797 2868 audiuisset,
823 2784 1097 2870 interrogauimus
1113 2787 1254 2868 eosdem,

121 2892 148 2957 si
163 2893 330 2976 Magister
346 2889 516 2978 (Michael)
533 2892 617 2958 iuste
634 2898 666 2956 et
684 2892 828 2976 legitime
848 2892 939 2958 illam
954 2899 1075 2960 terram
1093 2891 1256 2979 possedis

121 3007 178 3083 set,
195 3007 229 3066 et
245 2997 431 3084 priuilegia
445 2999 592 3084 perlecta
608 3006 717 3066 essent
732 2999 817 3066 iuste
833 3007 866 3066 et
880 2999 1025 3085 legitime
1041 3001 1174 3068 collata.
1192 2997 1256 3075 Qui

122 3108 153 3174 iu
168 3107 259 3173 nullo
278 3104 467 3190 priuilegijs
484 3105 680 3191 supradictis
695 3105 974 3189 contradixerunt,
1002 3106 1063 3172 sed
1076 3105 1256 3191 possessio·
1305 3123 1313 3136 ‘

122 3235 192 3281 nem
208 3221 305 3281 terre
320 3211 508 3299 supradicte
523 3215 681 3297 Magistro
697 3213 853 3280 Michaeli
872 3213 1007 3300 pacifice
1021 3213 1256 3300 possidendum

123 3323 330 3403 remiserunt,
358 3321 407 3387 ita
432 3327 467 3386 ut
482 3319 524 3386 de
550 3326 655 3388 cetero
671 3340 738 3388 non
762 3320 835 3407 ipsi,
862 3341 923 3387 ucc
938 3322 1082 3408 ipsorum
1106 3318 1254 3404 heredes,

123 3428 349 3513 heredumque
364 3448 495 3495 suomm
511 3445 727 3512 successores,
749 3435 886 3514 possent
902 3429 954 3495 uel
968 3429 1125 3496 deberent
1138 3427 1255 3496 iterato

122 3553 193 3601 cum
208 3536 377 3619 Magistro
387 3533 548 3601 Michaele
562 3537 615 3602 uel
633 3537 702 3602 suis
720 3536 962 3603 successoribus
978 3535 1117 3602 causari.
1138 3537 1181 3603 Vt
1194 3537 1255 3625 igi·

121 3647 172 3708 tur
186 3645 250 3709 hoc
279 3647 439 3708 natumst
462 3643 590 3708 firmum
614 3649 805 3730 perseueret
826 3643 861 3709 in
886 3650 1063 3729 posterum,
1089 3644 1195 3710 eidem
1209 3645 1253 3714 ll.

122 3751 283 3836 llagistro
301 3750 431 3816 litteras
444 3755 574 3818 cosmas
601 3751 820 3818 concessimus
835 3747 935 3835 sigilli
949 3750 1053 3818 nostri
1077 3751 1254 3820 munimine

123 3859 309 3940 roboratas,
327 3876 414 3922 auno
431 3858 543 3940 gracie
558 3859 603 3924 Μο
615 3855 681 3922 GC·
689 3857 799 3926 XXX⁰
814 3877 908 3928 nouo.

119 4055 256 4119 (liredetie
271 4051 449 4118 bdrhdrtydu,
462 4055 566 4106 Auuold
580 4052 743 4120 fdispdnnak
758 4057 842 4121 fflggd
855 4053 976 4122 pecsdtje
989 4055 1065 4116 alatt,
1080 4037 1192 4104 abudai
1202 4056 1255 4104 tir.

529 4145 653 4195 kamusai
664 4143 853 4210 levdltdrban.)

565 4447 624 4456 ...-
629 4447 828 4456 ——m-——n
