3186 5188
358 1120 444 1186 Eiet
461 1121 533 1199 bria,
549 1125 580 1183 e's
600 1118 717 1184 Tantda
735 1116 911 1200 Oslnakfia
928 1117 988 1182 IV.
1008 1119 1087 1184 Boia
1103 1119 1208 1204 kirtly
1223 1118 1293 1184 etto
1313 1117 1416 1181 Balad
1426 1116 1491 1181 tir·-

657 1225 743 1290 toira
759 1232 848 1290 adase
863 1225 1076 1311 apportasset.
1091 1225 1189 1290 1248.

466 1423 535 1488 Nos
551 1421 586 1487 B.
603 1420 666 1487 Dei
681 1419 796 1506 gracia
810 1422 882 1488 ch
897 1418 1067 1506 Hungaric
1085 1417 1349 1488 commendantes
1373 1437 1495 1484 memo-

358 1529 406 1595 rie
416 1528 648 1615 signiflcamur,
666 1526 755 1612 quod
765 1528 958 1596 constitutus
974 1548 1083 1594 coram
1100 1529 1195 1598 nobis
1208 1528 1345 1595 dilectus
1363 1531 1397 1592 et
1413 1523 1495 1590 tide·

358 1639 400 1704 lis
425 1642 534 1706 noster
558 1636 652 1704 Ekch
678 1638 790 1704 Banus
813 1636 900 1706 filius
916 1635 1009 1702 lotch
1026 1655 1067 1704 cx
1083 1644 1178 1722 parto
1194 1655 1271 1719 una,
1294 1641 1327 1700 et
1343 1634 1497 1700 Thomas

358 1746 443 1812 tilius
460 1744 518 1812 Osl
533 1763 575 1811 ex
591 1747 705 1825 altera,
731 1743 818 1810 idem
833 1744 928 1812 Ekch
957 1744 1073 1811 Comes
1089 1743 1231 1812 assernit
1256 1761 1367 1811 coram
1393 1741 1496 1808 nobis

357 1859 392 1918 at
407 1851 502 1935 dixit,
527 1851 614 1935 quod
630 1849 779 1936 predium
795 1851 908 1936 lend,
926 1850 1013 1937 quod
1029 1850 1193 1938 predictus
1208 1851 1352 1920 Thomas
1369 1848 1497 1918 Comes

357 1957 490 2025 racione
505 1955 592 2025 dotis
608 1963 641 2023 et
656 1957 847 2026 iudiciorum
863 1959 1029 2044 amiserat,
1055 1966 1088 2027 st
1104 1960 1176 2045 ipse
1200 1957 1378 2026 secundum
1406 1955 1495 2023 ordi-

357 2085 432 2134 nem
456 2067 538 2133 iuris
564 2066 717 2151 euiccrat,
744 2067 829 2135 sicut
852 2068 957 2135 sciam
982 2069 1068 2136 idem
1094 2069 1237 2136 Thomas
1263 2067 1381 2134 Comes
1404 2065 1493 2132 dixit

356 2192 466 2239 coram
491 2172 596 2257 nobis,
622 2173 666 2259 ad
688 2175 882 2260 peticionem
906 2181 939 2243 et
955 2175 1149 2244 instanciam
1173 2174 1285 2242 dilecti
1316 2181 1349 2241 et
1375 2172 1488 2240 fidelis

357 2279 462 2349 nostri
492 2278 585 2346 Chala
609 2279 760 2364 Magistri
788 2281 1053 2350 Tawarnicornm
1084 2287 1265 2350 nostorum
1290 2288 1323 2346 et
1348 2279 1490 2349 Comitis

356 2387 589 2473 Suprvniensis
613 2388 812 2457 reddidisset
828 2390 892 2476 ipsi
909 2391 1033 2458 Thome
1049 2389 1168 2459 comiti
1192 2389 1254 2457 tali
1269 2389 1378 2472 modo,
1399 2387 1488 2471 quod

357 2495 391 2560 in
407 2495 533 2562 oomnis
549 2495 660 2562 Sancti
669 2494 841 2563 Michaelis
857 2516 966 2564 coram
983 2496 1134 2584 Capitulo
1144 2496 1282 2564 Albensi
1296 2494 1486 2580 sepedictus

356 2601 500 2668 'ihomas
516 2600 632 2668 Comes
649 2601 742 2670 daret
756 2602 820 2689 ipsi
845 2603 938 2670 Eiron
956 2602 1074 2671 comiti
1089 2604 1207 2688 viginti
1224 2622 1351 2670 marcas
1368 2602 1402 2668 in
1420 2621 1485 2668 mo-

356 2715 433 2776 neta
447 2717 570 2796 nostra,
596 2731 654 2796 pro
673 2710 819 2795 qualibet
844 2729 956 2779 marca
976 2712 1268 2798 compensasset
1286 2709 1319 2776 in
1336 2718 1486 2794 argento,

355 2816 447 2884 cuins
463 2816 591 2884 decima
606 2837 682 2903 pars
703 2818 917 2885 comburatur.
945 2818 1049 2897 Quam
1065 2818 1226 2904 siquidem
1243 2836 1403 2885 summam
1427 2835 1482 2903 pe-

355 2923 449 2990 cunie
465 2923 494 2990 si
510 2943 549 2992 so
565 2923 619 2992 die
634 2923 836 3013 integraliter
845 2947 910 2994 non
923 2928 1076 3011 solueret,
1092 2934 1210 2994 extunc
1225 2927 1260 2994 in
1275 2932 1375 2993 antea
1390 2943 1482 3009 sepc-

353 3025 461 3096 dictus
486 3030 579 3097 Ekch
595 3029 711 3100 Comes
736 3039 950 3100 memoratam
977 3032 1126 3120 predium
1142 3031 1245 3100 Bclnd
1270 3033 1396 3117 absque
1412 3051 1482 3115 prc-

355 3135 540 3221 pedimento
557 3137 669 3223 aliquo
684 3137 819 3225 pacifice
844 3139 1026 3225 possideret
1041 3144 1073 3208 ct
1092 3138 1210 3223 quiete.

390 3333 425 3398 (A
436 3333 664 3388 satkssschdrrdri
675 3333 938 3403 biaonysdglavelribi
951 3339 1019 3387 mint
1028 3333 1109 3389 alibb
1124 3339 1180 3388 rat.
1192 3351 1228 3388 su.
1238 3351 1263 3387 a.
1273 3351 1290 3387 a
1300 3335 1382 3388 budai
1394 3337 1443 3386 kir.

747 3426 870 3486 kamarai
883 3422 1072 3492 lcreltdrban.)

789 3709 1037 3722 n*-
