3162 5188
812 338 969 439 ,se-

330 535 422 603 cione
447 535 565 603 iratres
581 533 814 620 Strigoniensis
830 534 976 621 Capituli
991 541 1178 604 tenerentur
1205 537 1344 605 reddere
1362 537 1477 602 abso-

328 645 435 728 lutos,
453 641 641 727 dictamque
650 661 810 711 summam
821 643 960 730 pecunie
979 643 1120 712 confessi
1137 652 1211 713 sunt
1225 645 1477 733 seadplenum

328 751 501 839 recepisse,
529 749 759 820 renunciantes
778 752 867 820 omni
883 753 957 838 iuri,
981 752 1068 837 quod
1092 753 1175 840 ipsis
1191 762 1224 821 et
1247 755 1393 841 ipsorum
1413 773 1476 821 co

328 861 438 945 gnatis
454 860 488 926 in
514 859 663 946 predicta
678 867 767 926 terra
786 859 879 926 Ebcd
904 879 1096 945 quocunque
1120 861 1215 931 titulo
1241 863 1473 950 competebat

328 969 449 1036 Datum
475 986 533 1054 per
560 986 677 1035 manus
702 967 853 1050 Magistri
870 968 1038 1055 Ambrosij
1055 969 1213 1054 Lectoris,
1237 991 1321 1039 anno
1345 969 1478 1056 macie

329 1076 505 1144 millesimo
520 1074 588 1142 00⁰
604 1075 893 1162 quinquagesim03
919 1079 1030 1144 Aaron
1048 1077 1198 1163 cantore,
1215 1077 1341 1147 Thema
1355 1077 1475 1146 tercio

331 1184 416 1274 (lgy)
433 1184 589 1270 Custode,
606 1185 709 1253 Paulo
726 1185 859 1254 Decano
875 1193 907 1253 et
923 1187 1039 1255 ceteris
1056 1187 1282 1256 existentibus.

329 1363 378 1428 (Aa
392 1366 492 1420 eradeti
512 1363 578 1419 υἱέι]
593 1368 690 1420 Knaue
702 1363 823 1430 Musici,
842 1369 957 1434 Mngyer
977 1369 1042 1420 sinn
1055 1370 1092 1419 11.
1106 1369 1163 1422 lebt.
1179 1370 1239 1422 stt.
1254 1369 1271 1419 l.
1291 1370 1324 1422 V.
1337 1373 1362 1419 ὃ.
1377 1365 1472 1434 Fejs'rr

663 1456 727 1508 Cod.
740 1455 813 1522 Dipl.
827 1457 873 1509 1v.
889 1456 944 1510 lrbt.
959 1459 984 1508 2.
998 1473 1020 1510 r.
1032 1457 1076 1507 81.
1090 1451 1120 1524 l.)

848 2210 925 2279 tle.

328 2375 550 2443 Altercsrtcsek
576 2381 757 2464 matergami
779 2378 997 2464 korrcentje'neb
1019 2376 1288 2462 bizonysriglesele,
1316 2361 1378 2438 ὅτε
1396 2375 1459 2438 bir-

635 2485 745 2550 tolrnulr
760 2487 1024 2569 batdrjctrtisdrb't.
1048 2484 1145 2549 1250.

437 2681 505 2749 Nos
520 2681 619 2748 irater
634 2682 674 2748 ll.
689 2682 846 2767 Magister
861 2688 893 2748 et
909 2680 1052 2748 uniuersi
1080 2679 1197 2746 iratres
1214 2677 1458 2746 cruciferorum

328 2791 474 2858 Ecclesie
489 2791 601 2857 Sancti
617 2790 776 2876 Stephani
788 2790 889 2875 Regis
906 2790 946 2856 de
962 2788 1129 2875 strigonio
1146 2787 1369 2872 significamus
1386 2787 1457 2869 qui·

327 2899 387 2965 bus
403 2898 536 2986 expedit
551 2897 711 2967 vniuersis
728 2897 932 2984 presencium
947 2919 1008 2984 per
1021 2902 1176 2980 tenorem,
1199 2893 1286 2980 quod
1303 2915 1377 2961 cum
1394 2915 1457 2961 nos

327 3006 421 3072 iuxta
444 3013 632 3093 preceptum
656 3007 884 3075 litteratorium
911 3007 1034 3073 domini
1059 3007 1163 3075 nostri
1189 3005 1268 3071 Bele
1284 3003 1385 3087 Regis
1411 3003 1457 3068 ed

327 3113 531 3181 statuendam
549 3114 713 3198 quandam
730 3113 972 3200 possessionem
988 3115 1052 3181 Vrs
1069 3121 1219 3181 uocatam
1239 3112 1272 3176 iu
1290 3109 1456 3177 Comitatus

325 3219 540 3304 Strigoniensi
566 3221 768 3306 existentem,
795 3221 827 3287 in
844 3222 1069 3289 concumbium
1087 3220 1254 3288 cuiusdam
1272 3217 1457 3304 possessio-

326 3329 377 3396 nis
401 3327 709 3415 Arcbiepiscopatus
732 3328 965 3413 strigoniensis
995 3327 1107 3396 securi
1131 3334 1280 3394 vocatam
1305 3326 1456 3392 Ecclesie

329 3441 362 3502 et
377 3433 680 3521 Archiepiscopatui
696 3435 910 3521 strigoniensi
940 3437 1119 3523 peripsum
1145 3433 1310 3503 dominum
1329 3434 1454 3517 Regem

327 3541 491 3624 traditum,
508 3561 580 3610 eum
596 3543 722 3610 Gemite
736 3544 913 3631 humperto
929 3543 1059 3612 homine
1069 3540 1172 3628 Regio
1187 3547 1336 3610 nostrum
1350 3540 1454 3610 bomi-

326 3669 411 3734 nem,
428 3648 553 3716 scilieet
568 3648 700 3717 tratrem
716 3651 917 3736 llyebaelem
934 3672 993 3738 pro
1010 3650 1196 3720 testimonio
1217 3646 1452 3718 transmisisse·

328 3775 410 3840 mus,
434 3755 535 3842 ijtlem
552 3755 596 3825 ad
611 3777 670 3825 nos
690 3759 814 3826 reuersi
829 3761 891 3826 boc
907 3758 1003 3828 modo
1020 3759 1217 3842 retulerunt,
1243 3755 1331 3842 quod
1344 3756 1454 3844 ipsum

326 3872 447 3933 terrem
464 3864 525 3932 Vrs
541 3865 745 3953 presentibus
770 3866 851 3954 ipsis
867 3865 1130 3953 condicionarijs,
1159 3884 1295 3951 quorum
1320 3863 1454 3932 nomina

325 3972 359 4040 in
385 3972 558 4061 priuilegio
583 3975 687 4062 ipsius
713 3973 835 4042 domini
861 3973 938 4042 Bele
958 3973 1058 4059 Regis
1083 3973 1212 4060 plenius
1237 3973 1452 4056 eontinentur,

326 4100 424 4168 super
448 4081 521 4168 ipso
547 4081 675 4151 cambio
702 4091 871 4170 emanetc,
902 4089 934 4151 et
959 4101 1070 4152 coram
1094 4081 1210 4150 ricinis
1235 4081 1339 4169 ipsius
1366 4087 1453 4149 terre

327 4187 623 4276 reembulauerunt,
641 4196 672 4258 et
683 4189 770 4258 lacta
786 4190 1207 4279 legitimareambuleeione
1217 4189 1304 4259 nullo
1321 4189 1451 4276 penitus

329 4295 574 4365 conmodicente
590 4297 686 4366 simul
702 4319 774 4368 cum
800 4298 949 4368 omnibus
965 4297 1159 4369 utilitatibus
1175 4297 1279 4386 ipsius
1297 4304 1392 4382 terre,
1418 4304 1450 4366 et

326 4401 591 4491 condicionerijs,
601 4406 905 4494 Arcbiepiseopatui
915 4405 1132 4495 strigoniensi
1142 4413 1299 4494 perpetue
1311 4405 1372 4474 sub
1387 4411 1448 4474 ter-

326 4511 423 4580 minis
440 4513 634 4583 statuissent
649 4515 882 4605 infrascriptis,
911 4514 1064 4585 uidelicet
1084 4515 1171 4602 quud
1196 4516 1306 4604 prima
1332 4513 1447 4603 (meta)

325 4618 483 4708 inciperet
499 4642 521 4689 s
535 4631 629 4710 parte
645 4625 850 4697 meridionali
866 4625 900 4695 in
916 4624 1058 4713 quodam
1074 4625 1173 4714 plano
1193 4622 1378 4711 monticulo,
1394 4622 1449 4692 rbi
