3186 5188
897 1021 974 1095 lat.

368 1219 501 1302 Omnino
517 1221 637 1289 Lotum
643 1221 759 1307 ja'drua'
780 1222 859 1310 prof
870 1245 909 1287 aa
923 1223 1022 1287 ortatu
1043 1220 1336 1287 mehercules
1351 1222 1505 1290 szdmdra

611 1328 758 1396 lakbdzot
772 1336 804 1396 c's
819 1331 996 1418 tensplomot
1002 1330 1080 1415 jetot
1093 1329 1134 1396 Η.
1151 1328 1248 1396 1244.

473 1544 644 1615 Universis
660 1544 780 1614 Obriati
793 1545 947 1615 fidelibus
969 1553 1161 1635 praesentes
1184 1544 1310 1615 litteras
1334 1547 1504 1634 inspectu-

364 1655 410 1725 ris
425 1654 617 1725 Leonarrlus
633 1654 789 1737 Quirinus
801 1654 920 1754 Comes
940 1655 1063 1726 Jadrae
1082 1676 1155 1723 cum
1169 1655 1373 1725 Consiliarlis
1384 1657 1503 1724 Marco

364 1763 554 1850 Bragadino
582 1771 615 1833 et
640 1765 793 1855 Philippo
809 1767 940 1834 Donato
956 1766 1095 1834 salntem
1109 1767 1144 1833 in
1160 1766 1303 1834 omnium
1318 1765 1516 1833 salvatore..

363 1871 578 1941 Universitati
593 1881 723 1941 veahae
739 1873 967 1961 praesentibus
978 1874 1174 1961 innotescat,
1193 1873 1368 1959 quodcum
1384 1893 1444 1942 nos
1455 1893 1500 1940 ex

363 1988 459 2066 parte
482 1979 605 2049 domini
621 1982 722 2050 Ducis
738 1983 933 2051 Venetorum
957 1982 1195 2072 recepissemus
1210 1982 1244 2049 in
1259 1982 1434 2067 mandatis,
1461 1987 1501 2048 ut

363 2085 520 2154 iratribus
535 2087 816 2174 praedicatoribus
844 2091 878 2156 in
902 2090 1020 2159 Jadria
1041 2090 1326 2174 commorantibus,
1349 2088 1499 2156 nondum

362 2202 471 2262 tamen
488 2197 595 2265 locum
611 2197 675 2267 sibi
696 2196 889 2285 deputatum
908 2199 1112 2284 habentibus,
1137 2198 1224 2265 infra
1247 2215 1356 2265 muros
1371 2197 1406 2264 in
1420 2196 1500 2265 loco

365 2303 559 2391 competenti
570 2301 742 2391 providere
757 2305 933 2391 debemus,
951 2325 1021 2372 cum
1042 2305 1190 2388 consilio,
1207 2310 1385 2372 etassensu
1396 2303 1501 2370 totins

365 2409 612 2480 communitatis
626 2411 811 2496 ledrensis,
838 2412 970 2482 domum
986 2412 1117 2479 blartini
1133 2412 1175 2478 de
1190 2413 1301 2506 lirube
1316 2431 1389 2479 cum
1405 2418 1501 2478 curto

362 2537 433 2605 sua,
458 2525 492 2587 et
516 2519 646 2588 domum
671 2520 760 2587 Petri
787 2521 964 2589 Oalcbinae
989 2520 1143 2589 similiter
1166 2540 1239 2588 cum
1263 2519 1355 2587 cuma
1374 2539 1445 2603 sua,
1465 2525 1502 2586 et

362 2628 502 2696 loculum
528 2627 703 2714 Malfredii,
729 2628 907 2716 praedictis
937 2630 1094 2699 trabibus
1120 2629 1314 2698 contulimus
1336 2633 1501 2716 perpetuo

361 2733 579 2824 possidendu3
605 2737 833 2806 salvatamen
859 2737 985 2806 ‘domini
1012 2739 1114 2806 Ducis
1132 2738 1301 2806 voluntate
1316 2743 1500 2804 reservata.

362 2842 456 2925 Quae
471 2843 597 2932 domus,
614 2865 686 2912 oum
702 2843 869 2932 praedicto
881 2845 1048 2914 blallredii
1065 2846 1192 2931 locello,
1209 2853 1242 2912 et
1256 2844 1365 2929 curiis,
1381 2843 1414 2909 in
1427 2849 1501 2912 toto

362 2958 396 3020 et
418 2971 544 3021 summa
568 2954 834 3041 comprehensae,
860 2954 1072 3023 ducentorum
1100 2960 1133 3021 et
1156 2952 1395 3041 qninquaginta
1420 2971 1501 3039 pas·

364 3080 458 3130 saum
473 3081 641 3130 numerum
656 3062 689 3129 in
706 3063 841 3131 circuitu
866 3084 931 3131 non
947 3063 1130 3147 excedunt,
1157 3069 1191 3130 et
1204 3061 1420 3129 terminantur
1433 3059 1501 3129 boc

363 3169 478 3237 modo:
495 3171 545 3238 Ex
562 3168 689 3239 duabus
705 3168 836 3257 quidem
851 3172 1000 3259 partibus
1017 3173 1073 3238 via
1083 3169 1227 3259 publica,
1244 3191 1265 3236 a
1280 3167 1498 3236 tertiaautem

361 3284 456 3364 parte
481 3279 622 3348 ecclesia
643 3280 755 3348 Sancti
780 3279 925 3348 Thomas
936 3334 945 3368 ,
971 3299 992 3346 a
1018 3287 1135 3366 quarta
1160 3299 1239 3347 vero
1262 3282 1356 3365 parte
1381 3283 1499 3343 tenuta

360 3383 535 3470 Grisogoni
565 3387 623 3453 filii
653 3387 785 3455 Diminc
815 3388 991 3456 Senaaderi
1021 3387 1217 3456 ambiuntur.
1258 3384 1498 3453 Testimonium

360 3498 533 3579 praeterea
556 3493 776 3584 perbibemus,
802 3495 890 3582 quod
906 3495 1095 3584 Capitulum
1122 3494 1292 3562 Ecclesiae
1318 3490 1497 3560 Jadronsis

360 3600 482 3667 bonam
497 3599 697 3669 volontatem
721 3603 920 3671 venerabilis
940 3605 1043 3692 patris
1067 3604 1174 3670 bonae
1189 3601 1368 3669 memoriae
1382 3600 1496 3667 Domi·

360 3705 426 3775 nici
440 3709 559 3777 Franci
576 3708 739 3793 qnondam
750 3711 1006 3800 archiepiscopi,
1022 3732 1121 3797 qnam
1140 3710 1313 3778 asserebat
1324 3706 1495 3776 sebabere

359 3816 426 3884 iam
443 3814 536 3886 dictis
552 3816 709 3886 fratribus
725 3817 766 3886 de
783 3819 930 3888 Ecclesia
945 3817 1153 3906 conferenda,
1180 3837 1218 3885 eo
1235 3813 1401 3882 demedio
1418 3814 1495 3881 snb

359 3926 438 4013 lato,
455 3945 517 3993 nec
532 3925 663 3996 valente
679 3927 841 4014 complere
856 3927 943 4014 quod
963 3926 1065 3995 voluit
1078 3927 1112 3993 in
1128 3923 1304 3994 collatione
1322 3921 1495 3990 Ecclesiae

358 4033 469 4102 Sancti
493 4031 639 4103 Thomas
663 4033 831 4121 Apostoli,
858 4034 1045 4104 omnimoda
1066 4035 1155 4101 bona
1179 4032 1347 4100 voluntate
1373 4029 1493 4116 perdu·

359 4160 432 4210 aare
457 4140 585 4210 curavit
609 4140 653 4209 ad
668 4140 830 4228 effectum,
853 4163 912 4230 per
935 4143 1108 4211 Nicolaum
1128 4140 1364 4226 Presbyterum
1386 4136 1493 4205 (lano-

357 4247 465 4316 nicum
481 4267 575 4316 suum
591 4247 724 4319 eosdem
744 4249 959 4338 investiendo,
985 4256 1018 4318 et
1033 4249 1066 4317 in
1081 4247 1323 4337 possessionem
1340 4264 1493 4331 corpora-

357 4357 421 4424 lem
437 4355 584 4426 eiusdem
600 4357 767 4427 Ecclesiae
782 4357 984 4446 inducend03
1004 4358 1150 4426 Plebano
1160 4355 1308 4423 eiusdem
1320 4352 1493 4420 Ecclesiae

359 4513 426 4531 ....
443 4464 627 4535 voluntarie
641 4465 748 4535 sidem
763 4466 933 4534 Ecclesiae
957 4465 1141 4552 resignanti
1166 4460 1421 4534 commutatione
1437 4482 1492 4529 ex·

359 4571 465 4644 hibita
480 4575 685 4662 competenti.
708 4578 746 4643 In
762 4575 854 4644 cuius
868 4582 1002 4645 noshae
1017 4574 1202 4646 donationis
1218 4571 1442 4641 testimonium
1458 4577 1492 4637 et

359 4684 457 4753 robur
473 4683 645 4774 firmimtis,
662 4692 869 4772 praesentem
884 4685 1041 4771 paginam
1058 4683 1236 4775 praedictis
1250 4679 1491 4751 iratribusoon·
