3186 5188
629 280 745 381 ΙΨ263

107 491 297 560 continue
311 493 478 561 fidelitatis
494 511 599 562 nexus
615 501 648 562 et
663 495 876 564 seruiciorum
895 498 1110 566 eminencium
1125 498 1275 584 frequen·

107 597 174 663 cia
195 601 354 688 stringit,
380 601 476 669 nobis
491 601 633 670 uberiori
657 611 768 672 nostre
794 605 906 689 gracie
932 626 1064 675 munere
1089 609 1273 676 confodere.

107 705 284 778 Proinde
299 710 342 777 ad
363 709 588 778 uniuersorum
616 712 822 798 presencium
838 719 871 780 et
890 722 1092 800 posterorum
1117 715 1272 783 noticiam

107 813 256 882 barum
274 818 359 884 serie
375 819 525 888 nolumus
550 821 730 906 peruenire,
758 821 845 905 quod
870 821 977 890 animo
993 820 1199 890 reuoluentes
1224 822 1273 887 di-

108 923 205 991 lecti
227 935 266 995 ct
279 927 387 994 fidelis
403 927 506 995 nostri
532 927 667 997 Comitis
684 929 844 998 Herbordi
860 930 919 1015 filij
937 929 995 997 Osl
1011 929 1145 998 domitis
1166 931 1271 998 conti-

109 1053 189 1100 nue
208 1033 389 1102 fidelitatis
404 1035 573 1119 obsequia,
590 1056 653 1120 que
669 1057 690 1104 a
705 1045 817 1104 tenera
833 1036 939 1104 adhuc
956 1044 1042 1106 etate
1058 1047 1171 1106 nostra
1187 1039 1273 1125 pari-

106 1149 172 1207 ter
192 1147 237 1207 et
253 1161 316 1209 sua
340 1142 375 1209 in
391 1150 504 1209 nostra
520 1141 610 1210 curia
637 1144 804 1230 educatus,
828 1145 899 1211 sine
915 1145 1155 1214 intermissione
1173 1147 1271 1214 nobis

111 1250 298 1332 exhibuit,
322 1257 401 1318 tunc
415 1252 448 1317 in
464 1259 572 1317 mente
589 1251 770 1334 statuimus,
797 1271 869 1319 eum
885 1252 1064 1339 prouehere
1083 1253 1268 1319 munificen-

111 1356 175 1422 cie
194 1357 310 1440 Regio
335 1357 519 1440 donatiuis;
545 1364 577 1424 et
593 1366 629 1424 nt
647 1355 786 1441 quedam
802 1357 844 1424 de
870 1358 980 1428 multis
1004 1359 1173 1426 fidelitatis
1198 1361 1271 1427 eius

111 1463 319 1549 obsequijs,
345 1482 408 1547 que
423 1463 556 1548 longum
583 1463 666 1532 soret
683 1464 792 1530 omnia
807 1485 972 1551 enarrare,
992 1468 1199 1553 presentibus
1215 1487 1270 1534 ex-

113 1571 329 1657 primamus,
346 1572 418 1639 vioe
434 1572 576 1656 quadam
591 1573 625 1638 in
641 1574 771 1658 Roscia,
792 1575 852 1640 sub
868 1595 990 1660 magna
1007 1581 1102 1662 porta
1118 1573 1268 1657 Gallicis,

113 1701 194 1764 que
222 1681 551 1766 uocatn1·Vngariea,
577 1679 671 1748 nobis
687 1681 871 1764 nostrisque
885 1679 1068 1749 Batonibus
1084 1681 1117 1745 in
1134 1681 1269 1768 expedi-

113 1789 228 1854 cione
245 1788 465 1875 presentibus,
481 1785 692 1854 laudabiliter
707 1785 905 1872 dimicando,
920 1787 1036 1854 dehinc
1052 1787 1155 1854 eciam
1171 1807 1269 1874 super

113 1897 272 1963 fluuium
297 1895 471 1961 Denisztur
485 1894 622 1962 viriliter
647 1915 756 1962 corum
780 1896 876 1964 nobis
891 1895 1034 1982 prestitit
1058 1895 1092 1961 iu
1107 1893 1268 1963 conflictu.

114 2003 298 2070 Reuersus
322 2007 430 2069 autem
455 2000 623 2068 nobiscum
649 2001 681 2068 in
709 2022 827 2088 eorpus
852 2002 1015 2087 Vngarie,
1042 2003 1153 2088 sepius
1177 2002 1267 2086 lega-

117 2111 247 2178 ciones
271 2118 401 2178 nostras
424 2108 541 2175 detulit
564 2116 657 2176 extra
673 2111 838 2194 Regnum;
862 2129 1015 2196 processu
1042 2129 1120 2179 uero
1144 2115 1266 2195 tempo-

121 2219 175 2282 ris
202 2237 278 2284 cum
303 2219 450 2302 Regnum
476 2223 621 2284 nostrum
637 2216 756 2285 Diuino
781 2216 912 2303 iudicio,
939 2218 990 2284 cui
1006 2217 1113 2285 resisti
1133 2237 1195 2283 non
1213 2237 1269 2303 po-

121 2333 208 2411 tost,
234 2326 359 2393 inuasit
382 2345 463 2409 gens
489 2323 645 2412 pestifera
661 2328 881 2410 Tartarorum,
908 2327 979 2414 ipse
997 2335 1065 2393 tam
1089 2327 1268 2412 possessio-

120 2453 202 2518 nes,
230 2453 330 2515 quam
346 2451 458 2498 omnes
486 2431 603 2498 fratres
623 2437 655 2498 et
671 2431 931 2517 consanguineos
954 2451 1041 2515 suos,
1068 2440 1100 2498 et
1115 2433 1199 2500 alios
1215 2451 1268 2498 oa-

123 2563 186 2610 ros
211 2541 410 2623 relinquens,
435 2541 601 2607 innostro
626 2539 764 2608 seruicio
788 2541 956 2607 nobiscum
980 2539 1024 2606 ad
1042 2549 1152 2626 partes
1172 2540 1267 2604 mari-

123 2653 234 2718 timas
257 2647 430 2728 transiuit,
460 2647 513 2712 ubi
534 2667 606 2713 cum
630 2653 741 2716 nostro
758 2647 854 2713 lateri
877 2667 936 2733 per
961 2667 1054 2715 snum
1079 2647 1266 2712 continuum

123 2759 309 2826 seruieium
344 2755 491 2836 adhesit,
533 2754 678 2822 custodie
713 2755 879 2822 karissimi
914 2756 1122 2841 primogeniti
1160 2755 1266 2822 nostri

121 2865 289 2954 Stephani
314 2863 414 2948 Regis
438 2863 598 2946 illustris,
629 2882 704 2929 eum
730 2883 801 2929 cum
827 2863 943 2946 grandi
968 2860 1088 2930 fiducia
1113 2860 1266 2928 duximus

123 2970 375 3061 deputandum,
401 2967 573 3037 statuendo
600 2988 672 3036 eum
700 2967 744 3035 ad
761 2967 975 3037 habitandum
991 2969 1023 3033 in
1041 2969 1156 3038 Castro
1173 2969 1264 3053 Glyz,

127 3083 165 3150 in
192 3081 290 3150 domo
315 3079 464 3167 proxima
489 3079 531 3145 ad
550 3079 688 3146 eundem
713 3076 923 3144 karissimum
938 3077 1190 3162 primogenitum
1209 3097 1266 3144 no-

126 3200 237 3258 strum
272 3188 469 3254 antedictum
480 3236 490 3269 ,
529 3192 565 3252 ut
600 3193 744 3272 tempore
778 3184 916 3271 periculi
949 3191 1026 3251 tunc
1054 3184 1264 3268 imminentis,

130 3318 208 3365 enm
233 3294 332 3362 lateri
348 3313 407 3361 suo
432 3292 531 3360 uelud
555 3293 719 3377 quoddam
734 3294 1014 3379 propugnaculum
1039 3292 1176 3360 haberet
1193 3313 1264 3378 pro-

130 3407 258 3471 ximum
284 3409 382 3485 atque
409 3399 518 3486 fidum,
546 3399 602 3466 vbi
628 3399 794 3467 fidelitatis
821 3399 892 3466 eius
918 3401 1004 3467 nitor
1023 3401 1176 3487 precipue
1201 3403 1265 3468 cla-

131 3513 200 3580 ruit
215 3532 326 3604 coram
342 3509 447 3595 nobis,
474 3507 529 3594 qui
545 3515 613 3574 tum
637 3509 672 3574 in
688 3515 776 3575 terra
791 3526 889 3591 quam
905 3507 988 3573 mari
1013 3508 1108 3576 nobis
1124 3527 1163 3578 eo
1187 3517 1266 3576 tem·
1347 3517 1350 3523 '

131 3639 214 3707 pore
230 3617 380 3706 inpendit
397 3614 582 3684 laudabiles
598 3614 786 3682 famulatus.
803 3612 1026 3681 Redeuntibus
1043 3621 1152 3682 autem
1167 3618 1263 3686 nobis

129 3731 174 3796 de
197 3728 348 3816 partibus
364 3724 525 3791 martimis
545 3722 628 3790 duos
644 3720 784 3806 christo,
800 3720 921 3788 accidit
930 3728 1044 3789 contra
1058 3723 1182 3790 Ducem
1201 3723 1265 3792 Au-

128 3835 213 3902 strie
229 3852 290 3902 nos
311 3833 486 3900 exercitum
505 3848 718 3915 commouere,
745 3829 869 3914 inquo,
886 3828 970 3895 sicut
996 3837 1029 3898 et
1044 3829 1078 3896 in
1093 3831 1169 3919 alijs
1192 3855 1267 3901 con·

128 3942 284 4024 dictibus,
301 3938 395 4008 nobis
411 3937 585 4007 honorifice
602 3936 790 4004 deseruiuit.
816 3937 954 4004 Demum
970 3955 1049 4005 uero
1065 3940 1127 4005 sub
1153 3947 1262 4008 castro

129 4049 287 4132 Kwszug,
309 4045 365 4114 vbi
381 4067 454 4114 cum
470 4046 540 4114 suis
555 4051 624 4112 tam
640 4045 726 4114 caris
742 4064 839 4127 quam
855 4044 983 4112 familia
998 4047 1264 4114 commendabili-

131 4158 193 4224 bus
210 4157 294 4224 actis
311 4155 419 4222 entur
435 4153 662 4239 triumphator,
686 4152 796 4220 decem
813 4173 946 4222 numero
964 4153 1005 4221 de
1020 4173 1080 4221 suo
1096 4157 1264 4224 consorcio

127 4271 206 4332 sunt
232 4262 376 4331 letaliter
401 4262 574 4347 uulnerati,
600 4283 660 4350 per
685 4282 821 4348 quorum
846 4261 1054 4330 victoriosum
1080 4263 1264 4332 conflictum

130 4371 225 4441 nobis
241 4371 331 4439 idem
355 4379 498 4439 castrum
514 4369 658 4438 reddidit
676 4371 727 4438 uis
744 4369 884 4436 celestis.
907 4368 945 4435 ln
962 4370 1148 4438 memoriam
1165 4369 1266 4456 igitur

130 4487 178 4548 tot
193 4487 226 4548 et
242 4485 407 4546 tantorum
418 4479 644 4564 seruicior(um
660 4479 747 4565 eiu)s
762 4476 1127 4564 nontamsninplenam
1143 4497 1264 4547 recom-

129 4587 375 4675 pensacionem,
403 4607 474 4655 uum
491 4587 588 4673 longe
605 4589 710 4653 minus
726 4585 780 4673 sit,
797 4583 884 4669 quod
908 4585 938 4652 ei
956 4583 1121 4654 offerimus
1146 4587 1179 4654 in
1195 4607 1266 4673 pre-
