3226 5194
912 321 1055 423 -.42⁴4

413 517 558 584 totaliter
583 537 654 584 tam
680 515 793 584 eodem
815 520 899 604 jure,
923 538 986 603 quo
1001 526 1095 605 pater
1120 527 1151 585 et
1176 538 1288 586 omnes
1315 513 1548 604 progenitores

417 625 520 712 ipsius
536 627 758 712 possidebant,
775 627 836 692 sub
853 626 975 696 eisdem
986 627 1129 714 antiquis
1146 628 1240 694 metis
1256 648 1317 714 per
1333 647 1411 695 suos
1429 637 1549 712 proge-

415 732 537 802 nitores
562 734 811 821 cirtumquaque
838 756 896 822 per
912 737 1070 803 ambitum
1088 742 1122 801 et
1138 736 1297 804 vallatum
1323 734 1478 816 eleuatis,
1508 727 1551 792 si·

417 840 483 908 mul
499 842 602 909 eciam
628 842 779 929 porcione
798 842 911 910 habita
936 843 1138 914 inflanubio
1155 849 1189 910 ct
1203 843 1319 912 insulis
1344 842 1390 910 ad
1405 840 1549 910 eandem

415 951 653 1037 possessiouem
671 949 797 1034 Dijenis
816 950 1061 1037 pertinentibus,
1084 953 1284 1019 Monastcrio
1301 949 1397 1016 Beati
1414 946 1553 1015 Martini

416 1058 457 1125 de
471 1057 571 1127 Satro
588 1058 698 1125 Monte
707 1056 875 1126 Pannonis
890 1059 1014 1126 salubri
1029 1058 1271 1127 deliberatione
1280 1057 1452 1145 prebibita
1467 1074 1551 1143 pure

366 1167 368 1182 '
419 1175 451 1234 et
476 1167 619 1254 perfecte
642 1166 731 1235 nullo
756 1166 882 1244 desua
905 1169 1107 1254 cognatione
1131 1167 1374 1234 contradicente
1399 1163 1550 1248 contulit,

414 1273 551 1342 tradidit
566 1281 599 1341 et
613 1273 749 1340 donauit
760 1275 833 1359 jure
852 1283 1010 1362 perpetuo
1026 1275 1266 1362 possidendam,
1279 1282 1313 1341 ut
1328 1273 1547 1362 prediximus,

418 1403 477 1471 pro
503 1384 650 1452 ducentis
675 1390 708 1452 et
731 1384 898 1469 octoginta
922 1385 1041 1452 mareis
1067 1384 1195 1470 argenti
1221 1386 1269 1452 sit
1293 1383 1486 1452 ardentiori
1511 1399 1548 1448 tt

416 1491 588 1560 sinceriori
604 1491 781 1560 deuotione
798 1493 957 1560 innitente
972 1514 1033 1580 pro
1049 1501 1158 1562 eterne
1175 1492 1457 1562 remunerationis
1476 1492 1548 1556 bra-

415 1604 468 1671 uio
484 1601 669 1687 obtinendo,
686 1621 728 1668 ne
747 1602 779 1668 iu
794 1602 970 1672 nouissimo
986 1603 1049 1689 die,
1066 1611 1211 1690 tempore
1220 1604 1383 1672 examinis
1403 1603 1546 1670 districti

417 1709 544 1778 luditis
560 1729 632 1777 tum
649 1711 758 1778 villico
776 1711 958 1796 iniquitatis
974 1711 1144 1797 subjaceat
1160 1712 1291 1780 ultioni.
1308 1713 1349 1778 Et
1365 1719 1545 1798 propterte

416 1826 449 1886 et
464 1819 642 1888 deuotione
657 1838 815 1888 aecensus
834 1830 867 1888 ct
882 1841 924 1887 ex
938 1819 1136 1889 authoritate
1151 1819 1286 1888 licencia
1302 1819 1427 1887 domini
1445 1820 1546 1905 Regis

415 1931 567 2017 superius
592 1930 711 1998 inserte
727 1929 771 1996 ad
796 1930 975 2015 perfectum
991 1930 1172 1998 seematius
1186 1931 1234 1996 ita
1258 1929 1501 1998 inuiolabiliter
1516 1935 1545 1993 tt

416 2037 674 2107 irreuocabiliter
690 2038 811 2106 dietam
829 2040 1072 2125 possessionem
1087 2039 1217 2124 Dijenis
1233 2060 1314 2126 sept
1330 2039 1419 2106 dicto
1435 2039 1545 2107 Mona·

416 2147 516 2217 sterio
542 2145 756 2235 appropriare
770 2154 804 2216 et
827 2154 1022 2234 perpetuare
1041 2148 1219 2234 exoptauit,
1245 2155 1279 2214 ut
1295 2147 1385 2214 nullo
1402 2165 1544 2232 unquam

416 2267 562 2343 tempore
586 2255 685 2322 alicui
711 2255 892 2325 successori
917 2256 1021 2342 ipsius
1047 2255 1145 2324 liceat
1165 2263 1326 2322 remutare
1352 2256 1407 2320 vel
1432 2255 1544 2336 abque

418 2363 551 2432 ratione
566 2368 720 2450 pretensa
736 2382 900 2449 reuocare,
926 2363 1051 2431 seilicet
1065 2370 1101 2430 ut
1121 2362 1284 2430 hereditas
1300 2369 1333 2429 et
1352 2361 1544 2430 dotalitium

419 2471 539 2559 pluries
558 2469 637 2538 dicti
662 2472 849 2538 llouaettrii
874 2477 1042 2540 remaneat
1060 2477 1219 2559 perpetuo
1245 2469 1425 2538 munimine
1451 2471 1542 2536 robo-

419 2587 501 2648 rata.
518 2579 587 2648 Nec
603 2579 655 2645 bit
671 2579 732 2647 sub
757 2578 891 2646 silentio
907 2579 1155 2665 pretereundum
1171 2579 1333 2662 duximus,
1350 2577 1440 2662 quod
1459 2579 1543 2645 idem

420 2689 503 2758 lilelr
520 2695 644 2774 septem
660 2687 772 2774 capita
787 2707 954 2756 seruorum
970 2707 1110 2772 suorum,
1136 2686 1290 2756 uidelicet
1307 2689 1377 2754 Iter
1396 2707 1473 2754 cum
1491 2687 1544 2752 tri·

422 2799 483 2866 bus
498 2796 586 2883 lilijs,
602 2803 635 2862 et
643 2795 733 2862 Bced
749 2815 821 2864 tun
838 2797 964 2865 duobus
975 2794 1062 2880 liiijs,
1079 2805 1111 2863 et
1128 2817 1226 2864 unum
1242 2796 1430 2864 libertinum
1452 2815 1543 2863 suun

421 2907 551 2975 nomine
566 2903 740 2990 Andrean,
765 2903 943 2972 existentes
959 2905 993 2970 in
1009 2905 1119 2990 sepius
1134 2909 1312 2972 memorata
1335 2905 1545 2990 possessione

421 3015 551 3100 Dijeuis
570 3015 643 3099 jam
667 3011 753 3078 dicto
777 3012 975 3080 blcnasterio
1000 3013 1110 3079 Sancti
1132 3010 1262 3078 Martini
1287 3032 1345 3098 pro
1371 3010 1492 3096 viginti
1516 3020 1545 3078 ct

421 3131 561 3214 quatuor
578 3120 696 3186 marcis
722 3119 849 3205 argenti
866 3117 1014 3186 uendidit
1023 3121 1100 3205 jure
1114 3127 1271 3206 perpetuo
1289 3124 1323 3186 et
1337 3118 1543 3188 irreuoeabili

419 3229 647 3321 possidendos,
663 3235 697 3294 et
712 3228 850 3304 taudem
868 3245 1026 3294 summam
1043 3227 1180 3314 pecunie
1194 3227 1341 3314 plenarie
1353 3234 1388 3294 et
1406 3227 1546 3312 integra-

420 3343 495 3412 liter
510 3337 633 3425 retepit
658 3335 888 3404 torsmnobis.
915 3337 958 3402 Vt
971 3335 1072 3420 igitur
1087 3336 1182 3421 buius
1201 3334 1403 3420 donationis,
1431 3334 1542 3402 rendi-

385 3491 391 3498 ·
422 3448 525 3516 tionis
540 3465 598 3514 seu
614 3442 853 3512 satisfactionis
877 3443 981 3510 series
998 3445 1096 3510 robur
1112 3450 1266 3530 perpetue
1283 3442 1450 3510 firmitatis
1465 3445 1542 3513 obti-

422 3561 509 3641 neat,
525 3553 569 3622 ad
585 3551 778 3640 petitionem
801 3550 960 3637 sepedicti
986 3551 1069 3619 Elek
1091 3549 1215 3638 pluries
1239 3547 1327 3618 dicto
1350 3552 1543 3618 Monasterio

422 3667 592 3753 presentes
608 3660 829 3728 concessimus
845 3658 972 3726 litteras
989 3657 1090 3744 sigilli
1106 3657 1208 3727 nostri
1225 3659 1402 3726 munimine
1420 3660 1542 3727 robora·

423 3781 485 3842 tas.
502 3772 597 3839 Anno
613 3766 744 3834 Domini
769 3766 944 3835 millesimo
960 3766 1180 3834 ducentesimo
1205 3765 1480 3850 quiuquagesimo
1497 3787 1541 3834 ot·

422 3891 511 3966 tauo,
526 3877 652 3947 decimo
663 3871 823 3942 kalendas
834 3873 1045 3962 Septembris.
1066 3873 1222 3958 Magistro
1234 3875 1389 3962 Philippo
1400 3875 1540 3942 Ecclesie

424 3999 532 4062 nostre
547 3990 660 4058 illecto
676 3984 751 4052 sule
766 3985 868 4068 Regis
884 3983 1196 4069 Vite-Cancellario,
1221 3985 1380 4070 Gregorio
1397 3984 1538 4068 Castore,

424 4102 589 4170 deliciano
604 4095 755 4182 Custode,
772 4092 945 4162 Ambrosio
964 4095 1096 4162 Detauo
1113 4093 1337 4162 existentibus.

588 4295 723 4360 (Eredetie
736 4315 752 4352 a
764 4255 955 4368 paunonbalmi
968 4295 1167 4366 ldapritaignalr
1180 4293 1387 4362 levdltirtbtn.)

860 4599 1115 4612 —n—-n-ffl
