3252 5198
324 986 540 1073 Aveszprdmt'
564 983 785 1072 kdptaluuuak
811 985 1080 1073 biaooysdpleeele,
1104 986 1184 1075 lopy
1199 1011 1222 1052 a
1236 988 1461 1076 sepas-Rad-

453 1093 531 1158 vam'
546 1093 715 1180 omnip
731 1093 839 1180 topjae‘
853 1093 1088 1180 birtokosatdlyt
1103 1095 1209 1162 tettela
1226 1097 1326 1160 1235.

417 1273 487 1339 llos
497 1271 656 1339 Nicolaus
673 1269 714 1337 de
725 1269 813 1336 (lara
822 1269 928 1356 Regni
937 1270 1107 1357 Hungarie
1116 1271 1287 1340 Palatinus
1297 1281 1332 1340 et
1347 1275 1368 1342 J
1370 1275 1455 1343 udex

330 1381 549 1449 Cumanorum
574 1380 635 1447 stb.
654 1376 690 1466 (a
705 1378 816 1446 leleszi
839 1378 1060 1469 konventhez)
1075 1379 1253 1466 Noueritis‚
1279 1379 1367 1465 quod
1383 1401 1458 1450 eum

326 1490 457 1557 Mantus
481 1491 568 1557 filius
584 1490 738 1572 Mathyus
764 1488 805 1553 de
821 1489 920 1572 Isyp‚
948 1495 980 1555 et
995 1487 1153 1555 Nioolaus
1178 1489 1219 1555 de
1240 1487 1342 1556 Chele
1357 1510 1457 1578 super

324 1598 413 1666 laeto
424 1597 560 1664 duarum
570 1598 717 1683 paroium
726 1596 973 1682 possessionum
984 1597 1107 1679 Lunoh,
1118 1597 1299 1682 Meggyezo
1309 1601 1342 1664 et
1350 1597 1457 1683 Zada,

324 1708 403 1774 item
429 1705 602 1776 medietate
629 1703 874 1791 possessionum
889 1703 1074 1788 Nogkazon
1101 1713 1133 1771 et
1149 1703 1241 1770 Lank
1267 1712 1456 1773 vocatarum

323 1819 359 1884 iu
384 1813 546 1881 comitatu
580 1813 801 1898 Zemlyuieusi
832 1812 1066 1896 existentium,
1100 1813 1296 1898 Magistrum
1321 1817 1456 1881 Petrum

324 1922 426 1990 lilium
440 1920 621 2008 Myehaelis
639 1921 679 1987 de
694 1920 788 2005 Dob3
807 1919 887 1985 item
903 1917 990 1986 idem
1005 1919 1140 1986 llarluus
1151 1957 1195 1968 —-
1205 1919 1456 2005 -Magistrum

324 2033 465 2115 Petrum,
491 2049 553 2097 neo
568 2049 633 2095 nou
649 2027 843 2094 Michaelem
858 2026 960 2093 tilium
977 2027 1149 2106 Johauuis,
1174 2027 1335 2096 Thomam
1350 2027 1455 2098 filium

323 2138 493 2226 Stephani,
509 2146 542 2206 et
557 2136 748 2204 Ladizlaum
764 2135 866 2202 tilium
877 2134 1029 2203 Ladizlai
1044 2157 1143 2224 super
1159 2137 1246 2206 facto
1261 2139 1364 2207 teroie
1378 2160 1454 2226 par·

324 2249 367 2317 tis
392 2246 614 2336 possessionis
630 2245 777 2330 llyhaly,
803 2243 948 2329 Monyak
964 2283 1009 2294 -
1024 2283 1069 2292 —-
1084 2283 1128 2293 -
1144 2283 1189 2295 --
1203 2253 1393 2315 vocaturum
1419 2247 1454 2314 in

324 2356 440 2427 eodem
456 2355 619 2422 (lomitatu
636 2352 857 2437 Zemlynieusi
872 2353 1087 2420 existeuoium
1103 2353 1166 2420 stb.
1190 2354 1318 2439 (Bebek
1334 2353 1453 2421 Detrik

322 2464 427 2532 nidor
451 2463 645 2530 elutt1404.
673 2460 739 2545 „ad
755 2467 892 2528 octauas
916 2459 992 2527 festi
1012 2461 1272 2548 Epiphaniarum
1296 2463 1450 2530 Domini“

321 2570 423 2659 perbe
438 2569 582 2654 vonttk3
608 2566 649 2635 de
666 2589 687 2634 a
702 2567 865 2656 hattrnap
880 2569 1045 2636 tdbbszdri
1062 2568 1352 2636 elhalaszttstnak
1368 2569 1451 2654 lely-

322 2683 391 2764 ttn,
417 2697 455 2744 az
471 2685 538 2761 dgy
554 2681 638 2744 most
653 2675 909 2759 tirgyaltatvtu‚
938 2678 1077 2762 „Petrus
1091 2677 1133 2743 de
1149 2677 1246 2744 Dob“
1262 2677 1378 2762 uyoloz
1394 2677 1452 2745 olu-

322 2790 438 2870 mtnyt
456 2788 559 2850 mutat
574 2781 634 2870 fel)
660 2783 834 2868 septimam
853 2788 998 2850 nostram
1013 2782 1067 2848 hio
1082 2783 1174 2850 Bude
1197 2783 1451 2870 quadragesimo

321 2916 408 2963 nouo
425 2892 478 2960 die
489 2900 680 2961 ootauarum
696 2890 772 2958 festi
782 2891 1041 2977 Epiphaniarum
1052 2892 1184 2959 Domini
1200 2913 1286 2961 anuo
1303 2892 1450 2960 eiusdem

322 3003 494 3071 millesimo
520 3000 841 3087 quadringentesimo
867 3005 982 3085 quarto
1003 3007 1200 3086 emanatam,
1225 3002 1397 3068 habentem
1413 3002 1449 3069 in

322 3131 359 3179 se
374 3115 521 3178 tenorem
544 3109 641 3175 trium
657 3107 840 3175 litterarum
854 3107 889 3172 in
899 3106 1026 3192 judioio
1042 3127 1153 3176 eoram
1178 3108 1271 3176 nobis
1289 3109 1450 3177 exhibita·

320 3239 399 3304 rum,
425 3241 523 3287 unam
540 3216 684 3305 Capituli
699 3217 964 3303 Wesprimieusis
990 3237 1075 3283 auno
1100 3217 1212 3302 gracie
1236 3219 1282 3285 Μο
1297 3218 1450 3287 dueente-

322 3329 405 3396 simo
421 3326 584 3394 tricesimo
600 3324 736 3409 quinto“
752 3324 815 3390 stb.
827 3361 872 3372 -·-
882 3363 927 3373 -
937 3325 1046 3392 Teuor
1061 3345 1139 3393 vero
1156 3325 1241 3393 dioto
1252 3327 1361 3392 littere
1376 3347 1450 3412 pre·

322 3437 383 3503 fati
400 3432 544 3519 Capituli
558 3431 836 3518 Wesprimyensis
861 3431 894 3496 in
911 3430 1016 3498 dietas
1032 3432 1158 3500 litteras
1177 3427 1309 3501 nostras
1327 3434 1449 3504 inserte

319 3538 604 3620 commemorabat,
632 3537 720 3622 quod
735 3537 902 3605 constituti
919 3559 1028 3605 eoram
1044 3538 1117 3624 ipso
1137 3538 1287 3627 capitulo
1303 3543 1449 3627 Paugra-

320 3653 401 3734 eius,
417 3647 613 3736 Stephanus,
626 3645 772 3732 Alberth,
790 3646 886 3713 Peter
902 3649 1073 3714 etMareus
1090 3647 1131 3714 de
1150 3668 1268 3733 genere
1283 3649 1449 3736 Bogadra-

320 3758 439 3826 dowau
465 3755 635 3837 dixissent,
666 3751 754 3836 quod
778 3752 843 3840 ipsi
864 3753 1108 3840 possessionem
1132 3775 1241 3822 eorum
1267 3757 1447 3844 antiquam,

320 3863 422 3951 (eum)
438 3861 601 3928 libertinis
617 3867 650 3928 et
665 3859 778 3944 vineis,
800 3868 909 3947 preter
923 3869 1053 3946 terram,
1071 3882 1135 3947 que
1150 3863 1266 3930 iuismt
1281 3863 1315 3929 iu
1325 3865 1446 3953 Halap,

317 3972 362 4039 ad
380 3978 446 4039 tres
461 3977 583 4058 partes,
611 3968 707 4037 modo
724 3975 756 4037 et
772 3969 885 4037 ordine
899 3970 1019 4037 litteris
1044 3970 1079 4037 in
1095 3971 1217 4038 eisdem
1242 3973 1444 4061 oonsoriptis,

317 4077 507 4146 diuisissent
523 4078 585 4145 stb.
600 4115 645 4126 -
660 4113 704 4126 -
719 4079 842 4144 Datum
857 4077 948 4145 Bude
965 4079 1171 4164 sexagesimo
1185 4078 1238 4147 die
1253 4086 1446 4151 oetauarum

316 4187 394 4255 festi
403 4185 499 4253 Beati
514 4185 694 4270 Myehaelis
709 4185 909 4271 Arohangeli
924 4205 1011 4253 auno
1028 4185 1161 4253 Domini
1177 4185 1351 4254 millesimo
1368 4209 1446 4272 qua-

316 4294 571 4381 dringentesimo
586 4315 684 4391 nouo.

313 4458 412 4529 (Garsi
424 4455 525 4511 Miklds
537 4454 623 4510 nidor
632 4455 851 4512 ittleueveltnek
864 4458 982 4510 suadetis
995 4473 1012 4511 a
1023 4459 1108 4511 budai
1118 4460 1169 4510 luit.
1181 4459 1305 4512 kamarai
1319 4458 1444 4515 levdlttr-

522 4552 594 4612 bau3
613 4566 640 4601 v.
654 4555 678 4602 o.
692 4547 926 4617 gytjtomtnyunk
939 4552 959 4602 1.
974 4551 1030 4604 ket.
1045 4553 1107 4603 282.
1121 4549 1244 4620 submit.)
