3210 5194
900 913 958 983 ol.

364 1098 412 1166 A:
427 1095 610 1184 esztmpomi
624 1094 847 1181 kopsazaooat
860 1091 1133 1180 bizouprdplerele,
1158 1091 1239 1180 iopy
1253 1089 1370 1174 stated,
1391 1089 1498 1154 Hoto-

363 1205 488 1272 bnruok
504 1203 564 1290 flu,
588 1201 736 1267 Rotrnan
764 1200 900 1268 tientes
928 1199 1079 1265 Koloneia
1095 1198 1226 1284 flainek
1250 1197 1369 1264 eladto.
1394 1197 1497 1264 1243.

730 1375 1116 1445 ABOD

480 1557 625 1625 thiiles
650 1556 773 1624 Diniuo
798 1555 1014 1624 miseracione
1039 1553 1228 1640 Propositus
1253 1552 1493 1637 Strigouieusis

361 1664 611 1750 uniuersumque
627 1660 773 1731 eiusdem
797 1662 863 1732 looi
880 1661 1067 1748 Capitulum
1083 1661 1234 1730 omnibns
1254 1665 1424 1748 presentes
1440 1659 1494 1728 iit·

361 1777 447 1838 teras
463 1771 657 1859 inspecturis
674 1769 812 1837 salutem
829 1769 863 1835 in
879 1768 1019 1837 Domino
1037 1769 1118 1836 Jesu
1136 1767 1274 1837 christo.
1296 1767 1348 1833 Ad
1362 1766 1494 1834 uniuer-

360 1897 469 1946 sorum
485 1877 800 1946 notioiamvolumns
816 1876 998 1963 peruenire,
1019 1875 1107 1960 quod
1117 1872 1227 1943 Onsud
1243 1873 1329 1941 filius
1340 1873 1494 1941 Hatubur

359 1985 394 2051 iu
409 1993 521 2053 nostru
548 1984 743 2053 constitutus
768 1983 949 2070 presencie,
976 2004 1035 2051 suo
1050 1986 1146 2052 nobis
1169 1983 1333 2051 relacione
1359 1982 1493 2050 demon-

361 2092 489 2177 strauit,
516 2090 604 2175 quod
620 2088 828 2158 medietatem
853 2096 939 2158 terre
957 2091 1108 2159 Ruhmon
1132 2111 1191 2178 pro
1208 2110 1267 2157 sex
1292 2088 1410 2156 merois
1440 2111 1494 2158 ar-

360 2199 460 2286 genti,
478 2207 510 2266 et
526 2198 735 2265 medietatem
755 2198 922 2266 cuiusdam
942 2207 1029 2265 terre
1045 2199 1179 2266 ulterius
1195 2195 1350 2265 videlieet
1364 2198 1492 2264 Tosne·

360 2307 473 2393 poley,
490 2326 553 2391 qne
570 2312 620 2373 est
636 2306 701 2374 site
717 2307 810 2372 iuxta
826 2313 948 2374 terram
964 2306 1129 2390 Kolenda,
1146 2327 1205 2393 pro
1222 2303 1349 2373 duobus
1366 2306 1491 2373 mareis

358 2416 485 2499 argenti
500 2415 570 2482 iure
585 2414 782 2484 hereditario
800 2434 984 2502 possessas,
1001 2415 1102 2481 Petoh
1119 2421 1152 2482 et
1166 2413 1259 2480 irntri
1270 2411 1416 2481 eiusdem
1431 2435 1489 2482 uo·

361 2522 448 2589 mino
464 2521 652 2609 Benedioto,
678 2521 757 2608 firijs
782 2521 871 2589 Petri
897 2522 938 2589 de
954 2519 1117 2606 Kolenda,
1141 2521 1303 2590 vendiditt
1327 2527 1490 2607 perpetuo

358 2627 594 2715 possidendns;
624 2633 656 2694 et
671 2626 759 2694 idern
776 2626 887 2694 Ousnd
902 2627 1072 2715 professus
1089 2633 1148 2713 est,
1175 2626 1297 2693 dietam
1312 2629 1489 2712 peouniurn

358 2736 505 2822 plenarie
529 2735 704 2821 recepisse.
740 2733 840 2801 Cuius
866 2734 970 2802 seiam
995 2741 1082 2803 terre
1106 2733 1255 2801 Rnhman
1281 2734 1489 2802 medietatem

359 2842 458 2908 sliam
475 2841 675 2908 Lenduenus
701 2850 733 2908 et
750 2841 940 2926 Gregorius,
962 2843 1161 2927 jobugiones
1179 2841 1288 2909 Casiri
1302 2840 1489 2926 Neugradi-

356 2949 445 3017 ensis
461 2948 503 3013 ab
520 2946 636 3014 eodem
652 2946 763 3015 Ousnd
780 2968 978 3035 possessam,
999 2949 1215 3016 vendiderunt
1235 2949 1358 3016 eisdem
1381 2949 1486 3016 Petoh

356 3063 389 3123 et
403 3055 590 3140 Benedioto‚
607 3064 703 3143 prout
718 3057 752 3122 iu
769 3057 886 3124 litteris
902 3057 1024 3124 uostris
1041 3056 1205 3145 prioribus
1223 3057 1423 3141 continetur3
1453 3063 1486 3124 et

356 3166 403 3232 ite
419 3165 530 3234 totalis
557 3172 645 3231 terra
660 3163 810 3230 Rnhmnu
826 3163 870 3230 nd
894 3165 945 3231 ins
964 3171 995 3232 et
1019 3165 1197 3232 dominium
1211 3164 1311 3232 Petoh
1336 3170 1369 3232 et
1384 3163 1487 3232 Bene·

355 3271 434 3338 dieti
458 3277 703 3357 prenotatorum
720 3277 770 3337 est
787 3271 940 3338 deuolute
955 3274 1040 3341 iusto
1061 3272 1156 3338 titulo
1177 3271 1363 3358 empoionis.
1391 3272 1486 3340 Gorn-

356 3377 498 3444 metnnei
524 3383 632 3445 eutem
657 3385 744 3445 terre
769 3379 920 3446 Ruhrnsu
947 3387 1023 3448 sunt
1046 3380 1117 3465 hy:
1142 3379 1259 3465 Arrun,
1291 3381 1368 3466 Isyp
1396 3380 1485 3447 filius

355 3483 471 3567 Pulon,
489 3491 522 3551 et
537 3483 659 3550 Fulons
675 3485 762 3552 filius
777 3485 916 3555 Pouohe.
941 3488 984 3554 Vt
998 3488 1099 3573 igitur
1120 3507 1222 3573 supra
1241 3487 1328 3554 dioto
1352 3506 1485 3575 posses-

357 3591 406 3657 sio
423 3591 518 3657 salna
534 3612 661 3677 semper
678 3601 870 3679 permaneat
885 3603 919 3662 et
934 3597 1139 3679 inoououssa,
1162 3614 1260 3682 super
1275 3595 1338 3663 hoo
1352 3615 1485 3682 presen-

355 3702 406 3764 tes
432 3698 559 3765 litterus
585 3701 805 3768 oonoessimus
837 3702 940 3787 sigilli
964 3703 1065 3772 nostri
1090 3702 1267 3770 munimine
1299 3704 1481 3775 roboratas.

354 3805 477 3872 Datum
488 3827 547 3892 per
558 3807 978 3895 munnsLioordiLsotoris,
989 3832 1074 3879 euno
1085 3809 1481 3896 graoien⁰cc0xn⁰111⁰.

355 3912 543 3980 Venerabili
554 3921 647 4000 patre
657 3924 769 3985 nostro
777 3917 944 4002 Stephano
952 3917 1214 4005 Arohiepisoopo‚
1222 3920 1319 3987 Petro
1328 3918 1481 4005 (tentore,

351 4019 500 4086 Fabiano
517 4021 661 4105 Deoeno,
673 4022 847 4091 Ambrosio
857 4021 1012 4112 Custode,
1029 4023 1211 4108 ueterisque
1222 4023 1396 4093 Onnouiois
1412 4026 1483 4094 feli-

352 4126 433 4192 oiter
455 4126 679 4196 existentibus.

358 4322 487 4376 Ersdstie
500 4323 676 4393 birhtrtytn,
691 4327 812 4395 npeostt
821 4331 958 4392 elvesuett,
972 4342 989 4379 a
1002 4327 1104 4384 fimelt.
1118 4329 1235 4396 horeneg
1245 4329 1411 4399 Esuterhtny
1421 4347 1481 4386 ens·

752 4415 852 4470 itduuk
864 4414 1074 4483 levolttrtbnn.)

779 4665 1043 4679 —fl-—
