3210 5194
873 325 1028 428 22..
1145 417 1146 421 s

382 520 461 585 bent
475 520 602 588 soluere
618 520 823 605 ehybrioues.
850 521 926 588 Tali
941 527 1050 589 temen
1065 528 1180 591 tenore
1202 523 1408 611 interposito,
1425 525 1518 608 quod

382 628 411 693 si
427 628 532 694 dietus
547 628 588 693 Η.
608 628 724 695 Comes
748 649 808 714 pro
832 628 921 696 dieta
936 635 1025 696 terro
1044 630 1158 715 eliqua
1184 632 1434 718 superueniente
1460 651 1518 698 eu-

382 737 531 822 lumpnie
557 754 615 822 per
640 737 785 820 aliquem
809 738 1038 824 impeteretur,
1064 738 1204 824 predieti
1227 738 1376 808 homines
1402 739 1515 826 ipsum

381 843 557 914 defendere
573 851 770 914 tenerentur.
795 846 849 913 Ad
868 847 961 916 euius
975 847 1181 915 vendicionis
1205 853 1238 913 et
1253 847 1431 933 empcionis
1448 865 1517 915 me·

380 953 516 1018 moriem
530 952 708 1040 pleniorem
733 959 764 1020 et
780 952 1004 1021 inuiolabilem
1024 953 1221 1035 firmitatem,
1246 959 1413 1038 presentes
1427 952 1514 1020 litte

379 1079 435 1128 ras
450 1081 511 1146 pro
526 1060 713 1128 testimonio
738 1061 956 1129 ooneessimus
973 1059 1076 1146 sigilli
1090 1059 1195 1127 nostri
1219 1059 1397 1127 munimine
1416 1062 1514 1130 robe

380 1173 480 1234 retes.
513 1169 649 1237 Datum.
664 1187 723 1254 per
755 1187 871 1235 manus
897 1167 1059 1235 Jobennis
1084 1167 1251 1252 Leetoris,
1284 1187 1369 1234 enno
1398 1169 1516 1252 grauis

378 1276 424 1342 bl⁰
434 1274 498 1342 00⁰
511 1276 623 1342 ΧΧΧο
633 1277 748 1343 villu.
773 1274 964 1343 Venerabili
979 1275 1015 1342 in
1032 1273 1162 1342 Christo
1186 1278 1282 1361 petre
1305 1282 1416 1344 nostro
1432 1275 1516 1341 Bur-

379 1383 543 1451 tbolomeo
567 1384 747 1470 Episcopo,
770 1382 910 1450 Heurioo
939 1383 1121 1469 Proposito,
1148 1383 1331 1449 Laureneio
1357 1381 1514 1469 (lentore,

378 1490 516 1578 Methye
531 1490 674 1558 custode
693 1490 918 1559 existentibus.

378 1685 414 1753 (A
425 1687 574 1754 vessprdmi
583 1685 715 1755 lrdptulen
726 1689 836 1740 teos-ki
849 1685 1003 1750 dimutdbdl,
1012 1689 1085 1754 mely
1094 1703 1112 1740 u
1121 1684 1187 1740 etro
1196 1684 1401 1753 Meduytnsuky
1413 1685 1513 1740 essldd

708 1775 821 1828 beenlrdi
832 1773 1017 1829 levdltdrtbun
1030 1775 1175 1840 bmntetilu)
1309 1843 1319 1850 η

812 2085 1073 2099 ι--ιι--ρ

910 2599 966 2667 ol.

377 2796 425 2862 Ae
441 2799 540 2884 epreet’
554 2797 747 2862 boeronensis
763 2795 1024 2881 bizonyedplevele
1040 2795 1160 2862 Miller
1175 2817 1273 2861 eomes
1289 2795 1507 2883 deprendelks·

816 2904 943 2969 zdedrdl.
969 2905 1067 2973 1239.

484 3099 653 3167 Vniuersis
663 3097 785 3166 Christi
800 3097 950 3166 fidelibus
959 3106 1028 3165 tem
1046 3098 1255 3184 presentibus
1270 3119 1370 3186 quum
1386 3097 1505 3166 futuris

376 3211 560 3294 presentem
591 3206 749 3290 peginam
773 3204 967 3289 inspecturis
991 3203 1093 3271 buter
1117 3205 1158 3272 A.
1184 3205 1290 3274 diemo
1314 3206 1431 3272 Abbss
1462 3205 1506 3272 de

372 3315 477 3400 Egres
492 3321 525 3380 et
540 3312 685 3379 eiusdem
700 3310 765 3396 looj
783 3309 971 3378 conuentus
985 3312 1125 3379 salutem
1148 3311 1183 3378 iu
1199 3312 1330 3380 domino
1346 3311 1415 3380 uite
1429 3331 1503 3399 pre·

375 3421 478 3488 sentis
505 3427 537 3486 et
551 3419 671 3487 future.
698 3419 836 3485 Nouerit
850 3419 1050 3486 uniuersitss
1065 3426 1186 3505 uestra,
1215 3420 1305 3506 qnod
1327 3439 1403 3486 oum
1416 3421 1505 3487 bone

373 3526 530 3594 memorie
553 3525 594 3594 N.
612 3524 729 3591 Comes
755 3525 795 3590 de
820 3523 985 3612 Guedeob,
1012 3525 1116 3594 freter
1129 3528 1168 3593 V.
1194 3525 1430 3611 Strigouieusis
1444 3528 1505 3592 Ar·

375 3633 586 3720 ehiepisoopi,
605 3632 770 3698 laboraret
789 3630 826 3697 -in
842 3633 1005 3718 extremis,
1020 3636 1061 3700 A.
1075 3641 1153 3702 tuno
1167 3634 1327 3720 temporis
1342 3634 1501 3717 Priorem,

373 3743 406 3810 S.
418 3740 637 3826 Subpriorem,
653 3740 694 3805 H.
707 3738 883 3807 Custodem
898 3747 1044 3808 nostrum
1059 3741 1104 3808 ed
1122 3761 1159 3809 se
1174 3739 1253 3810 feeit
1262 3741 1419 3810 eoesrsiri
1429 3761 1504 3810 eon-

373 3845 526 3930 lessione,
543 3845 631 3929 quod
646 3845 816 3912 sulutifera
831 3847 1042 3933 peecatorum
1050 3848 1213 3934 permissa
1229 3849 1357 3916 litteras
1376 3848 1504 3915 domini

373 3959 412 4022 A.
429 3959 461 4020 et
476 3953 513 4018 B.
529 3953 666 4038 Regum,
691 3961 724 4019 et
740 3951 882 4040 Capituli
898 3953 1053 4022 Albensis
1078 3954 1201 4022 eisdem
1224 3955 1343 4023 obtulit
1357 3955 1504 4023 testimo-

371 4061 487 4146 nieles,
505 4058 591 4146 quod
600 4060 678 4127 dum
688 4060 762 4147 ipse
770 4061 934 4147 prosperis
950 4061 1058 4129 adhue
1067 4061 1273 4130 habundaret
1283 4062 1503 4147 suooessibus,

370 4167 661 4256 possessionesque
686 4175 812 4236 suaset
836 4169 952 4255 predis
974 4170 1009 4235 in
1031 4177 1170 4253 quatuor
1194 4174 1306 4255 partes
1332 4166 1503 4236 diuisisset

369 4277 474 4344 tribus
497 4277 582 4360 liliis,
599 4279 695 4344 Isaeo
710 4276 845 4360 scilieet,
861 4276 1045 4345 Laureneio
1061 4281 1094 4344 et
1109 4276 1261 4361 solenni,
1283 4284 1412 4363 portem
1426 4296 1502 4362 pro·

326 4405 328 4408 ·
371 4385 476 4470 prium
493 4384 626 4450 cuilibet
642 4383 863 4470 assignend05
889 4405 930 4452 ne
945 4405 1003 4471 per
1019 4385 1089 4470 ejus
1105 4383 1228 4451 obitum
1247 4381 1415 4451 diseordie
1429 4387 1503 4470 pul-

370 4495 488 4560 lularet
513 4491 738 4580 interitiones,
764 4501 902 4579 exeepta
928 4503 1017 4561 terra
1031 4493 1139 4577 Houd,
1165 4512 1262 4576 quom
1278 4491 1351 4578 ipse
1375 4491 1504 4561 dimisit

368 4601 403 4666 in
418 4619 605 4684 eommune3
631 4609 781 4683 quartem
796 4608 923 4685 purtem
947 4609 1056 4668 amen
1070 4600 1175 4668 libere
1201 4599 1265 4666 sibi
1281 4606 1499 4685 reseruusset,
