3168 5186
577 316 737 462 ,pp

84 557 177 642 quod
187 557 372 644 in'publicis
383 551 633 645 'represaliarum
645 577 755 626 eorum
770 557 1071 652 (titteris)apertius
1082 564 1234 632 contine

83 673 149 732 tor.
167 663 293 734 Idcirco
305 663 427 731 domini
438 663 580 734 Michaei
592 665 740 752 Bongole
752 673 783 736 et
794 662 1226 756 Johannesltagnaniciues

83 779 119 840 et
137 771 366 846 ambaxatores
381 773 527 860 ragusii,
544 796 588 842 cx
604 758 808 860 plenitudine
834 779 1000 860 generalis
1025 779 1223 846 commissio-

83 879 141 949 nis
157 881 220 950 sibi
236 881 322 950 facte
338 901 359 950 a
376 883 506 950 (inmite
523 887 554 951 et
570 881 742 951 Judicibus
768 892 800 953 et
816 885 1031 972 Conciliariia
1058 907 1130 954 oum
1155 885 1224 954 iau-

82 986 226 1056 dacione
250 987 363 1084 populi
389 987 477 1057 dicte
504 989 659 1060 Ciuitatis
684 989 823 1081 Ragusij
850 993 912 1080 stt.
924 1044 933 1078 ‚
959 1014 1032 1062 com
1068 993 1225 1081 predictis

81 1095 249 1166 Oarbonto
266 1097 385 1182 Angeli
405 1101 438 1164 et
453 1095 579 1167 Jacobo
596 1099 637 1167 de
657 1096 840 1170 Patinianis
856 1102 983 1174 ciuibus
994 1101 1218 1191 Anconitanis,

82 1205 219 1274 nomine
232 1226 294 1288 ,suo
311 1209 344 1272 et
359 1205 496 1276 oliorum
512 1206 633 1279 ciuium
648 1209 790 1298 Ancona
809 1231 890 1298 quos
905 1212 965 1280 heo
982 1233 1034 1282 res
1051 1211 1223 1299 contingit,

82 1317 145 1400 qui
160 1313 298 1382 tuissent
312 1315 366 1382 vei
385 1315 549 1385 misissent
575 1315 608 1384 in
635 1315 724 1384 dicta
749 1337 836 1389 naue
861 1327 938 1388 tunc
964 1322 1132 1410 temporis,
1159 1341 1221 1406 qun

81 1419 276 1490 huiusmodi
294 1421 427 1490 amissio
443 1430 476 1490 et
491 1423 615 1491 ablatio
631 1423 720 1494 facta
735 1425 795 1493 tuit
811 1423 851 1496 do
868 1427 1019 1497 omnibus
1035 1435 1067 1496 et
1082 1426 1223 1514 singulis

82 1531 304 1618 supradictis,
320 1539 353 1600 et
370 1531 412 1600 de
428 1531 589 1616 omnibus,
607 1547 670 1619 que
686 1533 750 1622 ipsi
776 1535 863 1603 ciues
889 1535 1087 1606 Anconitani
1112 1537 1222 1606 huius-

82 1641 176 1708 modi
192 1641 363 1718 occasione
378 1647 493 1709 contra
507 1642 654 1730 homines
680 1651 713 1712 et
736 1645 926 1726 Commune.
940 1645 1091 1726 Ciuitatis
1114 1648 1221 1734 Ragn-

81 1749 127 1818 sii
144 1757 257 1836 petere
271 1749 322 1820 uei
335 1748 544 1838 {demandare
570 1759 705 1838 possent
729 1773 831 1838 usque
855 1753 889 1822 in
914 1745 1104 1822 hodiernum
1128 1741 1227 1839 dtem‚'

83 1858 131 1924 ad
156 1858 257 1926 telem
282 1876 408 1945 pacem,
434 1857 661 1946 concordiam,
688 1861 942 1930 transactionem
968 1865 1002 1928 et
1026 1862 1222 1930 amicabiles

86 1969 359 2060 compositionem
378 1965 586 2054 devenerunt,
602 1967 755 2037 videlicet
770 1971 856 2054 quod
871 1970 953 2037 dicti
968 1969 1058 2039 ciues
1082 1969 1222 2038 Anconi-

85 2075 162 2146 tani
189 2076 339 2163 predicta
355 2095 459 2145 causa
475 2075 620 2143 habeant
635 2082 668 2144 et
683 2078 847 2145 retineant
860 2077 924 2146 sibi
949 2084 1051 2146 totam
1075 2097 1222 2167 repress-

84 2185 169 2252 liam
185 2184 258 2254 siue
275 2203 339 2272 res,
357 2203 440 2270 quas
456 2183 521 2272 ipsi
536 2182 730 2253 habuissent
745 2186 798 2254 rel
815 2185 1018 2274 accepissent
1038 2185 1223 2253 hominibus

83 2293 224 2379 Ragusii
240 2289 464 2378 usquemodo,
486 2290 658 2360 occasions
683 2290 842 2361 dictarum
869 2294 1132 2380 represaliarum‚
1159 2313 1223 2378 que

83 2425 140 2472 res
155 2402 269 2471 habite
292 2400 345 2470 uei
370 2405 504 2486 accepte
529 2401 666 2488 capiunt
683 2421 846 2474 summam
866 2403 1115 2491 extimationem
1131 2402 1223 2470 mille

84 2517 278 2582 sexcentum
294 2516 327 2577 et
343 2514 470 2597 septem
494 2507 654 2577 librarum
680 2511 976 2599 Anconitanamur3
1002 2532 1085 2597 quas
1112 2532 1165 2580 res
1191 2517 1224 2578 et

86 2617 335 2690 extimationem
358 2619 540 2704 predictam
566 2618 644 2686 dicti
669 2621 916 2689 ambaxiatores
941 2620 1101 2705 ngusini
1125 2619 1224 2689 dictis

85 2728 214 2798 civibus
232 2725 445 2795 anconitanis
463 2726 664 2811 reliquerunt
678 2727 721 2796 do
739 2729 829 2812 Deo,
847 2734 882 2795 et
895 2728 1077 2796 liberaliter
1086 2747 1216 2796 conces-

88 2841 213 2903 serunt.
230 2832 369 2920 insuper
383 2830 527 2919 predicti
541 2832 784 2903 annariatores
800 2833 960 2918 Ragusini
975 2835 1105 2902 nomine
1131 2836 1222 2903 (iom-

89 2944 201 3011 munis
218 2941 321 3030 ipsius
338 2942 492 3010 Civitatis
507 2941 644 3026 Rugusii
660 2948 694 3010 et
709 2929 874 3012 hominum
890 2941 1035 3011 ciusdem
1052 2925 1135 3010 terre
1161 2962 1221 3029 per

85 3047 333 3139 stipulationem
350 3048 568 3136 promiserunt
583 3051 663 3118 dare
679 3055 712 3118 et
727 3051 857 3119 soluere
873 3049 1032 3139 predictis
1058 3049 1220 3142 Carbonio

86 3169 121 3231 et
137 3159 263 3229 Jacobo
287 3158 522 3245 recipientibus
547 3180 606 3247 pro
632 3179 669 3228 se
694 3166 727 3227 ot
752 3159 900 3228 omnibus
928 3158 1126 3244 supradictis
1151 3157 1241 3225 sive.

87 3267 308 3356 infrascriptis
324 3265 367 3336 de
381 3268 516 3336 Ancona
531 3273 694 3337 tementes
703 3267 805 3336 libras
815 3268 1038 3337 Anconitanas
1048 3273 1081 3336 et
1095 3265 1222 3336 Raven-

86 3385 245 3446 natcnses
261 3377 294 3443 in
311 3375 454 3444 Oiritste
468 3373 602 3444 Ancone
617 3393 722 3460 usquo
737 3375 781 3443 ad
790 3373 933 3444 medium
943 3375 1063 3444 mensis
1079 3375 1224 3461 Septem.

87 3486 157 3554 bris
172 3483 318 3575 proxime
332 3485 471 3570 venturi,
487 3483 549 3552 suh
563 3501 651 3570 pena
667 3481 769 3572 dupli,
786 3491 819 3553 et
828 3486 889 3553 sub
905 3484 1107 3571 obligatione
1121 3483 1222 3554 bono

88 3615 163 3664 rum
178 3591 344 3663 hominurn
359 3603 395 3661 et
408 3592 595 3661 Communis
612 3588 717 3676 ipsius
734 3590 885 3660 divitatis
896 3591 1044 3678 Ragusii.
1054 3591 1126 3673 Que
1136 3589 1227 3662 bona'
1245 3621 1248 3628 ·

87 3702 326 3774 constituerunt
341 3721 378 3770 se
392 3721 451 3789 pro
467 3702 517 3769 eis
532 3699 683 3786 precario
711 3697 840 3768 nomine
863 3699 1042 3786 possidere,
1068 3708 1100 3768 et
1126 3696 1223 3770 omno

87 3811 266 3899 dampnum
283 3816 315 3878 et
330 3827 494 3895 expensas
511 3807 642 3898 reticere
659 3811 696 3894 et¹
707 3805 911 3892 integraliter
926 3808 1095 3896 resarcire,
1112 3807 1223 3876 hocin

88 3917 186 3988 modo
203 3925 236 3986 et
250 3924 349 4008 paoto
365 3917 451 3987 inter
470 3935 526 3983 eos
543 3907 722 4003 seruando}
738 3921 774 3983 ut
788 3913 817 3983 si
835 3914 921 3982 dicte
936 3919 1082 3984 tercenta
1091 3915 1173 3983 libro
1189 3913 1223 3983 in

87 4027 176 4098 dicto
192 4029 329 4098 termino
345 4027 452 4096 solute
477 4046 541 4094 non
567 4023 691 4094 fuerint
715 4023 812 4094 dictis
838 4023 966 4110 ciuibus
988 4021 1222 4113 ducentenis,

85 4139 187 4208 liceat
204 4145 237 4207 et
253 4137 358 4206 libera
374 4143 522 4226 potestas
538 4136 582 4203 sit
599 4135 681 4222 ipsis
698 4135 825 4204 civibus
842 4133 1056 4202 Anconitanis
1072 4141 1105 4203 et
1131 4135 1222 4202 ouili-

87 4249 141 4317 bet
157 4269 270 4316 eorum
285 4266 347 4317 sua
362 4243 557 4315 auctoritate
574 4263 693 4333 capere
719 4251 752 4316 et
777 4243 917 4313 retinere
942 4241 983 4311 de
1009 4241 1104 4312 bonis
1131 4245 1223 4312 Gom·

87 4357 196 4426 munis
212 4361 244 4425 et
259 4353 430 4424 hominum
459 4355 545 4422 dicte
562 4351 714 4423 Ciuitatis
738 4352 873 4440 Rasusii
906 4372 1008 4438 usque
1034 4351 1076 4420 ad
1102 4350 1224 4422 dictam

89 4466 307 4551 quantitatem
323 4471 541 4536 tercentorum
558 4461 715 4531 librarum
729 4459 839 4548 sortis,
854 4467 887 4529 et
903 4457 1037 4529 totidem
1062 4465 1224 4545 preterea.

88 4575 285 4662 Obligantes
300 4594 338 4644 se
353 4572 433 4642 dicti
448 4571 701 4642 Ambaxiatores
718 4571 849 4639 nomine
864 4568 952 4636 dicte
975 4568 1224 4638 communitatis

86 4685 234 4771 Ragusii
251 4703 287 4754 so
304 4683 447 4753 facturos
463 4690 495 4750 et
510 4689 689 4767 curaturos,
716 4678 802 4764 quod
818 4679 994 4746 Conrmune
1010 4684 1043 4744 ct
1067 4679 1225 4748 homines.

132 4825 198 4865 uon.
214 4821 297 4863 nure.
312 4822 429 4862 ειη-
448 4821 519 4861 omn.
535 4812 561 4851 m
1024 4798 1064 4852 29
