3210 5194
896 883 951 951 sl.

364 1051 422 1116 IV.
430 1047 511 1115 Belo
522 1048 694 1136 kirtlyuak
709 1047 860 1114 Tarduua
871 1045 1010 1112 struebat
1020 1048 1173 1133 tdrgyaacl
1181 1045 1493 1132 odomdayudlr'lclds

644 1156 765 1244 gumeri
772 1155 911 1244 fdispctu
927 1159 1081 1220 aetimare.
1105 1156 1203 1218 1240.

471 1335 553 1400 Bela
571 1333 633 1399 Dei
650 1331 764 1418 gracia
778 1331 956 1417 Huugarie,
980 1332 1161 1417 Dalmacie,
1178 1329 1346 1416 Obroaeie,
1371 1335 1492 1417 Reme,
1512 1313 1516 1320 ¹

362 1441 486 1526 Seruis,
504 1440 651 1526 Gallicie,
670 1439 863 1508 Lodomerie
874 1439 1094 1525 (inmaniaque
1109 1442 1181 1507 Rex
1200 1441 1349 1508 omuibus
1365 1439 1491 1506 Obristi

253 1631 260 1644 ι
361 1548 514 1615 fidelibus
530 1555 712 1634 presentem
729 1548 885 1635 pagiuam
902 1548 1099 1634 inspecturis
1116 1549 1256 1615 salutem
1273 1555 1305 1615 et
1321 1567 1416 1615 omne
1433 1548 1491 1612 bo·

362 1675 450 1724 num.
480 1656 559 1721 Cum
585 1653 920 1739 incomprehensibilis
946 1654 1064 1721 Diuine
1089 1655 1320 1740 disposicionis
1347 1653 1490 1722 altitudo

362 1764 405 1831 ad
420 1765 483 1830 hoc
508 1762 654 1846 gladium
670 1762 815 1844 Regibus
840 1763 1047 1847 concesserit,
1074 1768 1108 1828 ut
1125 1762 1393 1830 malefactoribus
1420 1765 1491 1830 uiu-

362 1871 461 1956 dieta,
488 1873 560 1937 laus
577 1889 652 1935 uero
669 1871 762 1935 bonis
784 1871 871 1936 iusta
895 1891 951 1956 per
971 1891 1043 1936 eum
1069 1870 1300 1937 distributione
1318 1870 1489 1957 reddatur,

363 1980 480 2046 suadet
504 1977 594 2044 racio
620 1985 652 2044 et
667 1976 748 2041 iuris
765 1978 852 2061 rigor
873 1977 983 2063 exigit,
1011 1985 1044 2042 ut
1060 1997 1119 2044 nce
1146 1976 1388 2045 malefactorum
1413 1999 1490 2062 per·

362 2086 503 2153 uersitas
519 2090 665 2150 trauseat
680 2083 839 2170 inpunita,
860 2105 919 2150 uec
936 2082 1140 2151 benemeriti
1157 2085 1224 2150 suis
1244 2083 1414 2169 stipendiis
1433 2083 1490 2150 de-

360 2192 559 2259 fraudentur.
584 2191 668 2256 Hinc
685 2198 744 2274 est,
771 2192 856 2274 quod
873 2190 915 2256 ad
940 2191 1095 2257 noticiam
1120 2191 1345 2258 uniuersorum
1370 2192 1489 2259 barum

358 2309 471 2367 tenore
488 2299 636 2366 uolumus
652 2298 834 2384 peruenire,
854 2297 940 2381 quod
957 2319 1028 2365 oum
1044 2298 1120 2365 Jula
1135 2300 1245 2365 Barrus
1261 2298 1425 2383 quondam
1444 2295 1489 2364 de

362 2427 481 2493 genere
498 2407 602 2491 Keau,
620 2426 678 2492 pro
697 2405 868 2472 manifesto
885 2406 1086 2472 infidelitatis
1103 2407 1235 2473 crimine
1252 2425 1310 2492 per
1330 2413 1487 2490 nostram,

361 2536 421 2582 nec
437 2537 502 2582 uon
527 2515 695 2581 karissimi
709 2514 819 2580 fratris
845 2515 948 2580 nostri
965 2512 1133 2582 (lolomani
1149 2513 1250 2598 Regis
1271 2522 1303 2580 et
1319 2513 1421 2579 Ducis
1436 2519 1488 2579 tu·

362 2624 429 2690 cius
447 2623 621 2690 Sclauouie
637 2623 786 2706 Illustris,
805 2623 864 2689 bac
881 2625 1022 2690 omnium
1037 2626 1199 2690 Beronum
1214 2628 1397 2690 nostrorum
1413 2641 1488 2688 seu-

359 2731 499 2798 tenciam
525 2731 640 2797 suisset
665 2730 930 2816 condempnatus,
957 2750 996 2797 ac
1023 2731 1174 2798 uniuersa
1199 2731 1303 2816 ipsius
1329 2730 1416 2796 bona
1440 2729 1488 2795 ad

359 2847 504 2906 nostram
521 2857 651 2904 manum
668 2838 805 2904 luissent
821 2839 984 2921 deuolute,
1001 2841 1072 2925 ipso
1088 2859 1180 2906 suam
1196 2839 1297 2905 uitam
1313 2838 1348 2902 in
1364 2839 1488 2904 uostris

359 2945 496 3013 uinculis
525 2947 675 3030 finiente;
702 2967 761 3013 uos
777 2947 942 3030 quandam
958 2946 1062 3032 ipsius
1087 2947 1329 3033 possessiouem
1352 2945 1487 3011 nominc

358 3055 514 3121 Turduua
537 3072 609 3120 cum
626 3054 776 3121 omuibus
800 3056 1010 3140 pertiueneijs
1034 3055 1103 3122 suis
1119 3055 1153 3120 in
1169 3053 1331 3120 Comitatu
1348 3052 1389 3120 de
1405 3052 1487 3120 Bur·-

358 3160 418 3227 sod
443 3161 661 3243 constitutam,
678 3161 815 3230 Nicolao
832 3162 949 3230 (lumiti
965 3164 1005 3230 de
1022 3165 1145 3231 Gumur
1168 3162 1234 3229 filio
1251 3163 1345 3246 Gurg
1361 3161 1403 3228 ob
1420 3179 1486 3228 me-

357 3269 419 3334 rita
435 3287 494 3334 sue
509 3267 676 3334 fidelitatis
692 3275 725 3334 et
741 3270 869 3355 seruicij
898 3268 1050 3337 duximus
1066 3277 1224 3356 perpetuo
1241 3267 1485 3336 conterendam.

357 3378 441 3442 Nam
458 3376 543 3441 idem
559 3374 715 3441 Nicolaus
740 3375 824 3443 inter
839 3382 948 3444 cetera
965 3377 1118 3443 uirtutum
1135 3377 1260 3462 merita,
1286 3373 1405 3457 quibus
1428 3396 1487 3442 no·

355 3490 455 3550 stram
471 3473 615 3565 graciam
633 3481 819 3567 adplenum
836 3484 985 3569 optinuit,
1003 3484 1158 3570 iulteguo
1175 3492 1207 3550 ct
1226 3489 1321 3550 extra
1331 3484 1484 3566 Regnum

357 3589 449 3675 pacis
465 3595 497 3655 et
513 3587 590 3654 bclli
615 3596 759 3674 tempore
775 3589 869 3658 uobis
895 3591 1033 3659 fideliter
1052 3590 1248 3675 assistendo,
1272 3591 1307 3657 iu
1323 3589 1384 3658 hoc
1410 3609 1487 3676 spe-

355 3697 482 3764 cialiter
498 3697 626 3783 claruit,
643 3697 730 3781 quod
745 3697 820 3765 dum
837 3699 870 3764 in
886 3700 1099 3787 expedicione
1108 3699 1227 3769 Ruscie
1244 3717 1390 3766 essemus
1406 3718 1483 3764 con·

355 3803 471 3889 stituti,
494 3809 526 3870 et
545 3803 703 3872 bellorum
729 3824 849 3874 cuneus
865 3813 953 3874 esset
970 3806 1046 3873 binc
1071 3806 1148 3874 iude
1163 3805 1197 3872 in
1217 3804 1402 3872 conflictum
1429 3823 1485 3871 ac-

353 3911 489 3996 cinctus,
515 3911 634 3998 ipsein
662 3913 835 3982 aduersam
862 3916 966 3982 aciem
991 3915 1128 3982 uiriliter
1152 3916 1278 3982 irruens
1303 3912 1422 3979 multos
1448 3912 1483 3980 in

353 4039 408 4085 ore
434 4018 539 4103 gladij
555 4019 627 4088 ueci
652 4017 796 4106 tradidit,
822 4028 855 4088 et
878 4021 1062 4089 innumeros
1086 4019 1267 4107 captiuauit
1292 4019 1343 4085 sui
1368 4025 1483 4087 tamen

350 4127 522 4210 sauguinis
538 4126 729 4194 effusionem
747 4149 813 4195 uon
824 4128 984 4196 modicam
998 4127 1197 4197 sustinendo.
1214 4127 1364 4205 Quantus
1376 4127 1482 4195 eciam

350 4234 523 4319 probitatis
552 4234 702 4302 acciones
728 4236 760 4300 iu
786 4237 861 4321 alijs
888 4236 973 4302 idem
993 4237 1183 4322 exercuerit,
1210 4245 1339 4322 tempus
1365 4236 1481 4322 pocius

350 4361 448 4426 quam
465 4361 517 4411 res
534 4339 663 4410 deseret
679 4351 894 4410 enarrantem.
914 4344 964 4410 Ne
981 4344 1079 4427 igitur
1094 4351 1162 4410 tam
1179 4343 1298 4410 eximie
1308 4341 1481 4411 fidelitatis

349 4449 539 4517 constancia
554 4451 790 4519 irremunerata
806 4460 981 4535 remaneat,
1008 4451 1086 4518 licet
1102 4451 1262 4536 premium
1279 4451 1394 4518 merito
1412 4471 1480 4517 non

348 4558 546 4642 respoudeat
562 4577 603 4628 ex
619 4558 790 4646 condigno,
808 4567 964 4644 tauquam
980 4579 1107 4628 omnem
1131 4558 1338 4626 affluenciam
1357 4567 1481 4645 tempo-

346 4664 451 4730 ralem
476 4663 745 4750 transseeudeuti,
764 4667 1003 4752 possessiouem
1020 4664 1243 4751 supradictam
1269 4664 1333 4732 sibi
1361 4671 1393 4732 et
1409 4669 1481 4733 suis
