3168 5186
662 339 730 418 419

133 539 191 606 bio
217 541 402 612 medietatis
429 545 514 611 dicte
540 551 626 612 terre
652 565 717 632 erre,
743 545 950 612 medietatem
977 546 1146 613 cniusdam
1174 555 1260 617 terre

133 649 243 718 Gastri
259 654 362 720 nostri
378 653 579 720 Hunthensis
596 655 685 739 Saag
700 661 826 740 uocate,
851 655 939 720 circa
958 654 1093 721 fluuium
1109 654 1260 742 (torpens

135 757 330 846 adiacentis,
356 780 455 847 qnam
471 761 567 830 bonno
582 767 692 829 noster
707 761 790 829 dixit
805 761 848 828 ad
865 767 937 831 octo
957 767 1068 829 aratra
1083 781 1156 831 esse
1175 763 1261 832 sulti·

131 867 280 954 cientem,
301 873 332 932 et
348 868 391 935 ad
407 875 553 936 nostram
578 869 791 937 collacionem
808 869 849 935 de
864 869 935 936 inre
950 875 1162 957 spectantem,
1186 891 1259 938 cum

133 971 261 1040 eisdem
272 975 378 1061 metis,
395 975 553 1060 terminis,
570 974 767 1042 utilitatibus
778 983 810 1042 et
825 976 1035 1063 pertinenciis
1045 979 1125 1062 suis,
1141 978 1259 1060 quibus

115 1081 179 1150 ‚ad
195 1101 255 1148 nos
271 1082 467 1167 pertinebat,
485 1082 610 1167 absque
625 1083 778 1169 porcione
794 1089 1007 1167 cognatorum
1022 1104 1165 1171 snorum,
1191 1093 1259 1154 tarn

132 1185 207 1273 sibi,
222 1209 320 1273 quam
337 1191 407 1258 eins
422 1189 607 1276 heredibus,
623 1189 843 1276 heredumque
860 1211 992 1259 suorum
1008 1193 1260 1281 successoribus,

134 1296 296 1382 dedimus,
324 1296 516 1366 domuimus
541 1303 574 1363 et
589 1299 795 1384 contulimus,
820 1299 889 1366 inre
908 1307 1067 1388 perpetuo
1091 1307 1124 1369 et
1142 1302 1259 1369 ineno-

134 1401 284 1472 cabiliter
300 1404 344 1472 ad
358 1405 545 1473 habendum
560 1412 594 1472 et
608 1404 718 1491 quiete
740 1406 980 1495 possidendum,
1006 1429 1028 1475 a
1042 1411 1172 1476 nemine
1187 1430 1257 1477 suc·

133 1529 265 1580 cessure
290 1518 399 1580 nostre
415 1511 628 1600 posteritatis,
654 1533 713 1581 sen
730 1515 879 1600 aliorum,
904 1521 979 1602 post
994 1517 1142 1603 elapsum
1167 1517 1258 1602 longi

133 1619 290 1705 temporis
302 1619 422 1706 aliquis
434 1618 520 1708 (lgy)
531 1620 742 1707 repetendam
752 1629 808 1688 ant
818 1623 1055 1708 requirendam.
1070 1624 1139 1692 Nos
1151 1630 1258 1692 antem

132 1724 268 1812 insuper
276 1727 383 1812 Regia
397 1726 522 1796 inducti
532 1727 747 1814 benignitate,
764 1729 838 1796 visa
849 1735 883 1796 et
898 1731 1029 1814 cognita
1038 1732 1142 1816 ipsius
1153 1738 1258 1818 grata,

133 1840 168 1898 et
184 1853 305 1918 magna
318 1833 486 1920 fidelitate,
503 1854 601 1919 qnam
617 1836 713 1903 nobis
728 1837 858 1921 prebuit
873 1837 907 1903 in
922 1836 985 1904 hac
999 1843 1110 1924 parte;
1133 1845 1165 1907 et
1180 1841 1260 1924 qnia

133 1945 225 2007 tante
251 1939 420 2009 fidelitatis
445 1941 661 2010 exhibitorem
676 1945 814 2028 Regiam
839 1942 932 2010 docet
954 1945 1160 2014 Maiestatem
1185 1933 1258 2015 dili·

134 2065 216 2128 gere
231 2052 264 2112 et
279 2066 505 2132 remunerare;
529 2047 754 2132 supradictum
769 2048 900 2116 Petrum
915 2055 949 2116 et
967 2069 1080 2119 onmes
1095 2071 1260 2124 successo·

132 2171 188 2219 res
205 2173 264 2221 sue
280 2154 482 2240 posteritatis
498 2155 686 2242 exeepimns
701 2162 734 2224 et
749 2159 929 2226 exemimus
945 2179 966 2226 a
981 2161 1120 2228 seruicio
1135 2169 1169 2229 et
1184 2181 1258 2232 con-

134 2259 264 2329 dicione
283 2263 519 2349 j0bagi0natns
545 2263 652 2332 (lustri
678 2265 780 2332 nostri
808 2266 1027 2352 Hunthensis,
1059 2267 1258 2358 collocando,

133 2371 361 2438 constituendo
378 2377 411 2438 et
426 2371 606 2440 ordinando
622 2371 729 2457 ipsum
745 2379 779 2440 et
793 2373 864 2441 eins
877 2373 1023 2460 heredes,
1039 2374 1260 2463 heredumque

133 2495 341 2545 successores
366 2477 401 2543 in
425 2478 599 2563 collegium
625 2485 659 2544 et
674 2498 840 2546 numerum
863 2481 1034 2568 Regalinm
1060 2483 1257 2553 seruientem

132 2584 221 2671 (lgy)
238 2592 430 2670 nostrorum,
446 2585 489 2652 ad
504 2595 650 2654 nostram
666 2585 851 2672 recipiendo
869 2588 1013 2671 graciam
1030 2595 1062 2654 et
1081 2591 1258 2675 proteecio·

133 2713 212 2760 nem
231 2693 420 2778 specialem.
446 2695 484 2760 In
500 2693 593 2760 cuins
609 2700 692 2760 terre
717 2693 957 2780 possessionem
977 2695 1114 2764 eundem
1129 2697 1259 2766 Petrum

132 2820 194 2888 per
218 2799 371 2870 dilectum
397 2808 430 2869 et
445 2802 574 2869 fidelem
588 2801 751 2870 hominem
778 2809 923 2870 nostrum
942 2804 1135 2888 Magistrum
1159 2805 1257 2892 Bach,

133 2908 332 2977 auctoritate
348 2911 456 2995 Regia
469 2910 605 2977 fecimus
622 2908 793 2978 introduci.
818 2909 918 2977 Gaius
933 2911 1039 2997 prima
1054 2919 1087 2979 ct
1107 2913 1259 2999 capitalis

134 3023 224 3085 meta
238 3019 410 3086 inchoatur
434 3019 494 3086 snb
511 3018 656 3086 scissura
671 3017 840 3085 cniusdam
857 3018 976 3085 montis
994 3017 1189 3106 Hradyscha
1203 3039 1257 3088 uo·

134 3127 214 3212 eati,
230 3126 285 3193 ubi
303 3133 355 3193 est
370 3125 474 3193 eciam
490 3126 559 3194 alia
575 3133 663 3192 meta
678 3127 825 3194 Ecclesie
842 3127 882 3195 de
898 3125 998 3212 Saag,
1024 3129 1125 3194 tercia
1140 3127 1258 3198 uduor-

133 3235 303 3320 nicorum,
320 3231 439 3301 deinde
455 3233 603 3320 procedit
618 3251 717 3321 snpra
731 3252 846 3301 uersus
862 3233 1045 3318 aquilonem
1064 3237 1127 3303 sub
1145 3236 1259 3303 eodem

135 3349 255 3428 monte,
279 3343 499 3428 perspectum
516 3343 652 3409 duarum
665 3342 868 3429 sagittarum,
894 3349 925 3408 et
940 3343 987 3409 ibi
1007 3350 1057 3410 est
1072 3363 1137 3409 una
1152 3351 1258 3432 meta;

135 3456 254 3537 postea
278 3447 392 3517 circuit
415 3447 553 3516 eundem
579 3456 720 3517 montem
736 3469 796 3535 per
814 3449 978 3535 quoddam
1003 3449 1171 3537 fossatum,
1198 3471 1260 3538 qne

135 3557 255 3625 dicitnr
278 3555 369 3625 fossa
395 3558 593 3642 gigancium,
620 3556 701 3624 etin
719 3555 826 3643 capite
851 3557 939 3623 illins
955 3555 1072 3625 fossati
1098 3565 1173 3625 sunt
1198 3557 1260 3626 dne

135 3674 239 3752 mete,
267 3665 387 3731 abhinc
412 3663 581 3732 descendit
607 3665 648 3731 de
672 3665 786 3732 eodem
811 3672 918 3731 monte
948 3665 1068 3732 directe
1094 3667 1136 3732 ad
1161 3687 1261 3733 unum

134 3775 253 3857 locum,
269 3773 304 3839 in
321 3792 385 3858 qno
400 3771 494 3839 uadit
509 3793 619 3860 snpra,
637 3781 670 3840 et
686 3773 802 3840 circuit
820 3794 918 3840 unuin
933 3779 1076 3861 pratum,
1101 3766 1132 3839 ¹et
1148 3773 1181 3839 in
1198 3775 1262 3840 tine

134 3881 223 3949 illius
248 3879 334 3964 prati
351 3887 401 3946 est
415 3886 519 3965 meta;
545 3881 680 3966 posthec
696 3880 788 3948 uadit
813 3880 857 3948 ad
877 3880 1040 3964 quendam
1065 3878 1262 3946 uelociorem

135 3994 265 4074 portum
281 3987 372 4073 flnnij
390 3987 549 4075 Corpona,
574 3994 607 4055 et
622 3989 669 4055 ibi
685 3990 812 4074 transit,
838 3996 870 4056 et
886 3988 980 4056 iaxta
995 4008 1093 4055 unam
1110 3986 1198 4053 viam
1213 3996 1263 4056 est

134 4102 241 4182 meta;
267 4100 301 4161 et
316 4116 375 4181 per
400 4095 538 4162 eandem
554 4097 641 4163 viam
667 4097 759 4165 uadit
774 4119 876 4184 supra
900 4117 1014 4164 nereus
1040 4095 1195 4163 orientem
1218 4095 1262 4160 ad

134 4221 292 4288 magnam
307 4203 405 4290 mam,
433 4222 495 4288 qne
510 4203 600 4270 venit
614 4203 656 4271 de
672 4204 771 4292 Saag,
797 4208 890 4272 iuxta
906 4223 1004 4287 qnam
1020 4209 1070 4270 est
1086 4223 1153 4268 una
1175 4207 1262 4269 meta

134 4313 221 4379 inter
237 4329 360 4398 paruas
376 4311 509 4397 spinas3
527 4311 644 4379 deinde
661 4310 809 4379 ascendit
825 4332 883 4397 per
899 4312 1047 4397 spacium
1063 4311 1160 4377 unius
1170 4311 1262 4396 jnge-

135 4419 190 4505 ris,
208 4427 241 4487 et
257 4418 406 4488 similiter
420 4421 505 4487 inter
520 4423 632 4508 spinas
648 4428 699 4490 est
713 4430 818 4506 meta;
845 4421 980 4508 posthec
994 4421 1087 4487 uadit
1105 4421 1149 4486 ad
1163 4437 1263 4504 quan·

135 4527 211 4594 dam
228 4528 378 4595 arborem
395 4527 465 4612 piri,
482 4527 543 4594 snb
560 4548 625 4612 qna
640 4535 691 4595 est
706 4547 772 4594 nna
788 4534 874 4595 meta
889 4527 976 4594 circa
991 4546 1144 4612 magnam
1155 4526 1244 4593 viam
1253 4551 1263 4612 ;

136 4633 255 4703 deinde
272 4633 372 4716 intrat
387 4634 504 4704 siluam
521 4656 580 4722 per
595 4635 756 4704 modicum
772 4635 919 4721 spacium
934 4634 977 4703 ad
992 4635 1157 4720 quandam
1174 4633 1263 4702 arbo-

1030 4753 1099 4812 27*
