3186 5188
914 322 979 392 226

381 521 439 588 stri
454 520 557 590 nostri
570 517 756 606 Nytriensis
765 517 938 586 Vduornuo
953 517 1124 603 uocabulo,
1141 517 1199 586 ubi
1207 523 1392 588 castrenses
1408 518 1521 586 nostri

381 627 672 713 commorabantur,
697 633 730 694 ct
744 624 827 711 ipsis
840 643 900 712 per
924 626 1083 694 'l'artaros
1102 623 1307 711 interemptis
1330 643 1439 694 uacua
1466 644 1521 692 re

381 742 547 806 manserat
570 741 605 804 et
628 734 759 822 incultu„
787 733 933 820 exceptis
949 737 1091 819 quatuor
1117 731 1343 802 mansionibus
1367 739 1521 802 cmtren·

380 844 464 912 sium
479 841 737 929 supradictorum
751 839 875 909 ibidem
890 840 1116 926 existentium,
1131 848 1370 928 prememorato
1383 841 1520 910 Thome

382 951 500 1022 domiti
515 950 605 1020 fideli
629 956 740 1020 nostro
763 957 798 1018 et
821 970 880 1037 per
903 970 979 1019 eum
994 949 1063 1020 suis
1087 948 1262 1019 heredibus
1286 949 1519 1037 heredumque

380 1058 621 1130 successoribus
636 1057 832 1128 contulimus
847 1057 917 1128 iure
933 1064 1091 1147 perpetuo
1106 1057 1349 1146 possidendam.
1365 1059 1404 1125 In
1417 1058 1518 1126 onius

380 1178 466 1240 terre
480 1168 722 1258 possessionem
748 1167 949 1256 corporalem
974 1168 1080 1255 ipsum
1105 1188 1165 1256 per
1190 1168 1343 1237 dilectum
1366 1167 1466 1236 nobis
1481 1173 1520 1232 ct

381 1279 508 1348 fidelem
524 1278 713 1350 Mauricium
738 1275 929 1362 Magistrum
949 1274 1179 1363 Dopilerorum
1203 1283 1387 1346 nostrorum
1402 1283 1437 1344 et
1451 1273 1518 1342 Go-

381 1388 491 1457 mitem
516 1388 662 1457 eiusdem
687 1387 796 1456 dastri
820 1385 1006 1473 Nytriensis
1031 1385 1224 1455 unomritate
1242 1385 1349 1472 Regia
1373 1384 1518 1452 lecimus

379 1495 559 1582 introduci3
585 1494 772 1564 memoratis
787 1515 865 1564 uero
881 1499 1021 1579 quotuor
1046 1493 1270 1564 mansionibus
1295 1492 1516 1563 bostrensium

377 1605 413 1671 in
428 1622 495 1672 una
510 1609 604 1690 parte
628 1603 774 1672 eiusdem
799 1611 884 1672 terre
899 1623 958 1690 per
974 1622 1011 1672 se
1027 1603 1206 1688 collocatis,
1234 1608 1353 1670 terrum
1369 1601 1413 1669 ad
1429 1618 1514 1685 qna-

378 1718 451 1779 tuor
466 1719 576 1782 aratra
591 1713 802 1781 sufficientem
817 1731 874 1800 per
890 1712 957 1780 ium
973 1711 1095 1780 dictum
1104 1711 1297 1781 llouricium
1312 1711 1513 1795 Magistrum

292 1901 299 1910 ἱ
380 1819 477 1888 certis
492 1819 635 1905 undiquc
654 1819 749 1887 metis
771 1817 969 1904 distinctam,
992 1818 1136 1886 deterre
1158 1817 1347 1907 supradicta
1369 1815 1513 1885 fecimus

379 1927 555 2014 assignari.
573 1928 616 1995 vt
634 1927 734 2014 igitur
748 1927 809 1996 hcc
823 1947 845 1994 a
861 1927 956 1995 nobis
973 1925 1062 1994 lacta
1085 1925 1225 1996 donacio
1241 1925 1409 2013 sepedicto
1426 1924 1515 1991 Tho·

380 2054 432 2103 me
448 2033 567 2102 domiti
582 2042 615 2102 ct
629 2035 698 2103 suis
714 2033 956 2104 successoribus
980 2040 1137 2121 perpetuo
1153 2033 1284 2102 illibata
1307 2037 1511 2120 perseueret,

379 2162 440 2210 nec
458 2164 610 2230 umquam
635 2163 790 2231 processu
815 2152 999 2230 temporum
1024 2161 1084 2228 pcr
1109 2142 1294 2229 quempiam
1319 2141 1354 2208 in
1379 2141 1512 2208 irritum

378 2252 484 2338 possit
499 2259 557 2320 aut
572 2251 691 2320 debeat
705 2252 864 2339 reuocari,
883 2256 1052 2338 presentes
1072 2249 1178 2318 cidem
1194 2250 1415 2319 concessimus
1424 2248 1512 2316 litte·

378 2379 434 2427 ras
450 2359 614 2448 dupplicis
630 2359 733 2447 sigilli
748 2358 851 2428 nostri
867 2359 1043 2427 munimine
1061 2358 1243 2427 roboratas.
1261 2360 1382 2425 Datum
1397 2357 1432 2422 in
1449 2358 1511 2424 Ζο-

380 2468 447 2535 lum
473 2488 559 2537 anno
592 2469 724 2538 Domini
748 2471 793 2536 ll⁰
811 2467 879 2537 00·
895 2468 968 2536 XL⁰
986 2465 1062 2536 vn?
1088 2466 1233 2537 secundo
1257 2465 1331 2535 idus
1354 2465 1511 2552 Augusti,

377 2578 483 2664 Regni
497 2584 607 2647 autem
622 2578 725 2650 nostri
740 2598 826 2648 anuo
842 2576 1046 2648 duodecimo.

378 2775 515 2842 (Eredetic
528 2773 700 2842 bdrhdrtylm
722 2774 899 2845 nnrrtlynnk
912 2777 1011 2838 hettilo,
1031 2771 1166 2828 lrdlrvttrlls
1179 2773 1408 2842 selyemesinbron
1421 2775 1511 2842 ftlggd

567 2867 687 2934 pocsdtjc
699 2865 777 2934 alatt,
789 2882 807 2918 a
819 2866 903 2920 budai
915 2866 968 2917 lrir.
981 2864 1103 2917 kamauai
1122 2860 1313 2930 leudltdrbnn.)

899 3595 976 3664 152.

373 3771 395 3838 I
400 3773 434 3840 V.
460 3775 540 3842 Belo
563 3775 664 3843 Jckob
679 3779 810 3860 bordtot,
836 3802 857 3843 a
872 3775 1125 3861 ferenczroods'cl
1149 3780 1408 3863 mappurorszdpi
1432 3800 1506 3863 pro·

371 3883 561 3968 οἰοοίαἱίοάέ,
572 3883 714 3950 Rdoudbo
731 3884 792 3951 IV.
808 3884 899 3951 [ποτε
911 3883 1059 3973 pdpdboz
1078 3883 1176 3968 lcdlds‘,
1189 3885 1271 3970 luopy
1288 3887 1320 3948 dl
1334 3907 1356 3948 a
1370 3905 1508 3970 oeappar

725 3993 873 4080 iu'qyobrdl
887 3995 1029 4059 eonem.
1047 3987 1146 4056 1247.

478 4186 692 4257 Sanctissimo
718 4189 753 4255 in
769 4185 898 4256 (lhristo
924 4187 1022 4275 patri,
1047 4185 1178 4255 domino
1195 4187 1220 4252 l.
1238 4185 1362 4253 Diuina
1386 4185 1499 4272 proui-

370 4290 489 4361 dencia
503 4294 720 4363 sacrosancte
746 4297 894 4364 Romane
909 4293 1057 4362 llcclesie
1071 4292 1203 4362 Summo
1220 4291 1371 4362 Pontifici
1384 4293 1421 4358 B.
1442 4295 1506 4361 Dei

370 4402 483 4484 gracia
498 4402 568 4469 Rex
583 4403 813 4488 Hungarorum
838 4401 1192 4473 recommendationem
1209 4422 1283 4471 cnm
1304 4400 1399 4469 liliali
1415 4419 1505 4468 reue·

370 4511 482 4577 rencia
499 4511 611 4580 debito
626 4520 660 4580 et
675 4512 806 4583 deuota.
832 4513 1050 4600 Negooiorum
1065 4517 1248 4580 nostrorum
1267 4511 1386 4579 seriem
1401 4511 1503 4577 seria·

369 4613 427 4682 tim
443 4618 618 4687 sanctitati
635 4625 743 4688 vestre
769 4639 828 4708 per
842 4623 913 4689 Deo
939 4617 1114 4687 amabilem
1130 4619 1237 4690 virum
1260 4618 1422 4688 Jacobum
1448 4619 1505 4686 lli·
