3210 5194
914 847 968 916 73.

376 1035 520 1100 Jalula
536 1034 795 1118 nropyaroreadpi
820 1028 1042 1094 έεετῑαυοηίαἱ
1063 1027 1340 1114 templomreadc‘ek
1364 1032 1511 1093 mostard-

376 1143 435 1207 aelc
451 1138 718 1228 biaoayartplccelc,
745 1135 824 1222 bopy
845 1135 934 1200 Tace
949 1135 1111 1200 Mlcidnok
1126 1135 1179 1217 fia
1196 1135 1342 1222 bizonyoe
1364 1137 1510 1202 birtolcrtt

621 1244 758 1326 Sdndor,
775 1241 871 1308 &aad
879 1242 996 1326 fidnolc
1010 1241 1125 1306 educito.
1152 1243 1248 1306 1240.

485 1442 554 1509 Nos
579 1441 679 1507 frater
694 1439 838 1506 lacobus
865 1437 905 1504 de
921 1437 1030 1503 Monte
1046 1437 1164 1521 Regali
1186 1438 1345 1522 Magister
1369 1439 1509 1505 humilis

378 1552 555 1617 Domorum
580 1549 709 1634 Templi
737 1565 795 1632 per
820 1545 1023 1628 Hungariam
1055 1553 1086 1610 et
1111 1543 1320 1612 Solanoniam
1348 1548 1511 1614 memorie

380 1655 645 1724 commendantes
677 1652 913 1740 (significamus
937 1657 1049 1718 tenore
1079 1653 1298 1738 presencium)
1331 1654 1510 1736 uniuersis

379 1764 495 1848 quibus
521 1781 655 1849 presens
682 1760 870 1843 ostenditur,
896 1761 983 1845 quod
999 1759 1183 1827 accedendo
1210 1760 1252 1826 ad
1268 1768 1417 1828 nostram
1433 1782 1509 1847 pre-

378 1873 522 1939 senciam
538 1870 668 1935 Tadeos
687 1868 773 1936 tilius
789 1867 880 1934 Mlad
895 1867 988 1935 nobis
1004 1869 1174 1935 confessus
1191 1874 1240 1934 est
1262 1868 1339 1935 vina
1358 1889 1450 1956 uoce,
1468 1889 1510 1935 se

378 1977 568 2044 vendidisse
587 1973 752 2061 quandam
768 1983 890 2041 terram
906 2013 948 2023 -
965 2011 1009 2022 -
1026 2012 1067 2022 -
1086 2012 1129 2024 -
1139 1974 1264 2043 Comite
1280 1977 1321 2042 de
1334 1977 1509 2060 Toletoub,

378 2085 488 2170 precio
503 2083 707 2168 comparauit
723 2103 743 2148 a
759 2082 926 2149 Stanislao
943 2082 1041 2148 tratre
1057 2083 1147 2168 Mire,
1164 2083 1261 2149 Petro
1275 2089 1395 2168 nepote
1421 2084 1509 2150 eins-

380 2191 464 2272 dem,
476 2191 582 2274 (iuna,
599 2190 702 2258 Petko
719 2191 786 2257 filio
797 2190 946 2274 Emerioi‚
958 2190 1105 2274 Zlouina,
1122 2190 1236 2256 Petrus
1247 2190 1509 2274 filiusPrehodo,

379 2299 499 2385 Egidio
515 2300 532 2365 i
544 2335 885 2348 ------
902 2298 1088 2365 Alexandro
1104 2298 1171 2365 tilio
1188 2298 1341 2384 Gundak,
1367 2319 1428 2384 pro
1444 2321 1509 2368 aex

380 2408 498 2475 mareis
514 2406 578 2474 sibi
601 2405 773 2474 abeodem
790 2407 885 2492 plene
901 2408 1074 2493 persolutis
1099 2404 1140 2471 de
1156 2407 1318 2474 communi
1336 2410 1510 2474 voluntate

379 2516 483 2583 tocius
508 2515 654 2582 eiusdem
679 2515 905 2594 generacionis
930 2522 998 2582 tam
1024 2515 1087 2580 sibi
1111 2533 1210 2598 qnam
1235 2516 1303 2580 suis
1329 2513 1509 2581 heredibus

378 2622 598 2705 heredumque
623 2641 756 2689 auorum
782 2622 1026 2689 successoribus
1051 2621 1094 2688 ad
1120 2622 1302 2707 abendam,
1330 2623 1509 2690 tenendam

377 2732 447 2798 iure
472 2729 730 2797 irreuocabiliter
754 2729 997 2816 possidendam.
1023 2727 1092 2794 Hee
1116 2737 1191 2795 sunt
1215 2736 1299 2795 mete
1324 2735 1434 2796 terre:
1460 2733 1508 2797 ab

336 2877 341 2890 =
379 2839 504 2905 oriente
520 2838 612 2903 iuxta
637 2837 698 2921 Vn,
724 2837 781 2908 vbi
804 2843 870 2902 stat
885 2838 1042 2923 locasse,
1066 2844 1098 2901 et
1112 2834 1218 2902 tendit
1242 2857 1341 2924 super
1359 2837 1509 2906 occiden-

377 2957 442 3014 tem
458 2967 518 3032 per
534 2945 675 3012 medium
686 2946 736 3012 Vn
751 2964 874 3030 magna
889 2945 1080 3028 quantitate,
1097 2965 1133 3012 se
1153 2945 1238 3011 exist
1253 2943 1339 3032 (lgy)
1350 2946 1394 3011 ad
1405 2964 1507 3012 unam

378 3055 526 3121 arborem
543 3053 639 3120 vlmis
656 3059 817 3137 vocatam,
843 3053 899 3119 vbi
915 3053 1064 3139 peruenit
1088 3059 1176 3119 meta
1190 3053 1294 3119 Daloc
1316 3061 1424 3119 terrea
1440 3054 1508 3120 Ta·

377 3161 429 3229 dei
447 3163 613 3245 antedicti,
640 3182 704 3245 que
719 3161 891 3228 reuertitur
906 3161 951 3226 ad
967 3160 1187 3244 occidentem3
1213 3160 1311 3227 abinc
1326 3161 1431 3226 tendit
1445 3183 1508 3248 per

376 3293 476 3338 vnum
492 3271 581 3337 croth
599 3268 642 3336 ad
655 3269 849 3353 aquilonem,
867 3274 899 3333 et
915 3268 1064 3352 peruenit
1080 3265 1124 3332 ad
1134 3285 1232 3332 unam
1243 3266 1391 3335 arborem
1407 3269 1507 3336 vlmis

377 3384 529 3446 vocatam
544 3377 588 3444 ad
605 3396 702 3442 unum
719 3395 856 3460 paruum
873 3376 1021 3459 rinulum,
1048 3395 1106 3461 per
1122 3394 1217 3458 quem
1233 3372 1338 3440 tendit
1354 3377 1507 3462 superius

379 3487 478 3569 longo
496 3483 608 3568 spacio
619 3488 652 3548 et
661 3483 810 3569 peruenit
820 3483 863 3548 ad
880 3484 966 3548 uiam
978 3480 1018 3546 de
1028 3481 1243 3548 Koatainicha
1259 3481 1300 3548 ad
1320 3481 1507 3550 Dubicham
1531 3565 1534 3572 Δ

376 3592 572 3674 venientem,
599 3591 655 3657 vbi
671 3579 746 3657 stad
752 3591 851 3657 arbor
877 3592 1017 3674 grabor;
1036 3589 1114 3656 inde
1130 3589 1278 3656 ascendit
1303 3590 1347 3655 ad
1362 3598 1508 3658 montem

375 3719 434 3784 per
453 3697 540 3765 uiam
557 3695 600 3764 cd
626 3697 708 3764 duas
735 3699 868 3767 arbores
883 3718 1033 3783 quercus,
1059 3696 1114 3762 vbi
1130 3703 1196 3765 stat
1218 3697 1325 3784 prima
1342 3703 1431 3765 meta
1448 3699 1508 3765 cir-

378 3805 535 3891 cumfusa,
562 3805 609 3870 ibi
625 3805 879 3872 conterminatur
901 3812 988 3872 terre
1005 3804 1245 3890 terralbadey
1261 3804 1418 3872 antedicti
1433 3824 1506 3872 ver-

375 3933 431 3979 sus
448 3911 667 3996 occidentem;
685 3911 804 3979 deinde
820 3911 924 3978 tendit
933 3932 991 3998 per
1009 3913 1096 3980 uiam
1112 3931 1266 3996 magnam
1276 3930 1334 3997 sep
1350 3920 1506 3980 vocatam

376 4022 474 4106 longo
491 4023 602 4107 spacio
618 4042 676 4107 per
695 4028 808 4105 metas,
834 4030 867 4088 et
882 4021 1029 4107 peruenit
1047 4018 1090 4086 ad
1106 4020 1202 4087 linem
1221 4022 1316 4087 unius
1336 4022 1505 4089 monticuli

375 4128 419 4194 ad
433 4127 515 4195 duas
542 4134 665 4214 metas,
693 4127 767 4195 inde
785 4129 926 4196 declinat
942 4148 999 4214 per
1026 4148 1123 4195 unam
1143 4126 1228 4214 (lgy)
1255 4129 1372 4195 collem
1388 4149 1505 4196 versus

374 4234 418 4301 ad
434 4235 700 4321 septemtrionem
723 4255 781 4322 per
800 4243 902 4303 metas
919 4236 1005 4303 bona
1019 4236 1213 4320 quinctilem,
1238 4241 1271 4302 et
1286 4238 1438 4321 peruenit
1461 4235 1506 4302 ad

374 4345 526 4410 arborem
552 4342 669 4426 cerasi,
696 4344 751 4411 vbi
767 4351 903 4412 uocatur
927 4343 1159 4429 gradinouech,
1186 4343 1233 4408 ibi
1257 4343 1345 4409 idem
1371 4343 1505 4411 Tadeos

374 4459 585 4520 commetatur
601 4473 715 4522 uersus
732 4453 949 4538 occidentem,
977 4452 1074 4520 abinc
1089 4452 1262 4519 reuertitur
1276 4452 1321 4518 ad
1343 4452 1503 4520 orientem

373 4559 466 4626 vadit
482 4580 540 4646 per
556 4567 671 4645 metas,
697 4567 728 4626 et
744 4562 894 4648 peruenit
909 4560 951 4626 ad
969 4562 1117 4629 arborem
1134 4560 1239 4646 rimis,
1264 4560 1319 4626 vbi
1340 4568 1429 4627 meta
1445 4557 1516 4628 eir-¹
