3252 5198
899 919 955 988 23.

358 1107 420 1174 IV.
442 1105 522 1172 Bata
548 1103 721 1191 kirdlyuuk
745 1099 899 1169 readelete
923 1099 1049 1164 Araold
1073 1097 1265 1186 aulamepyei
1282 1099 1491 1188 fflispdnboa,

360 1213 512 1300 Goztolya
537 1213 659 1299 helyseo
684 1211 814 1274 beteret
831 1205 1109 1293 senatartdsdaak
1134 1207 1321 1294 tdrpydbaa,
1348 1209 1492 1294 melyuale

471 1319 603 1406 solytdn
619 1317 745 1383 Arnold
753 1315 893 1402 fdt'spdu
909 1325 954 1380 ott
966 1315 1165 1399 datdry'a'rdst
1182 1324 1256 1377 tart.
1273 1315 1370 1380 1237.

467 1550 511 1560 —
526 1550 571 1560 —
586 1511 735 1578 Prefatus
746 1509 907 1592 Georgius
922 1509 957 1573 in
968 1526 1030 1573 sua
1046 1515 1078 1574 et
1094 1505 1233 1594 predicti
1241 1508 1403 1576 Jchannis
1419 1527 1493 1596 per·

361 1621 451 1686 sonis
477 1617 638 1702 quasdam
663 1617 747 1684 duas
770 1617 909 1698 litteras,
936 1635 1033 1681 unam
1055 1615 1177 1682 domini
1193 1616 1272 1681 Bele
1294 1616 1373 1682 olim
1388 1615 1492 1699 Regis

360 1726 527 1809 Hungarie
544 1727 691 1790 clansam
706 1745 827 1790 annum
843 1742 901 1788 sne
917 1722 1139 1788 emanaeionis
1154 1743 1220 1789 non
1235 1721 1429 1806 babentem;
1456 1735 1492 1788 et

361 1832 538 1899 secundam
554 1833 690 1900 Arnoldi
707 1832 842 1900 Comitis
859 1830 1067 1897 Zaladiensis
1087 1831 1120 1895 in
1137 1850 1223 1896 anne
1239 1831 1372 1896 Domini
1389 1832 1492 1896 mille-

363 1940 445 2006 simo
461 1941 681 2008 ducentesimo
705 1941 872 2007 tricesimo
888 1939 1029 2027 septimo
1054 1939 1234 2006 conlectam
1250 1938 1344 2005 nobis
1360 1959 1493 2025 presen-

359 2049 453 2112 tauit.
479 2049 516 2112 ln
536 2067 676 2131 quarum
698 2049 804 2132 nnius,
829 2045 985 2113 videlicet
1008 2046 1113 2131 ipsius
1138 2046 1259 2112 domini
1284 2047 1364 2112 Bele
1388 2046 1492 2130 Regis

360 2152 467 2220 littere
484 2154 687 2222 continencia
699 2155 817 2222 comiti
833 2155 978 2221 Arnoldo
995 2155 1190 2220 transmissa
1207 2155 1291 2220 inter
1307 2159 1417 2220 cetera
1431 2152 1492 2218 ba·

361 2261 518 2347 bebatur,
545 2261 632 2347 quod
655 2261 816 2330 accedens
843 2263 887 2330 ad
911 2262 1116 2347 presenciam
1141 2261 1244 2346 ipsius
1270 2259 1393 2328 domini
1408 2260 1492 2326 Bele

303 2411 307 2418 ·
360 2368 460 2452 Regis
477 2368 593 2436 Comes
609 2373 720 2437 Panna
739 2371 804 2437 sibi
829 2369 1057 2454 conquerendo
1083 2367 1232 2451 dixisset,
1258 2367 1345 2451 quod
1369 2365 1494 2433 Hahol·

365 2477 426 2542 dus
442 2475 558 2544 Comes
572 2479 840 2565 composicionem
857 2477 1038 2563 peripsum
1054 2475 1212 2542 Comitem
1225 2474 1406 2542 Arnoldum
1424 2472 1493 2540 fae-

360 2590 427 2650 tam
453 2593 485 2649 et
510 2585 693 2651 ordinatam
719 2583 979 2670 transgrediens,
1007 2591 1110 2650 metas
1133 2589 1218 2649 terre
1244 2601 1303 2649 sue
1327 2581 1491 2666 Gestolia,

361 2697 457 2777 prout
479 2691 513 2757 in
527 2691 646 2759 litteris
672 2693 740 2760 suis
755 2692 933 2778 Regalibus
959 2682 1185 2776 contineretur,
1212 2711 1271 2777 per
1291 2689 1421 2756 fidelem
1437 2709 1493 2756 ea-

361 2797 528 2883 pellanum
544 2819 639 2867 suum
654 2799 791 2865 Paulum
808 2797 1014 2867 sacerdotem
1030 2799 1101 2884 ipso
1119 2796 1244 2864 Gemite
1258 2797 1403 2865 dmoldo
1419 2818 1493 2884 pre-

360 2909 453 2970 sente
468 2904 665 2991 assignatas,
691 2905 926 2989 destruxisset,
953 2906 1038 2972 vnde
1064 2905 1138 2991 ipse
1154 2905 1302 2971 dominus
1318 2905 1400 2970 Bela
1416 2905 1492 2972 Rex

360 3010 422 3096 hys
448 3011 611 3097 perceptis
643 3011 751 3079 eidem
776 3011 896 3079 Comiti
921 3011 1065 3079 Arnoldo
1088 3012 1294 3097 mandasset,
1327 3019 1492 3097 quatenus

359 3117 440 3184 visis
456 3116 580 3184 eisdem
606 3119 723 3186 litteris
739 3121 806 3187 suis
823 3121 866 3186 ad
883 3121 1004 3186 dictam
1020 3125 1140 3185 terram
1165 3120 1383 3205 personaliter
1398 3138 1491 3186 acee-

360 3225 453 3290 deret
468 3243 540 3290 cnm
555 3232 726 3311 prenotato
742 3227 846 3293 Panlo
864 3227 1045 3310 sacerdote,
1067 3234 1100 3292 et
1118 3227 1146 3293 si
1163 3225 1283 3293 dietum
1298 3226 1489 3292 Haholdum

359 3334 516 3400 Comitem
533 3333 658 3416 aliquid
672 3342 784 3401 contra
800 3335 1072 3422 composicionem
1087 3334 1209 3401 factam
1222 3332 1340 3400 iecisse
1350 3334 1489 3418 videret,

360 3446 507 3507 moneret
529 3439 591 3505 hec
606 3439 640 3506 in
655 3441 771 3507 melius
797 3440 985 3526 reformari;
1011 3440 1156 3524 alioquin
1182 3440 1288 3506 eidem
1313 3441 1488 3508 terminum

360 3547 545 3631 assignaret
571 3564 680 3612 coram
694 3549 761 3613 Sua
776 3549 882 3630 Regia
897 3548 1107 3614 Excellencia
1132 3547 1343 3634 comparendi
1360 3567 1487 3634 compe-

358 3657 491 3736 tentem,
508 3657 541 3718 et
551 3673 648 3739 super
659 3655 828 3741 premissis
839 3663 952 3723 contra
962 3659 1071 3722 Pauus
1085 3654 1242 3722 Comitem
1252 3654 1486 3740 respondendi,

360 3765 394 3824 et
418 3758 609 3828 citacionem
634 3763 667 3828 in
684 3765 887 3849 presenciam
911 3783 1005 3832 suam
1027 3765 1168 3848 Regiam
1192 3762 1313 3830 factam
1339 3765 1411 3829 edm
1437 3764 1487 3830 rei

358 3865 443 3932 serie
459 3865 524 3931 sibi
539 3866 572 3932 in
589 3869 656 3935 suis
672 3869 789 3937 litteris
805 3871 878 3956 ipse
895 3871 1012 3939 (lomes
1022 3871 1187 3937 Arnoldus
1207 3869 1347 3937 fideliter
1358 3871 1488 3938 intima-

357 3979 415 4040 ret.
434 3973 472 4036 In
489 3974 631 4040 secunde
646 3995 734 4064 vero,
754 3977 880 4044 seilicet
896 3977 999 4064 ipsius
1009 3979 1147 4044 Arneldi
1164 3977 1299 4044 Comitis
1314 3978 1487 4046 Zaladien-

357 4079 404 4145 sis
420 4078 530 4146 littere
544 4081 763 4167 priuilegialis
789 4093 902 4151 tenore
925 4085 1011 4150 inter
1025 4085 1094 4151 alia
1108 4083 1303 4168 habebatur,
1329 4084 1417 4167 quod
1432 4086 1488 4154 do·

356 4186 463 4254 minus
479 4188 559 4254 Bela
574 4191 645 4256 Rex
660 4213 719 4278 per
743 4193 869 4260 litteras
886 4213 963 4261 suas
989 4193 1054 4278 ipsi
1072 4193 1190 4260 comiti
1207 4187 1353 4259 Arnoldo
1378 4212 1488 4277 prece·
1505 4219 1513 4232 ·

354 4293 467 4380 pisset,
494 4303 530 4362 vt
545 4296 589 4363 ad
604 4305 724 4365 terram
740 4301 849 4368 Panus
875 4300 917 4368 de
935 4303 1106 4386 Gontolya,
1128 4320 1225 4385 quam
1249 4307 1370 4366 terram
1395 4305 1486 4365 ante·

353 4419 501 4468 cessores
525 4402 577 4468 sui
593 4403 848 4490 descendissent,
874 4406 916 4472 de
932 4427 997 4490 qua
1017 4412 1105 4472 terra
1120 4405 1230 4473 Pauus
1256 4405 1404 4491 predicto
1431 4405 1487 4472 do·

354 4507 441 4575 mino
457 4507 536 4576 Bele
550 4511 634 4596 Regi
649 4511 767 4579 fnisset
791 4519 997 4598 conquestus,
1022 4515 1108 4599 qnod
1124 4514 1167 4580 ab
1184 4534 1223 4580 eo
1239 4513 1349 4599 ipsam
1363 4517 1486 4579 terram

352 4612 441 4679 idem
467 4613 584 4683 Comes
608 4618 772 4688 Arnoldus
797 4621 955 4689 voluisset
983 4619 1131 4706 auferre3
1163 4619 1235 4706 ipse
1260 4639 1339 4686 vero
1365 4617 1485 4686 Comes
