3168 5186
561 253 565 264 ’
594 357 598 362 .
627 259 702 361 dds?

70 467 160 515 oum
184 453 258 542 ipsi
275 456 509 543 compositores
518 476 616 544 sopor
629 455 789 525 diuisione
804 460 891 524 torre
906 455 1074 523 interillos
1089 463 1228 541 utroque

72 567 193 642 parte
226 564 354 632 uolente
373 564 568 650 extitissent,
593 567 694 633 telem
709 565 794 632 inter
810 566 900 652 ipsos
924 564 1082 631 feoissent
1101 585 1222 652 oompo

70 665 280 756 sidonem,
297 669 384 754 qnod
399 672 559 740 medietas
574 674 679 740 tooins
695 680 781 740 terre
796 673 939 759 ipsorum
959 671 1164 759 hereditarie,
1180 673 1226 739 vi-

73 773 225 844 delieet
239 778 275 846 in
291 778 406 866 Senior,
422 779 457 846 in
473 782 599 866 Mener,
623 787 656 848 et
671 781 705 848 in
720 781 866 848 Pesohen
883 779 1070 865 existentes,
1097 780 1227 847 eederet

70 880 111 946 in
145 883 213 951 ius
233 887 391 974 Stephani
416 887 474 972 filij
500 889 651 975 Gregorij
679 889 749 957 iure
774 895 931 977 perpetuo
958 887 1168 975 possidenda,
1194 893 1227 954 et

71 989 237 1078 insuper
252 994 368 1081 uiginti
383 994 600 1085 ingereterre
615 997 648 1064 in
664 997 782 1065 Series
798 1016 839 1063 ex
855 1003 950 1084 porte
960 996 1062 1082 Hisoi,
1078 997 1225 1084 exeeptis

71 1103 227 1167 tanturn
245 1101 360 1187 viginti
386 1101 553 1187 iugeribus
569 1111 662 1190 torre,
688 1126 752 1190 qus
766 1105 856 1174 Hisoi
873 1104 991 1173 dieitur
1006 1105 1075 1171 iure
1097 1105 1225 1173 emtieio

75 1209 293 1295 possidere;
325 1211 506 1296 dequibus
531 1213 619 1280 Hont
643 1221 676 1282 et
700 1216 867 1283 Johonnos
892 1215 951 1301 filij
976 1214 1092 1281 Moneh
1122 1214 1225 1281 eidem

72 1313 188 1382 Hisoi
207 1318 454 1386 consencientes
470 1340 533 1386 non
549 1321 823 1390 oontredixerunt.
851 1325 889 1388 In
905 1322 996 1389 ouius
1020 1321 1069 1387 rei
1084 1321 1224 1388 testimo

76 1425 188 1492 nium
208 1425 253 1492 ad
269 1424 462 1513 petioionom
477 1428 583 1514 pertis
599 1429 767 1516 utriusque
782 1430 909 1498 litteras
919 1437 1050 1497 nostras
1066 1429 1224 1497 eoneessi-

77 1553 165 1601 mus
187 1534 294 1618 sigilli
309 1535 413 1601 nostri
430 1535 613 1606 municione
628 1538 807 1606 roboratos.
828 1540 948 1606 Datum
965 1537 998 1603 in
1015 1538 1098 1606 festo
1114 1537 1225 1605 Banto-

48 1671 55 1690 x
73 1642 196 1709 lomei
213 1642 365 1729 Apostoli
380 1664 467 1713 anno
483 1646 593 1731 grecie
608 1649 654 1714 M⁰
664 1645 730 1714 00⁰
746 1645 1017 1734 quinquagesimo
1033 1651 1158 1731 quarto.

352 1825 381 1890 Δ
549 1825 577 1890 Β
743 1826 769 1894 0
936 1828 966 1893 D

80 2023 239 2089 (Eredotie
252 2024 425 2093 bdrhdrtydn,
445 2026 556 2093 melyrd'l
569 2041 586 2076 e
599 2023 782 2092 kdptalonnelr
802 2025 916 2094 ogdsnon
931 2025 963 2095 op
976 2025 1096 2094 peesdtje
1116 2023 1223 2092 hdrtyn-

288 2119 416 2185 esinogon
430 2119 506 2184 fdgg,
520 2134 537 2168 a
550 2117 632 2169 bndsi
646 2119 696 2169 kir.
711 2119 832 2170 knmarei
846 2115 1033 2185 levdltdrbsn.)

528 2405 788 2418 *ιι-

627 2892 704 2959 too.

90 3095 122 3157 A
140 3095 273 3160 oaeociro'
287 3094 502 3179 kdptolannolo
518 3094 787 3179 bizoopocipleoole,
806 3092 887 3177 kopp
901 3089 987 3156 Jaoa
1001 3098 1031 3155 o'o
1047 3093 1221 3170 tostoorei,o

244 3203 340 3284 Retio
356 3209 386 3266 e's
402 3205 535 3268 teotoerei
549 3203 617 3268 ledet
631 3201 847 3288 birtokosztdly
862 3201 982 3266 tdrtdnt.
998 3198 1096 3265 1254.

459 3399 487 3466 A
648 3398 676 3464 Β
836 3396 862 3464 G

204 3597 274 3664 Nos
284 3595 470 3685 capitulum
486 3597 632 3664 Eoelesie
642 3597 754 3664 Sonoti
770 3595 938 3664 Mioheelis
958 3593 1000 3661 de
1016 3594 1130 3663 Oostro
1147 3595 1221 3662 For·

91 3727 149 3774 reo
169 3705 322 3774 omnibus
345 3713 457 3773 notum
472 3703 619 3790 facimus,
637 3707 721 3791 qnod
738 3706 833 3790 Jeno,
851 3704 941 3791 Opur
956 3710 988 3772 et
1004 3703 1155 3771 Vrbenns
1179 3722 1220 3770 ex

94 3837 163 3883 nne
173 3825 268 3901 perte
282 3837 342 3903 pro
353 3837 390 3883 se
406 3822 439 3883 et
448 3815 517 3883 onis
527 3815 797 3902 consanguineis3
813 3812 918 3899 Belid,
930 3813 1088 3896 Andreas,
1099 3813 1221 3897 Symon

95 3944 138 3991 ex
155 3925 261 3990 altero
287 3942 347 4009 pro
363 3943 400 3990 se
417 3929 449 3990 et
471 3923 539 3988 suis
566 3922 815 4008 consangnineis
840 3921 1086 4010 respondentes,
1110 3939 1221 3987 eornm

95 4032 192 4102 nobis
208 4031 425 4117 oomporendo
434 4031 574 4118 professi
586 4038 670 4116 sunt,
686 4033 787 4099 telem
800 4031 834 4097 in
844 4030 1084 4117 terroipsornm
1102 4026 1220 4095 feoisse

97 4139 305 4224 diuisionem,
331 4139 419 4224 quod
441 4145 560 4206 terrem
574 4139 629 4206 Rit
652 4139 687 4206 in
708 4141 790 4207 dues
811 4145 923 4226 portes
947 4137 1160 4222 diuisissent,
1187 4142 1221 4202 ot

99 4247 286 4335 poroionem
298 4267 338 4314 ex
349 4253 443 4332 porte
452 4246 656 4315 meridionali
667 4247 700 4314 in
711 4246 856 4331 quolibet
867 4245 1003 4313 oirouitu
1013 4243 1221 4329 reliquissent

96 4357 253 4424 maiorem
280 4355 452 4424 latitudine
475 4356 570 4422 nnius
598 4355 738 4442 ingeris,
771 4361 804 4422 et
828 4353 975 4422 eiusdem
999 4359 1084 4420 terre
1114 4359 1220 4421 metes

98 4464 246 4552 predicte
261 4465 309 4530 sio
324 4463 499 4549 procedere
524 4464 720 4530 retulerunt:
740 4461 827 4548 quod
842 4460 966 4528 seilioet
991 4459 1156 4546 egreditur
1175 4464 1219 4529 ab

98 4593 184 4660 eque
199 4573 301 4656 Rebe,
328 4577 361 4639 et
377 4571 468 4639 uadit
485 4571 530 4638 ed
545 4573 660 4657 loonm,
689 4571 745 4656 qui
760 4567 954 4639 Bursoteluk
981 4569 1116 4656 dieitur,
1142 4569 1219 4639 inde
