3210 5194
828 301 988 406 *mg

347 499 648 570 eommendabiliter
666 501 874 587 reportando.
901 501 988 580 Quid
1004 499 1127 586 plura?
1153 500 1205 566 Ad
1219 509 1330 588 partes
1345 505 1477 590 Ruseie,

346 617 378 676 et
393 608 436 676 ad
460 615 570 696 partes
586 609 741 694 Bulgarie
757 609 791 674 in
817 616 928 677 nostra
944 611 1115 694 legacione
1141 613 1313 701 profectus,
1340 615 1384 680 ab
1400 616 1476 681 Illu-

344 717 506 784 strissimo
522 719 614 784 Duce
630 716 770 801 Danela,
797 715 852 800 qui
869 716 1078 785 Tartarorum
1096 719 1249 804 Principe
1273 721 1407 791 uisitato
1433 723 1478 789 ad

343 826 476 913 propria
491 822 633 911 rediens,
658 826 844 893 uniuersum
859 830 980 893 statum
995 826 1215 915 Tartarorum,
1235 835 1332 915 prout
1347 831 1476 898 viderat

342 942 375 1002 et
390 939 595 1019 cognouerat,
613 933 857 1002 edisserendum
873 933 967 1000 nobis
983 934 1176 1021 promiserat
1186 936 1254 1003 stili
1273 936 1381 1006 offitio
1398 958 1472 1005 eon·

342 1044 454 1126 ditum,
471 1043 668 1129 reportauit3
694 1043 727 1109 in
743 1043 899 1126 Bulgaria
914 1062 993 1109 uero
1019 1044 1204 1130 perplures
1227 1064 1357 1113 menses
1382 1047 1472 1116 inuo-

341 1151 482 1217 lunterie
498 1149 657 1237 detentus,
683 1152 857 1237 negocium
873 1151 987 1236 eoiem,
1011 1172 1153 1237 proquo
1173 1173 1246 1220 eum
1265 1154 1473 1240 miseramus,

340 1255 543 1344 promotioni
560 1259 703 1326 reddidit
718 1257 993 1343 commendande3
1019 1259 1140 1327 saliens
1156 1260 1244 1328 idem
1260 1261 1416 1331 Nicolaus
1435 1263 1475 1331 de

340 1366 465 1435 uirtute
480 1365 647 1435 fidelitatis
663 1366 695 1434 in
713 1365 865 1434 uirtutem
882 1365 1084 1452 deuotionis,
1109 1368 1242 1435 easdem
1263 1371 1384 1438 uirtute
1400 1392 1474 1439 oon·

341 1475 469 1542 stanoie
479 1475 575 1560 quasi
585 1473 726 1560 quodam
736 1473 906 1559 signaculo
917 1474 1112 1543 roborando.
1130 1477 1167 1543 ln
1184 1497 1319 1563 quorum
1329 1478 1475 1545 omnium

341 1603 379 1650 ao
398 1581 503 1649 eciam
528 1582 669 1669 plurium
694 1581 906 1649 seruitiorum
931 1583 1012 1668 eius,
1038 1603 1101 1671 que
1124 1584 1234 1652 omnia
1257 1603 1317 1670 per
1340 1585 1478 1670 singula

341 1692 475 1776 longum
493 1697 582 1758 esset
596 1688 730 1758 litterali
740 1691 874 1758 oraculo
887 1691 1037 1778 recitare,
1054 1693 1204 1776 quamuis
1220 1692 1328 1760 minus
1338 1695 1474 1779 dignam

340 1801 373 1866 in
389 1797 730 1887 reconpensationem,
748 1798 857 1865 sibiet
871 1817 1013 1887 pereum
1031 1800 1099 1867 suis
1118 1800 1295 1869 heredibus
1305 1801 1477 1868 heredum-

342 1927 405 1993 que
421 1927 553 1975 suorum
569 1907 809 1974 suecessoribus
825 1905 990 1992 quandam
1006 1915 1124 1976 terram
1140 1907 1246 1976 castri
1267 1911 1371 1977 nostri
1386 1911 1476 1976 Hun-

342 2014 446 2082 tensis
457 2016 609 2100 Koarreg
624 2022 786 2102 uooatam,
803 2015 956 2101 vioinam,
968 2024 1228 2086 oommetaueam
1238 2025 1272 2085 et
1284 2019 1474 2104 contiguam

340 2129 427 2189 terre
454 2121 629 2189 chalamie
653 2130 788 2208 renate,
825 2143 922 2206 quam
946 2131 1021 2212 post
1045 2126 1167 2194 exitum
1192 2128 1403 2194 Tartaromm
1428 2127 1473 2195 de

340 2232 454 2314 Regno
479 2237 601 2317 nostro,
627 2231 760 2297 Buluzlo
786 2232 827 2299 de
843 2233 980 2302 Nadasd
1007 2235 1104 2304 homo
1128 2243 1238 2304 noster
1262 2256 1335 2304 oum
1358 2241 1473 2304 nostro

342 2339 475 2426 registo,
493 2346 645 2425 presente
655 2339 842 2409 testimonio
853 2341 996 2428 Capituli
1007 2343 1186 2431 Veniensis,
1203 2350 1235 2410 et
1245 2347 1348 2411 eoiarn
1358 2365 1475 2412 omnes

342 2446 427 2514 alias
438 2453 544 2514 terras
560 2448 707 2516 eiusdem
718 2447 826 2516 (lustri
842 2452 945 2518 nostri
961 2451 1213 2540 reinpedinerat,
1232 2472 1329 2539 quam
1339 2454 1474 2538 quidem

341 2565 463 2622 terram
478 2556 630 2643 Koarueg
655 2565 816 2643 noestam,
842 2559 902 2625 sub
919 2559 1043 2628 eisdem
1069 2564 1163 2628 metis
1179 2567 1212 2628 et
1227 2563 1382 2646 terminis,
1410 2564 1475 2629 sub

342 2664 459 2748 quibus
475 2672 526 2733 est
542 2666 694 2751 limitata,
711 2665 818 2734 eidem
833 2668 971 2737 Nieoluo
987 2668 1055 2736 filio
1065 2669 1194 2736 Otiohk
1210 2690 1269 2758 pro
1285 2677 1333 2738 tot
1351 2676 1384 2738 et
1400 2678 1475 2738 tan·

341 2773 384 2838 tis
400 2773 549 2860 seruieijs
565 2775 634 2842 suis
649 2775 833 2861 meritoriis,
850 2777 927 2843 lieet
943 2777 1104 2846 modinum
1120 2777 1253 2863 quidem
1269 2779 1320 2866 sit,
1339 2779 1380 2846 de
1395 2800 1474 2848 eon·

341 2900 440 2948 sensu
455 2882 665 2949 etvoluntate
684 2884 827 2951 omnium
843 2885 1021 2952 vicinorum
1033 2892 1065 2953 et
1076 2892 1367 2954 eommetaneorum
1384 2885 1474 2955 diote

341 2995 438 3075 terre,
454 2987 591 3056 Comitis
607 2990 733 3060 seilicet
744 2992 924 3078 Stanizlay,
941 3001 974 3060 et
984 2994 1159 3080 Pangraolj
1176 2993 1235 3079 filij
1252 2994 1323 3078 sui,
1340 3002 1474 3079 aparte

340 3097 493 3166 orientali
509 3098 677 3187 Lamperti
693 3099 754 3167 de.
767 3119 875 3186 aene,
892 3106 925 3168 et
939 3101 1079 3168 filiorum
1095 3120 1245 3188 suornm,
1264 3122 1285 3167 a
1303 3109 1396 3189 parte
1408 3125 1475 3170 me·

340 3205 493 3275 ridionali
511 3207 671 3276 Felioiani
688 3207 729 3276 de
745 3209 1065 3293 thazasehalamia
1083 3217 1116 3277 et
1130 3210 1268 3277 filiorum
1289 3229 1431 3295 suorum,
1451 3232 1474 3278 a

339 3322 434 3400 parte
443 3315 639 3385 occidentali
654 3317 794 3400 Nioolai,
812 3339 851 3385 ao
862 3319 1006 3386 Pazuani
1024 3318 1083 3404 filij
1100 3319 1161 3405 sui,
1178 3325 1211 3386 et
1219 3318 1350 3386 Nioolai
1359 3319 1474 3388 fratris

337 3420 482 3490 Pannani
506 3425 720 3509 personaliter
744 3426 999 3515 adherentium,
1025 3427 1193 3512 dedimus,
1218 3427 1411 3496 donauimns
1435 3437 1471 3495 et

340 3529 533 3597 contulimus
558 3551 631 3598 oum
655 3532 804 3602 omnibus
819 3533 1017 3603 utilitatibus
1033 3543 1066 3602 et
1081 3535 1291 3622 pertinenciis
1315 3537 1383 3602 suis
1399 3537 1470 3602 vui·

339 3637 443 3704 uersis
459 3645 616 3725 perpetuo
632 3646 664 3707 et
678 3641 936 3710 irreuooabiliter
951 3642 1194 3730 possidendam.
1221 3642 1321 3711 Cuius
1337 3642 1471 3727 quidem

338 3751 424 3812 terre
454 3755 540 3814 mete
563 3749 626 3816 hoo
649 3750 762 3818 ordine
785 3750 1029 3837 distinguntur:
1056 3751 1167 3818 Prima
1191 3757 1279 3818 meta
1302 3751 1420 3837 inoipit
1447 3772 1469 3816 a

338 3861 433 3941 parte
457 3854 608 3922 orientali
633 3855 675 3923 de
699 3860 954 3945 terre‘Koaraeg
969 3866 1096 3944 vooata,
1122 3860 1177 3928 rbi
1193 3867 1269 3927 sunt
1300 3859 1363 3926 doe
1380 3865 1468 3926 mete

337 3969 441 4030 terree
456 3962 549 4032 iuxta
566 3964 702 4033 fluuium
720 3965 809 4052 Ipul,
834 3974 866 4033 et
880 3967 926 4033 ibi
943 3968 1032 4035 eadit
1047 3968 1081 4034 in
1098 3970 1204 4055 ipsum
1220 3967 1356 4035 fluuium
1371 3967 1468 4056 Ipul;

339 4071 457 4140 deinde
481 4078 588 4139 autern
614 4071 717 4140 tendit
741 4093 855 4141 uersus
882 4074 1051 4142 meridiem
1079 4078 1123 4144 ad
1147 4086 1268 4145 terram
1290 4076 1470 4162 Lamperti,

337 4199 401 4262 que
422 4179 508 4246 Riba
523 4187 667 4265 uooatur,
693 4187 726 4246 ot
750 4181 850 4247 ourrit
874 4178 907 4248 in
923 4182 998 4270 ipsa
1023 4202 1110 4268 aqua
1129 4203 1188 4272 por
1213 4205 1367 4270 magnum
1392 4203 1468 4269 spa·

337 4285 423 4353 oium
439 4287 555 4373 eundo,
578 4293 610 4354 et
624 4287 670 4354 ibi
686 4286 796 4355 veniet
819 4285 863 4354 ad
877 4289 1062 4356 Haradissa
1082 4290 1229 4358 Castrum
1250 4293 1283 4358 in
1301 4311 1397 4358 unum
1414 4309 1471 4357 ne-

337 4413 408 4461 mus
425 4394 468 4462 ad
484 4394 693 4482 oeoidentem,
719 4394 807 4482 quod
823 4398 923 4482 vulgo
938 4396 1034 4465 Holm
1051 4398 1177 4484 dieitur,
1204 4405 1236 4466 et
1252 4417 1353 4485 prope
1369 4397 1464 4464 illum

337 4501 546 4570 monticulum
571 4524 685 4591 parurn
708 4505 933 4574 descendendo
958 4512 1032 4574 sunt
1057 4505 1119 4573 due
1136 4513 1220 4574 mete
1245 4516 1358 4591 terree,
1387 4507 1471 4572 etin

336 4607 449 4678 eotlem
465 4630 597 4680 nemore
613 4618 662 4678 est
677 4631 740 4678 vna
757 4613 822 4699 via,
839 4613 986 4696 quaerit
1003 4613 1043 4680 de
1061 4615 1119 4682 illo
1138 4635 1279 4701 nemore,
1302 4622 1335 4681 et
1351 4617 1472 4682 transit
