3186 5188
626 896 701 967 130.

102 1063 206 1130 letcdn
233 1065 477 1150 orszcipbrbdnok
492 1088 513 1129 a
528 1065 608 1130 tizcd
624 1065 757 1148 fiecte'ee'l
781 1069 933 1150 tcirpposd
958 1067 1050 1132 itdlcte
1076 1068 1230 1152 aspirem

327 1173 448 1260 priapdlr
462 1179 492 1237 e's
508 1197 527 1238 a
542 1176 685 1258 rcrzwopi
701 1173 791 1259 nepet
807 1175 883 1240 ledat.
905 1176 999 1242 1245.

204 1333 275 1400 Nos
292 1335 474 1418 stephanus
491 1334 574 1401 Aule
590 1335 693 1419 Regis
708 1333 825 1417 Judcx,
844 1335 959 1405 Comes
977 1338 1162 1422 Nitricnsis,
1185 1337 1225 1404 si-

96 1441 292 1525 gnificamus
318 1442 469 1508 omnibus
500 1448 682 1527 presentem
707 1443 864 1529 paginam
890 1446 1105 1531 inspecturis,
1137 1447 1225 1530 quod

95 1549 258 1634 Magistro
275 1550 403 1616 Pecclra
419 1547 583 1616 Canonico
610 1571 648 1616 ac
664 1561 875 1635 procuratore
900 1554 1098 1621 venerabilis
1122 1555 1223 1640 patris

94 1655 202 1723 Adam
222 1657 377 1742 Episcopi
395 1657 579 1739 Nitricusis,
600 1665 632 1724 et
648 1659 777 1745 populis
793 1659 834 1726 de
851 1661 994 1746 Raawag
1012 1661 1120 1728 Castri
1135 1662 1224 1727 Trin-

94 1763 277 1830 cbiniensis
306 1765 339 1829 in
356 1764 457 1830 nostri
478 1764 646 1848 presencia
673 1767 867 1848 constitutis,
894 1773 1085 1852 procurator
1109 1787 1224 1853 propc-

93 1873 160 1940 suit
175 1872 374 1956 antedictae,
402 1872 488 1954 quod
504 1893 577 1939 cum
593 1872 656 1958 ipsi
684 1874 794 1960 populi
811 1873 941 1942 domino
961 1895 1019 1941 suo
1047 1883 1223 1942 memorato

92 1981 261 2068 Episcopo
278 1983 321 2047 ad
338 1981 458 2048 iustam
483 1983 681 2050 solucionem
698 1991 883 2050 tenerentur
898 1983 1107 2068 decimarum,
1129 2004 1164 2051 se
1180 1986 1222 2052 ab

93 2091 154 2156 bac
171 2089 341 2158 solucione
366 2091 504 2156 nitentes
521 2091 694 2177 retrabere,
721 2091 823 2159 iustas
840 2093 984 2160 decimas
1010 2093 1220 2178 denegarent.

92 2197 145 2264 Ad
161 2199 250 2281 quod
269 2197 317 2263 illi
334 2198 578 2282 respondentes,
604 2219 667 2264 non
686 2197 729 2264 ed
749 2197 903 2266 iustarum
928 2198 1136 2282 decimarum,
1163 2199 1221 2266 scd

91 2307 136 2374 ad
152 2306 305 2373 binarum
322 2307 526 2374 solummodo
542 2306 746 2392 capcciarum
765 2305 805 2372 de
822 2307 968 2390 qualibet
983 2307 1154 2375 mensione
1173 2327 1220 2374 so·

90 2415 255 2482 lucionem
280 2413 448 2479 annuatim
464 2434 499 2480 se
516 2413 635 2479 debere
659 2413 771 2498 teneri,
793 2414 988 2482 unanimiter
1007 2413 1219 2481 affirmarunt.

90 2523 236 2601 Quorum
254 2521 364 2604 itaque
390 2521 565 2608 propositis
584 2521 631 2586 sic
648 2519 779 2608 auditis,
797 2521 880 2588 sicut
897 2521 976 2588 ordo
996 2520 1107 2588 iudicii
1123 2520 1219 2605 depo·

1 2697 2 2700 ,
91 2629 217 2712 scebat,
235 2628 439 2713 procuratori
465 2635 701 2714 prememorato
718 2647 814 2712 snper
830 2627 890 2695 hoc
916 2626 1146 2712 probationem
1163 2625 1218 2692 du·

90 2737 198 2802 ximus
214 2733 434 2800 indicendam.
460 2735 524 2801 Die
540 2744 647 2802 autern
665 2735 707 2800 ad
725 2737 784 2802 hoc
801 2743 922 2803 statuto
942 2734 1127 2818 accedente,
1145 2754 1217 2799 cum

89 2845 214 2930 pluries
230 2849 337 2910 tactus
354 2851 545 2930 procurator
572 2864 630 2930 per
647 2845 774 2911 testium
792 2843 1040 2930 producciouem
1060 2850 1148 2910 esset
1163 2862 1217 2927 pa·

89 2965 178 3022 ratus
205 2952 469 3037 adprobandum
495 2970 587 3020 suum
612 2953 824 3040 propositum,
850 2960 916 3018 tam
931 2954 1003 3038 ipsc
1019 2959 1216 3037 procurator,

91 3082 186 3146 quarn
206 3059 309 3126 eciam
326 3061 435 3146 sepius
451 3060 608 3126 nominati
624 3061 735 3144 populi
751 3082 771 3126 a
787 3062 880 3128 nobis
898 3061 1060 3128 humiliter
1078 3061 1216 3146 postula·

89 3178 174 3253 runt,
202 3175 237 3234 ut
252 3167 343 3255 ipsos
370 3168 412 3233 ad
430 3167 700 3252 composicionem
725 3167 980 3252 permitteremus
1008 3169 1093 3234 inter
1111 3186 1157 3250 sc,
1187 3167 1215 3232 si

88 3275 158 3342 fieri
176 3283 299 3362 posset,
316 3276 533 3342 amicabiliter
548 3273 772 3343 ordinandam.
791 3276 863 3354 Qua
876 3276 976 3361 igitur
991 3272 1214 3362 postulacioue

87 3383 314 3450 fauorabilitcr
340 3383 494 3462 admissa,
522 3403 593 3450 cum
619 3382 681 3468 ipsi
701 3383 743 3449 ad
769 3404 827 3450 nos
853 3382 1015 3469 pacificati
1041 3381 1213 3448 rediissent

87 3489 247 3574 pristaldo
266 3497 375 3557 nostro
393 3488 518 3556 Oomitc
531 3491 645 3575 Moyse
662 3490 703 3556 de
720 3490 818 3557 Bortb
845 3489 1018 3572 mediante,
1043 3488 1212 3576 sepissime

1 3589 2 3592 '
88 3598 165 3666 dicti
194 3599 307 3686 populi
333 3605 444 3666 contra
459 3597 524 3662 iam
550 3601 712 3682 prefatum
733 3597 928 3684 Episcopum
955 3618 990 3664 se
1007 3597 1111 3665 minus
1131 3595 1214 3664 iuste

88 3707 288 3790 processisse
299 3710 543 3789 cognoscentes,
561 3723 596 3769 so
614 3703 769 3789 deinceps
780 3703 823 3769 ad
838 3705 997 3769 iustarum
1015 3704 1211 3770 decimarum

88 3814 286 3882 solucionem
298 3813 432 3899 pacifice
443 3812 628 3879 taciendam
639 3831 748 3878 coram
761 3811 854 3878 nobis
871 3810 1004 3878 firmiter
1014 3811 1210 3896 obligarunt.

88 3921 131 3987 Ut
146 3930 257 3987 autom
275 3921 369 3987 buius
386 3919 433 3987 rei
449 3921 553 3986 series
578 3920 673 3985 salua
690 3938 816 4004 sempor
832 3927 864 3982 et
881 3917 1072 3984 inconcussa
1089 3936 1210 4002 perma-

88 4043 171 4113 neat,
190 4039 223 4096 et
240 4049 281 4097 ue
298 4049 438 4114 unquam
452 4031 495 4095 ab
511 4029 578 4095 ullo
596 4046 729 4112 prorsus
745 4027 907 4092 hominum
923 4033 1021 4108 queat
1037 4025 1068 4089 in
1085 4023 1208 4088 irritum

88 4138 246 4221 reuocari,
266 4147 439 4224 presentes
466 4137 685 4204 concessimus
710 4136 837 4202 litteras
855 4136 885 4199 in
905 4136 1126 4217 argumentum
1144 4151 1208 4196 am-

90 4245 203 4330 plioris
228 4243 303 4311 fidei
319 4245 420 4330 sigilli
446 4245 548 4312 nostri
572 4244 747 4310 munimine
772 4244 951 4308 roboratas.
980 4239 1098 4304 Datum
1123 4256 1208 4302 anno

90 4352 257 4418 Dominice
273 4351 515 4418 incarnacionis
531 4354 575 4418 Μυ
587 4351 651 4418 00⁰
662 4351 733 4418 XL⁰
744 4351 793 4416 V⁰.

88 4497 223 4548 ‘Eratlctie
242 4493 416 4560 bb‘rlrrirtydn,
435 4513 452 4545 a
465 4495 688 4561 bartyazsinegon
708 4495 817 4559 triggua
830 4487 921 4556 peccet
934 4492 1072 4548 elucescit,
1092 4505 1109 4540 a
1127 4489 1209 4540 brudei

453 4585 503 4634 kir.
519 4585 637 4637 karuarai
653 4579 839 4644 levdltrirban)

510 4726 782 4739 ——--—----·---
