3226 5194
626 277 780 384 Q—

138 483 171 542 et
197 471 389 565 propinquis
415 478 589 546 eorundem
616 500 636 544 a
664 479 883 564 jobagionatu
908 473 1016 546 castri
1047 477 1265 565 Zaladiensis,

138 584 236 652 simul
253 606 327 653 oum
343 589 438 656 terris
455 587 534 670 suis,
563 607 644 672 quas
659 588 729 653 sine
745 587 927 672 preludieio
938 588 1024 672 juris
1041 588 1140 655 alieni
1157 607 1265 673 posse·

139 693 274 777 dissent,
301 695 482 779 eximendo,
509 695 542 760 in
558 714 728 761 numerum
754 698 908 761 etesium
925 695 1091 763 Nobilium
1117 695 1264 762 Seruian-

138 801 225 868 eiurn
242 804 414 890 Regaliani
441 803 590 870 duxisset
614 800 877 885 transferendam
904 805 1118 890 committens,
1145 811 1177 871 vt
1199 811 1266 870 tam

140 909 218 994 ipsi,
236 929 333 994 quarn
351 931 460 979 eorum
478 910 616 977 heredes
634 910 837 978 etheredum
859 931 990 979 suorum
1007 931 1210 979 successores
1228 931 1268 977 ea

136 1017 306 1100 gaudeant
324 1019 484 1102 libertate,
503 1023 617 1104 quaet
633 1020 731 1086 aeteri
747 1021 853 1104 Regni
870 1019 922 1086 sui
931 1017 1067 1087 Nobiles
1078 1019 1264 1087 Seruientes

135 1127 282 1211 Regales
300 1125 562 1195 dinosseerentur
578 1127 755 1214 gratulari3
780 1133 903 1194 terram
919 1147 1031 1195 eorum
1053 1147 1112 1214 per
1130 1127 1266 1195 (lothar-

137 1233 217 1300 dum
234 1233 275 1300 de
285 1233 397 1321 Ohoby
415 1233 578 1302 hominem
594 1254 686 1302 suum
700 1234 760 1302 sub
776 1234 960 1302 testimonio
972 1234 1157 1302 conuentus
1173 1233 1267 1301 Zala-

139 1345 269 1411 diensis
296 1345 338 1410 ab
355 1345 494 1411 aliorum
520 1345 615 1411 terris
642 1353 800 1411 metarum
827 1345 860 1410 iu
879 1344 993 1412 eodem
1019 1343 1193 1431 priuilegio
1213 1364 1267 1410 ex-

137 1471 327 1536 pressarum
341 1451 608 1519 distinctionibus
619 1451 803 1537 separando
813 1453 876 1519 stb.
890 1489 932 1501 -
945 1489 982 1500 —-
996 1453 1118 1519 Datum
1128 1453 1267 1539 septimo

138 1561 193 1626 dio
211 1557 489 1644 Congregaeionis
505 1558 650 1645 predicte
667 1579 752 1624 anno
765 1560 897 1626 Domini
914 1559 1088 1626 millesimo
1108 1565 1265 1625 trecente-

137 1668 220 1736 simo
238 1667 511 1752 quinquagesimo
528 1675 655 1751 quiade.

279 1867 418 1927 (Eredetie
431 1862 605 1930 bdrhr'ertyr'rn,
620 1881 636 1915 a
649 1865 731 1916 budai
745 1866 795 1918 kir.
806 1865 928 1916 kamarai
942 1863 1130 1935 levdltdrban.)

138 2785 158 2855 ,I
166 2787 202 2855 V.
218 2787 348 2855 Scirtdor
370 2789 459 2876 pdpo
475 2811 515 2852 ez.
532 2783 647 2852 Mr'lrlds
656 2787 774 2870 jadai
788 2785 1068 2872 opacae-zdrddjdt
1083 2811 1118 2852 uz
1134 2792 1267 2876 apostoli

136 2898 261 2963 azeltnelr
276 2897 405 2962 torturus
423 2893 616 2983 prirtfopdra
633 2896 688 2960 olet
703 2900 805 2974 oeoe'n,
831 2895 1059 2979 eqpszorsmt'nd
1085 2897 1215 2962 birlol’o't
1237 2901 1268 2962 6⁸

441 3005 513 3090 joyi
527 3003 646 3068 utimur
660 3004 841 3088 stepo-idria.
866 3005 961 3068 1260.

250 3200 438 3269 Alexander
448 3197 633 3287 Episoopus
650 3215 764 3266 seruus
780 3215 949 3265 seruorum
958 3198 1023 3264 Dei
1039 3197 1167 3264 dileetio
1187 3197 1267 3266 filia-

138 3311 203 3378 bus
222 3359 229 3375 .
248 3361 256 3376 .
274 3365 280 3379 .
300 3307 476 3377 Abbatisse
493 3305 681 3372 llonasterii
706 3303 819 3373 Sanoti
834 3305 963 3372 Nieolai
979 3304 1161 3392 ledrensis,
1185 3304 1268 3373 eius-

138 3438 203 3504 que
218 3416 384 3487 sororibns
400 3423 467 3483 tam
486 3414 692 3500 presentibus
716 3432 814 3497 quam
829 3413 946 3481 futuris
963 3415 1148 3499 regularem
1163 3415 1267 3481 vitam

140 3526 341 3615 protessisin
354 3529 556 3611 perpetuum,
569 3523 708 3590 salutem
721 3529 754 3588 et
763 3521 986 3608 Apostolioam
996 3522 1267 3592 benedictionem.

138 3635 341 3721 Religiosam
352 3633 454 3699 vitam
465 3630 663 3716 eligentibus
673 3628 897 3716 Apotolieum
907 3633 1059 3700 conuenit
1069 3633 1186 3699 adesse
1195 3652 1265 3718 pre-

138 3745 269 3834 sidium,
285 3764 327 3810 ne
344 3741 427 3808 forte
444 3739 617 3807 ouiuslibet
633 3737 993 3807 temeritatls'ineursus
1011 3747 1067 3806 aut
1087 3759 1145 3806 aas
1161 3759 1182 3804 a
1196 3759 1268 3823 pro·

137 3853 248 3941 posito
264 3851 404 3933 revoeet,
422 3854 478 3914 aut
494 3848 601 3930 robur,
620 3845 706 3930 qnod
722 3845 818 3930 absit,
836 3866 928 3914 sacre
938 3845 1109 3931 religionis
1126 3851 1266 3914 enervet.

138 3965 333 4048 Idapropter‚
352 3957 472 4024 dileete
482 3955 515 4021 in
527 3953 656 4023 Christo
665 3954 742 4040 filie,
755 3956 874 4022 vestris
884 3955 978 4022 iustis
991 3953 1266 4041 postulationibus

140 4072 317 4138 elementer
327 4064 511 4148 annuimus,
529 4071 561 4129 et
570 4064 805 4131 Monasterium
818 4063 929 4130 Sancti
940 4063 1070 4132 Nicolai
1080 4061 1101 4130 J
1104 4061 1265 4148 adrensis,

138 4179 172 4245 ln
197 4197 261 4262 qno
277 4173 397 4243 Diuino
425 4170 506 4237 estis
532 4171 689 4256 obsequio
709 4171 904 4254 mancipate,
930 4171 991 4237 sub
1007 4171 1100 4237 Beati
1120 4171 1209 4238 Petri
1234 4179 1267 4240 et

137 4292 252 4354 nostra
268 4281 470 4370 protentione
495 4277 702 4364 suseipimus,
720 4284 753 4343 et
770 4277 930 4364 presentis
955 4278 1069 4366 scripti
1089 4275 1263 4366 priuilegio

139 4392 384 4463 communimus.
411 4385 581 4474 Inprimis
607 4383 767 4470 siquidem
783 4393 974 4474 statuentes,
1002 4394 1037 4454 ut
1052 4387 1133 4455 ordo
1158 4405 1267 4453 mona-

139 4509 252 4586 sticus,
268 4497 324 4585 qui
342 4495 519 4564 seeundum
531 4495 636 4559 Deum
652 4499 685 4559 et
700 4492 796 4559 Beati
806 4493 975 4564 Benedicti
992 4495 1150 4580 regulam,
1167 4499 1266 4580 atque

139 4611 377 4685 institutionem
395 4601 584 4672 monialium
607 4598 807 4668 inclusarum
822 4603 934 4671 Sancti
950 4604 1104 4671 Damiani
1121 4600 1266 4670 Asisina-
