<?xml version="1.0" encoding="UTF-8"?>
<!DOCTYPE html PUBLIC "-//W3C//DTD XHTML 1.0 Transitional//EN"
    "http://www.w3.org/TR/xhtml1/DTD/xhtml1-transitional.dtd">
<html xmlns="http://www.w3.org/1999/xhtml" xml:lang="en" lang="en">
 <head>
  <title>
</title>
<meta http-equiv="Content-Type" content="text/html;charset=utf-8" />
  <meta name='ocr-system' content='tesseract 3.04.00' />
  <meta name='ocr-capabilities' content='ocr_page ocr_carea ocr_par ocr_line ocrx_word'/>
</head>
<body>
  <div class='ocr_page' id='page_1' title='image "./codexdiplomatic18wenzgoog_0166.png"; bbox 0 0 3210 5194; ppageno 0'>
   <div class='ocr_carea' id='block_1_1' title="bbox 798 326 959 431">
    <p class='ocr_par' dir='ltr' id='par_1_1' title="bbox 798 326 959 431">
     <span class='ocr_line' id='line_1_1' title="bbox 798 326 959 431; baseline 0 -35"><span class='ocrx_word' id='word_1_1' title='bbox 798 326 959 431; x_wconf 51' lang='lat'><strong>„132-</strong></span> 
     </span>
    </p>
   </div>
   <div class='ocr_carea' id='block_1_2' title="bbox 297 520 1449 4248">
    <p class='ocr_par' dir='ltr' id='par_1_2' title="bbox 297 520 1449 4248">
     <span class='ocr_line' id='line_1_2' title="bbox 315 520 1449 612; baseline -0.005 -18"><span class='ocrx_word' id='word_1_2' title='bbox 315 528 489 610; x_wconf 86' lang='lat' dir='ltr'><strong>maoulata,</strong></span> <span class='ocrx_word' id='word_1_3' title='bbox 514 525 620 612; x_wconf 84' lang='lat' dir='ltr'><strong>spirat</strong></span> <span class='ocrx_word' id='word_1_4' title='bbox 635 529 745 592; x_wconf 65' lang='lat' dir='ltr'><strong>umen</strong></span> <span class='ocrx_word' id='word_1_5' title='bbox 760 523 948 592; x_wconf 90' lang='lat' dir='ltr'><strong>etintendit</strong></span> <span class='ocrx_word' id='word_1_6' title='bbox 962 522 1107 610; x_wconf 91' lang='lat' dir='ltr'><strong>primeue</strong></span> <span class='ocrx_word' id='word_1_7' title='bbox 1122 520 1284 588; x_wconf 77' lang='lat' dir='ltr'><strong>libertatis</strong></span> <span class='ocrx_word' id='word_1_8' title='bbox 1299 540 1359 589; x_wconf 89' lang='lat' dir='ltr'><strong>sue</strong></span> <span class='ocrx_word' id='word_1_9' title='bbox 1375 521 1449 606; x_wconf 90' lang='lat' dir='ltr'><strong>glo·</strong></span> 
     </span>
     <span class='ocr_line' id='line_1_3' title="bbox 314 628 1448 716; baseline -0.003 -17"><span class='ocrx_word' id='word_1_10' title='bbox 314 633 365 699; x_wconf 88' lang='lat' dir='ltr'><strong>rie</strong></span> <span class='ocrx_word' id='word_1_11' title='bbox 381 631 563 701; x_wconf 83' lang='lat' dir='ltr'><strong>reformari.</strong></span> <span class='ocrx_word' id='word_1_12' title='bbox 579 634 622 699; x_wconf 79' lang='lat' dir='ltr'><strong>lit</strong></span> <span class='ocrx_word' id='word_1_13' title='bbox 634 631 785 716; x_wconf 91' lang='lat' dir='ltr'><strong>quamuis</strong></span> <span class='ocrx_word' id='word_1_14' title='bbox 801 630 1022 700; x_wconf 86' lang='lat' dir='ltr'><strong>diuersimode</strong></span> <span class='ocrx_word' id='word_1_15' title='bbox 1030 628 1148 697; x_wconf 90' lang='lat' dir='ltr'><strong>irretiti</strong></span> <span class='ocrx_word' id='word_1_16' title='bbox 1163 637 1303 711; x_wconf 75' lang='lat' dir='ltr'><strong>querant</strong></span> <span class='ocrx_word' id='word_1_17' title='bbox 1318 647 1448 696; x_wconf 84' lang='lat' dir='ltr'><strong>summo</strong></span> 
     </span>
     <span class='ocr_line' id='line_1_4' title="bbox 315 730 1449 826; baseline -0.005 -18"><span class='ocrx_word' id='word_1_18' title='bbox 315 730 423 809; x_wconf 91' lang='lat' dir='ltr'><strong>studio</strong></span> <span class='ocrx_word' id='word_1_19' title='bbox 439 740 644 825; x_wconf 68' lang='lat' dir='ltr'><strong>libertatem</strong></span> <span class='ocrx_word' id='word_1_20' title='bbox 670 739 716 826; x_wconf 91' lang='lat' dir='ltr'><strong>hij</strong></span> <span class='ocrx_word' id='word_1_21' title='bbox 734 746 845 807; x_wconf 90' lang='lat' dir='ltr'><strong>tamen</strong></span> <span class='ocrx_word' id='word_1_22' title='bbox 860 737 1033 807; x_wconf 85' lang='lat' dir='ltr'><strong>decencius</strong></span> <span class='ocrx_word' id='word_1_23' title='bbox 1057 743 1290 824; x_wconf 74' lang='lat' dir='ltr'><strong>promerentur,</strong></span> <span class='ocrx_word' id='word_1_24' title='bbox 1307 755 1449 822; x_wconf 90' lang='lat' dir='ltr'><strong>quorum</strong></span> 
     </span>
     <span class='ocr_line' id='line_1_5' title="bbox 314 843 1448 934; baseline -0.004 -20"><span class='ocrx_word' id='word_1_25' title='bbox 314 847 456 914; x_wconf 85' lang='lat' dir='ltr'><strong>fidelitas</strong></span> <span class='ocrx_word' id='word_1_26' title='bbox 471 868 532 934; x_wconf 91' lang='lat' dir='ltr'><strong>per</strong></span> <span class='ocrx_word' id='word_1_27' title='bbox 547 847 649 914; x_wconf 87' lang='lat' dir='ltr'><strong>multa</strong></span> <span class='ocrx_word' id='word_1_28' title='bbox 664 846 806 915; x_wconf 85' lang='lat' dir='ltr'><strong>seruicia</strong></span> <span class='ocrx_word' id='word_1_29' title='bbox 822 846 1037 934; x_wconf 76' lang='lat' dir='ltr'><strong>comprobata</strong></span> <span class='ocrx_word' id='word_1_30' title='bbox 1052 844 1136 911; x_wconf 84' lang='lat' dir='ltr'><strong>satis</strong></span> <span class='ocrx_word' id='word_1_31' title='bbox 1160 843 1259 929; x_wconf 88' lang='lat' dir='ltr'><strong>digne</strong></span> <span class='ocrx_word' id='word_1_32' title='bbox 1275 862 1312 911; x_wconf 89' lang='lat' dir='ltr'><strong>se</strong></span> <span class='ocrx_word' id='word_1_33' title='bbox 1327 844 1448 920; x_wconf 88' lang='lat' dir='ltr'><strong>eonsti-</strong></span> 
     </span>
     <span class='ocr_line' id='line_1_6' title="bbox 314 950 1449 1041; baseline -0.003 -21"><span class='ocrx_word' id='word_1_34' title='bbox 314 954 378 1020; x_wconf 93' lang='lat' dir='ltr'><strong>tuit</strong></span> <span class='ocrx_word' id='word_1_35' title='bbox 391 953 537 1041; x_wconf 90' lang='lat' dir='ltr'><strong>precium</strong></span> <span class='ocrx_word' id='word_1_36' title='bbox 561 953 733 1021; x_wconf 79' lang='lat' dir='ltr'><strong>libertatis.</strong></span> <span class='ocrx_word' id='word_1_37' title='bbox 757 951 901 1020; x_wconf 77' lang='lat' dir='ltr'><strong>Proinde</strong></span> <span class='ocrx_word' id='word_1_38' title='bbox 927 951 971 1020; x_wconf 87' lang='lat' dir='ltr'><strong>ad</strong></span> <span class='ocrx_word' id='word_1_39' title='bbox 987 950 1212 1018; x_wconf 88' lang='lat' dir='ltr'><strong>uniuersorum</strong></span> <span class='ocrx_word' id='word_1_40' title='bbox 1238 951 1449 1038; x_wconf 90' lang='lat' dir='ltr'><strong>presencium</strong></span> 
     </span>
     <span class='ocr_line' id='line_1_7' title="bbox 314 1054 1449 1146; baseline -0.004 -20"><span class='ocrx_word' id='word_1_41' title='bbox 314 1066 348 1126; x_wconf 91' lang='lat' dir='ltr'><strong>et</strong></span> <span class='ocrx_word' id='word_1_42' title='bbox 362 1067 565 1146; x_wconf 81' lang='lat' dir='ltr'><strong>posterorum</strong></span> <span class='ocrx_word' id='word_1_43' title='bbox 581 1059 740 1128; x_wconf 89' lang='lat' dir='ltr'><strong>noticiam</strong></span> <span class='ocrx_word' id='word_1_44' title='bbox 755 1061 870 1126; x_wconf 90' lang='lat' dir='ltr'><strong>harum</strong></span> <span class='ocrx_word' id='word_1_45' title='bbox 887 1056 972 1126; x_wconf 89' lang='lat' dir='ltr'><strong>serie</strong></span> <span class='ocrx_word' id='word_1_46' title='bbox 997 1057 1145 1124; x_wconf 91' lang='lat' dir='ltr'><strong>uolumus</strong></span> <span class='ocrx_word' id='word_1_47' title='bbox 1160 1054 1340 1142; x_wconf 91' lang='lat' dir='ltr'><strong>peruenire,</strong></span> <span class='ocrx_word' id='word_1_48' title='bbox 1356 1056 1449 1140; x_wconf 90' lang='lat' dir='ltr'><strong>quod</strong></span> 
     </span>
     <span class='ocr_line' id='line_1_8' title="bbox 316 1161 1447 1250; baseline -0.003 -18"><span class='ocrx_word' id='word_1_49' title='bbox 316 1187 375 1235; x_wconf 88' lang='lat' dir='ltr'><strong>nos</strong></span> <span class='ocrx_word' id='word_1_50' title='bbox 391 1165 636 1236; x_wconf 77' lang='lat' dir='ltr'><strong>considerantes</strong></span> <span class='ocrx_word' id='word_1_51' title='bbox 661 1165 855 1234; x_wconf 87' lang='lat' dir='ltr'><strong>multimoda</strong></span> <span class='ocrx_word' id='word_1_52' title='bbox 880 1164 1023 1233; x_wconf 90' lang='lat' dir='ltr'><strong>seruicia</strong></span> <span class='ocrx_word' id='word_1_53' title='bbox 1040 1162 1191 1248; x_wconf 81' lang='lat' dir='ltr'><strong>Magistri</strong></span> <span class='ocrx_word' id='word_1_54' title='bbox 1207 1165 1376 1250; x_wconf 87' lang='lat' dir='ltr'><strong>Seemeyts</strong></span> <span class='ocrx_word' id='word_1_55' title='bbox 1402 1161 1447 1230; x_wconf 93' lang='lat' dir='ltr'><strong>de</strong></span> 
     </span>
     <span class='ocr_line' id='line_1_9' title="bbox 316 1271 1446 1360; baseline -0.001 -21"><span class='ocrx_word' id='word_1_56' title='bbox 316 1273 399 1341; x_wconf 85' lang='lat' dir='ltr'><strong>uilla</strong></span> <span class='ocrx_word' id='word_1_57' title='bbox 413 1273 582 1360; x_wconf 88' lang='lat' dir='ltr'><strong>Budugey,</strong></span> <span class='ocrx_word' id='word_1_58' title='bbox 599 1273 760 1341; x_wconf 81' lang='lat' dir='ltr'><strong>aurifabri</strong></span> <span class='ocrx_word' id='word_1_59' title='bbox 769 1272 939 1341; x_wconf 83' lang='lat' dir='ltr'><strong>carissime</strong></span> <span class='ocrx_word' id='word_1_60' title='bbox 955 1271 1114 1340; x_wconf 88' lang='lat' dir='ltr'><strong>consortis</strong></span> <span class='ocrx_word' id='word_1_61' title='bbox 1133 1278 1243 1339; x_wconf 87' lang='lat' dir='ltr'><strong>nostre</strong></span> <span class='ocrx_word' id='word_1_62' title='bbox 1257 1273 1301 1338; x_wconf 88' lang='grc' dir='ltr'><strong>Μ.</strong></span> <span class='ocrx_word' id='word_1_63' title='bbox 1317 1272 1446 1356; x_wconf 85' lang='lat' dir='ltr'><strong>Regine</strong></span> 
     </span>
     <span class='ocr_line' id='line_1_10' title="bbox 314 1377 1446 1469; baseline -0.001 -22"><span class='ocrx_word' id='word_1_64' title='bbox 314 1380 492 1469; x_wconf 90' lang='lat' dir='ltr'><strong>Hungarie,</strong></span> <span class='ocrx_word' id='word_1_65' title='bbox 510 1401 573 1464; x_wconf 90' lang='lat' dir='ltr'><strong>que</strong></span> <span class='ocrx_word' id='word_1_66' title='bbox 582 1380 677 1449; x_wconf 85' lang='lat' dir='ltr'><strong>nobis</strong></span> <span class='ocrx_word' id='word_1_67' title='bbox 690 1387 723 1448; x_wconf 91' lang='lat' dir='ltr'><strong>et</strong></span> <span class='ocrx_word' id='word_1_68' title='bbox 739 1379 804 1448; x_wconf 89' lang='lat' dir='ltr'><strong>sibi</strong></span> <span class='ocrx_word' id='word_1_69' title='bbox 820 1400 841 1447; x_wconf 93' lang='lat' dir='ltr'><strong>a</strong></span> <span class='ocrx_word' id='word_1_70' title='bbox 856 1379 1036 1467; x_wconf 89' lang='lat' dir='ltr'><strong>puerilibus</strong></span> <span class='ocrx_word' id='word_1_71' title='bbox 1049 1378 1145 1446; x_wconf 83' lang='lat' dir='ltr'><strong>annis</strong></span> <span class='ocrx_word' id='word_1_72' title='bbox 1161 1377 1307 1446; x_wconf 89' lang='lat' dir='ltr'><strong>noscitur</strong></span> <span class='ocrx_word' id='word_1_73' title='bbox 1321 1378 1446 1465; x_wconf 86' lang='lat' dir='ltr'><strong>impen-</strong></span> 
     </span>
     <span class='ocr_line' id='line_1_11' title="bbox 315 1483 1446 1572; baseline -0.004 -17"><span class='ocrx_word' id='word_1_74' title='bbox 315 1487 403 1555; x_wconf 85' lang='lat' dir='ltr'><strong>disse</strong></span> <span class='ocrx_word' id='word_1_75' title='bbox 418 1486 557 1555; x_wconf 88' lang='lat' dir='ltr'><strong>fideliter</strong></span> <span class='ocrx_word' id='word_1_76' title='bbox 573 1494 606 1554; x_wconf 89' lang='lat' dir='ltr'><strong>et</strong></span> <span class='ocrx_word' id='word_1_77' title='bbox 620 1486 749 1570; x_wconf 91' lang='lat' dir='ltr'><strong>deuote,</strong></span> <span class='ocrx_word' id='word_1_78' title='bbox 777 1486 833 1572; x_wconf 91' lang='lat' dir='ltr'><strong>qui</strong></span> <span class='ocrx_word' id='word_1_79' title='bbox 849 1493 882 1554; x_wconf 90' lang='lat' dir='ltr'><strong>et</strong></span> <span class='ocrx_word' id='word_1_80' title='bbox 898 1486 1042 1553; x_wconf 79' lang='lat' dir='ltr'><strong>manime</strong></span> <span class='ocrx_word' id='word_1_81' title='bbox 1056 1491 1133 1552; x_wconf 88' lang='lat' dir='ltr'><strong>tunc</strong></span> <span class='ocrx_word' id='word_1_82' title='bbox 1155 1483 1312 1571; x_wconf 87' lang='lat' dir='ltr'><strong>probatus</strong></span> <span class='ocrx_word' id='word_1_83' title='bbox 1335 1485 1446 1552; x_wconf 77' lang='lat' dir='ltr'><strong>extitit</strong></span> 
     </span>
     <span class='ocr_line' id='line_1_12' title="bbox 313 1590 1445 1680; baseline -0.004 -18"><span class='ocrx_word' id='word_1_84' title='bbox 313 1601 471 1678; x_wconf 87' lang='lat' dir='ltr'><strong>tanquam</strong></span> <span class='ocrx_word' id='word_1_85' title='bbox 487 1613 611 1677; x_wconf 91' lang='lat' dir='ltr'><strong>aurum,</strong></span> <span class='ocrx_word' id='word_1_86' title='bbox 635 1614 708 1660; x_wconf 92' lang='lat' dir='ltr'><strong>eum</strong></span> <span class='ocrx_word' id='word_1_87' title='bbox 725 1594 873 1680; x_wconf 87' lang='lat' dir='ltr'><strong>Regnum</strong></span> <span class='ocrx_word' id='word_1_88' title='bbox 889 1600 1037 1661; x_wconf 90' lang='lat' dir='ltr'><strong>nostrum</strong></span> <span class='ocrx_word' id='word_1_89' title='bbox 1053 1591 1173 1659; x_wconf 91' lang='lat' dir='ltr'><strong>Diuino</strong></span> <span class='ocrx_word' id='word_1_90' title='bbox 1188 1590 1310 1658; x_wconf 90' lang='lat' dir='ltr'><strong>iudicio</strong></span> <span class='ocrx_word' id='word_1_91' title='bbox 1326 1591 1445 1660; x_wconf 79' lang='lat' dir='ltr'><strong>fornax</strong></span> 
     </span>
     <span class='ocr_line' id='line_1_13' title="bbox 314 1697 1445 1786; baseline -0.004 -18"><span class='ocrx_word' id='word_1_92' title='bbox 314 1700 525 1768; x_wconf 89' lang='lat' dir='ltr'><strong>succenderat</strong></span> <span class='ocrx_word' id='word_1_93' title='bbox 539 1699 794 1786; x_wconf 72' lang='lat' dir='ltr'><strong>&#39;Partharorum5</strong></span> <span class='ocrx_word' id='word_1_94' title='bbox 819 1720 896 1766; x_wconf 89' lang='lat' dir='ltr'><strong>nam</strong></span> <span class='ocrx_word' id='word_1_95' title='bbox 911 1698 1021 1766; x_wconf 92' lang='lat' dir='ltr'><strong>multis</strong></span> <span class='ocrx_word' id='word_1_96' title='bbox 1038 1706 1123 1766; x_wconf 85' lang='lat' dir='ltr'><strong>retro</strong></span> <span class='ocrx_word' id='word_1_97' title='bbox 1149 1697 1344 1764; x_wconf 90' lang='lat' dir='ltr'><strong>abeuntibus</strong></span> <span class='ocrx_word' id='word_1_98' title='bbox 1368 1698 1445 1785; x_wconf 90' lang='lat' dir='ltr'><strong>ipse</strong></span> 
     </span>
     <span class='ocr_line' id='line_1_14' title="bbox 314 1803 1444 1893; baseline -0.002 -19"><span class='ocrx_word' id='word_1_99' title='bbox 314 1807 481 1876; x_wconf 85' lang='lat' dir='ltr'><strong>fidelitatis</strong></span> <span class='ocrx_word' id='word_1_100' title='bbox 504 1807 640 1893; x_wconf 91' lang='lat' dir='ltr'><strong>glutino,</strong></span> <span class='ocrx_word' id='word_1_101' title='bbox 668 1826 733 1892; x_wconf 89' lang='lat' dir='ltr'><strong>qua</strong></span> <span class='ocrx_word' id='word_1_102' title='bbox 755 1807 914 1893; x_wconf 89' lang='lat' dir='ltr'><strong>pollebat,</strong></span> <span class='ocrx_word' id='word_1_103' title='bbox 941 1806 1064 1874; x_wconf 89' lang='lat' dir='ltr'><strong>relictis</strong></span> <span class='ocrx_word' id='word_1_104' title='bbox 1089 1803 1158 1872; x_wconf 85' lang='lat' dir='ltr'><strong>suis</strong></span> <span class='ocrx_word' id='word_1_105' title='bbox 1181 1803 1275 1871; x_wconf 88' lang='lat' dir='ltr'><strong>nobis</strong></span> <span class='ocrx_word' id='word_1_106' title='bbox 1299 1804 1444 1890; x_wconf 85' lang='lat' dir='ltr'><strong>adhesit,</strong></span> 
     </span>
     <span class='ocr_line' id='line_1_15' title="bbox 316 1912 1444 1999; baseline -0.007 -15"><span class='ocrx_word' id='word_1_107' title='bbox 316 1916 495 1984; x_wconf 87' lang='lat' dir='ltr'><strong>officiosum</strong></span> <span class='ocrx_word' id='word_1_108' title='bbox 511 1934 547 1981; x_wconf 88' lang='lat' dir='ltr'><strong>se</strong></span> <span class='ocrx_word' id='word_1_109' title='bbox 572 1913 729 1982; x_wconf 78' lang='lat' dir='ltr'><strong>exhibens</strong></span> <span class='ocrx_word' id='word_1_110' title='bbox 745 1914 779 1980; x_wconf 94' lang='lat' dir='ltr'><strong>in</strong></span> <span class='ocrx_word' id='word_1_111' title='bbox 796 1914 945 1982; x_wconf 90' lang='lat' dir='ltr'><strong>omnibus</strong></span> <span class='ocrx_word' id='word_1_112' title='bbox 961 1923 993 1981; x_wconf 88' lang='lat' dir='ltr'><strong>et</strong></span> <span class='ocrx_word' id='word_1_113' title='bbox 1017 1913 1147 1982; x_wconf 86' lang='lat' dir='ltr'><strong>fidelem</strong></span> <span class='ocrx_word' id='word_1_114' title='bbox 1161 1937 1168 1999; x_wconf 89' lang='lat'>;</span> <span class='ocrx_word' id='word_1_115' title='bbox 1195 1921 1303 1981; x_wconf 88' lang='lat' dir='ltr'><strong>mente</strong></span> <span class='ocrx_word' id='word_1_116' title='bbox 1318 1912 1444 1981; x_wconf 87' lang='lat' dir='ltr'><strong>stabili-</strong></span> 
     </span>
     <span class='ocr_line' id='line_1_16' title="bbox 314 2020 1443 2108; baseline -0.002 -18"><span class='ocrx_word' id='word_1_117' title='bbox 314 2029 385 2090; x_wconf 82' lang='lat' dir='ltr'><strong>mtus</strong></span> <span class='ocrx_word' id='word_1_118' title='bbox 401 2023 575 2091; x_wconf 87' lang='lat' dir='ltr'><strong>honestare</strong></span> <span class='ocrx_word' id='word_1_119' title='bbox 601 2020 709 2106; x_wconf 92' lang='lat' dir='ltr'><strong>ipsum</strong></span> <span class='ocrx_word' id='word_1_120' title='bbox 725 2023 758 2088; x_wconf 94' lang='lat' dir='ltr'><strong>in</strong></span> <span class='ocrx_word' id='word_1_121' title='bbox 775 2022 943 2090; x_wconf 88' lang='lat' dir='ltr'><strong>laboribus</strong></span> <span class='ocrx_word' id='word_1_122' title='bbox 960 2023 1039 2107; x_wconf 91' lang='lat' dir='ltr'><strong>suis,</strong></span> <span class='ocrx_word' id='word_1_123' title='bbox 1065 2029 1097 2089; x_wconf 89' lang='lat' dir='ltr'><strong>et</strong></span> <span class='ocrx_word' id='word_1_124' title='bbox 1112 2042 1171 2108; x_wconf 90' lang='lat' dir='ltr'><strong>pro</strong></span> <span class='ocrx_word' id='word_1_125' title='bbox 1187 2041 1247 2089; x_wconf 88' lang='lat' dir='ltr'><strong>sue</strong></span> <span class='ocrx_word' id='word_1_126' title='bbox 1272 2020 1443 2089; x_wconf 87' lang='lat' dir='ltr'><strong>fidelitatis</strong></span> 
     </span>
     <span class='ocr_line' id='line_1_17' title="bbox 314 2129 1443 2216; baseline -0.002 -18"><span class='ocrx_word' id='word_1_127' title='bbox 314 2151 353 2198; x_wconf 91' lang='lat' dir='ltr'><strong>ac</strong></span> <span class='ocrx_word' id='word_1_128' title='bbox 369 2130 580 2197; x_wconf 87' lang='lat' dir='ltr'><strong>seruioiornm</strong></span> <span class='ocrx_word' id='word_1_129' title='bbox 605 2129 795 2197; x_wconf 85' lang='lat' dir='ltr'><strong>constancia</strong></span> <span class='ocrx_word' id='word_1_130' title='bbox 810 2129 918 2214; x_wconf 90' lang='lat' dir='ltr'><strong>ipsum</strong></span> <span class='ocrx_word' id='word_1_131' title='bbox 942 2136 1098 2216; x_wconf 89' lang='lat' dir='ltr'><strong>perpetue</strong></span> <span class='ocrx_word' id='word_1_132' title='bbox 1123 2129 1284 2196; x_wconf 89' lang='lat' dir='ltr'><strong>libertatis</strong></span> <span class='ocrx_word' id='word_1_133' title='bbox 1308 2149 1443 2196; x_wconf 88' lang='lat' dir='ltr'><strong>munere</strong></span> 
     </span>
     <span class='ocr_line' id='line_1_18' title="bbox 314 2233 1442 2323; baseline -0.004 -17"><span class='ocrx_word' id='word_1_134' title='bbox 314 2238 480 2306; x_wconf 89' lang='lat' dir='ltr'><strong>decorare.</strong></span> <span class='ocrx_word' id='word_1_135' title='bbox 512 2233 697 2303; x_wconf 76' lang='lat' dir='ltr'><strong>decedente</strong></span> <span class='ocrx_word' id='word_1_136' title='bbox 723 2235 885 2321; x_wconf 87' lang='lat' dir='ltr'><strong>siquidem</strong></span> <span class='ocrx_word' id='word_1_137' title='bbox 910 2237 954 2304; x_wconf 89' lang='lat' dir='ltr'><strong>ad</strong></span> <span class='ocrx_word' id='word_1_138' title='bbox 978 2237 1252 2323; x_wconf 78' lang='lat' dir='ltr'><strong>complementum</strong></span> <span class='ocrx_word' id='word_1_139' title='bbox 1284 2235 1442 2321; x_wconf 91' lang='lat' dir='ltr'><strong>desiderij</strong></span> 
     </span>
     <span class='ocr_line' id='line_1_19' title="bbox 312 2341 1441 2429; baseline -0.003 -16"><span class='ocrx_word' id='word_1_140' title='bbox 312 2346 425 2429; x_wconf 91' lang='lat' dir='ltr'><strong>nostri,</strong></span> <span class='ocrx_word' id='word_1_141' title='bbox 450 2364 514 2411; x_wconf 92' lang='lat' dir='ltr'><strong>non</strong></span> <span class='ocrx_word' id='word_1_142' title='bbox 539 2344 645 2411; x_wconf 92' lang='lat' dir='ltr'><strong>solum</strong></span> <span class='ocrx_word' id='word_1_143' title='bbox 661 2361 822 2412; x_wconf 86' lang='lat' dir='ltr'><strong>consensu</strong></span> <span class='ocrx_word' id='word_1_144' title='bbox 847 2341 1058 2412; x_wconf 87' lang='lat' dir='ltr'><strong>dilectissime</strong></span> <span class='ocrx_word' id='word_1_145' title='bbox 1084 2350 1194 2411; x_wconf 88' lang='lat' dir='ltr'><strong>nostre</strong></span> <span class='ocrx_word' id='word_1_146' title='bbox 1214 2343 1441 2429; x_wconf 88' lang='lat' dir='ltr'><strong>prenominate</strong></span> 
     </span>
     <span class='ocr_line' id='line_1_20' title="bbox 312 2449 1441 2536; baseline -0.003 -17"><span class='ocrx_word' id='word_1_147' title='bbox 312 2450 436 2536; x_wconf 87' lang='lat' dir='ltr'><strong>Regine</strong></span> <span class='ocrx_word' id='word_1_148' title='bbox 451 2449 631 2535; x_wconf 88' lang='lat' dir='ltr'><strong>Hungarie,</strong></span> <span class='ocrx_word' id='word_1_149' title='bbox 655 2469 767 2516; x_wconf 88' lang='lat' dir='ltr'><strong>uerum</strong></span> <span class='ocrx_word' id='word_1_150' title='bbox 783 2449 886 2516; x_wconf 90' lang='lat' dir='ltr'><strong>eciam</strong></span> <span class='ocrx_word' id='word_1_151' title='bbox 905 2450 1107 2534; x_wconf 88' lang='lat' dir='ltr'><strong>intementu;</strong></span> <span class='ocrx_word' id='word_1_152' title='bbox 1132 2454 1209 2516; x_wconf 85' lang='lat' dir='ltr'><strong>ante</strong></span> <span class='ocrx_word' id='word_1_153' title='bbox 1224 2449 1316 2516; x_wconf 90' lang='lat' dir='ltr'><strong>euius</strong></span> <span class='ocrx_word' id='word_1_154' title='bbox 1333 2451 1441 2516; x_wconf 89' lang='lat' dir='ltr'><strong>eciam</strong></span> 
     </span>
     <span class='ocr_line' id='line_1_21' title="bbox 311 2555 1442 2650; baseline -0.003 -24"><span class='ocrx_word' id='word_1_155' title='bbox 311 2559 423 2626; x_wconf 92' lang='lat' dir='ltr'><strong>oeulos</strong></span> <span class='ocrx_word' id='word_1_156' title='bbox 447 2555 594 2624; x_wconf 88' lang='lat' dir='ltr'><strong>eiusdem</strong></span> <span class='ocrx_word' id='word_1_157' title='bbox 609 2557 643 2624; x_wconf 83' lang='lat' dir='ltr'><strong>S.</strong></span> <span class='ocrx_word' id='word_1_158' title='bbox 659 2555 821 2650; x_wconf 81' lang='lat' dir='ltr'><strong>aurifabri</strong></span> <span class='ocrx_word' id='word_1_159' title='bbox 845 2557 896 2623; x_wconf 91' lang='lat' dir='ltr'><strong>sui</strong></span> <span class='ocrx_word' id='word_1_160' title='bbox 911 2557 1054 2624; x_wconf 84' lang='lat' dir='ltr'><strong>fidelitas</strong></span> <span class='ocrx_word' id='word_1_161' title='bbox 1079 2563 1112 2624; x_wconf 92' lang='lat' dir='ltr'><strong>et</strong></span> <span class='ocrx_word' id='word_1_162' title='bbox 1127 2557 1355 2641; x_wconf 87' lang='lat' dir='ltr'><strong>obsequiorum</strong></span> <span class='ocrx_word' id='word_1_163' title='bbox 1378 2557 1442 2624; x_wconf 82' lang='lat' dir='ltr'><strong>ire-</strong></span> 
     </span>
     <span class='ocr_line' id='line_1_22' title="bbox 311 2662 1443 2752; baseline -0.002 -20"><span class='ocrx_word' id='word_1_164' title='bbox 311 2664 450 2752; x_wconf 89' lang='lat' dir='ltr'><strong>quencia</strong></span> <span class='ocrx_word' id='word_1_165' title='bbox 465 2663 710 2751; x_wconf 78' lang='lat' dir='ltr'><strong>propellebant3</strong></span> <span class='ocrx_word' id='word_1_166' title='bbox 731 2682 792 2729; x_wconf 90' lang='lat' dir='ltr'><strong>nec</strong></span> <span class='ocrx_word' id='word_1_167' title='bbox 807 2683 873 2732; x_wconf 92' lang='lat' dir='ltr'><strong>non</strong></span> <span class='ocrx_word' id='word_1_168' title='bbox 889 2662 1155 2732; x_wconf 81' lang='lat' dir='ltr'><strong>consideracione</strong></span> <span class='ocrx_word' id='word_1_169' title='bbox 1165 2663 1306 2751; x_wconf 85' lang='lat' dir='ltr'><strong>prouida</strong></span> <span class='ocrx_word' id='word_1_170' title='bbox 1314 2664 1443 2731; x_wconf 89' lang='lat' dir='ltr'><strong>intuen-</strong></span> 
     </span>
     <span class='ocr_line' id='line_1_23' title="bbox 310 2768 1442 2860; baseline -0.001 -21"><span class='ocrx_word' id='word_1_171' title='bbox 310 2779 371 2860; x_wconf 90' lang='lat' dir='ltr'><strong>tes,</strong></span> <span class='ocrx_word' id='word_1_172' title='bbox 388 2773 476 2856; x_wconf 93' lang='lat' dir='ltr'><strong>quod</strong></span> <span class='ocrx_word' id='word_1_173' title='bbox 501 2770 588 2839; x_wconf 92' lang='lat' dir='ltr'><strong>idem</strong></span> <span class='ocrx_word' id='word_1_174' title='bbox 602 2773 634 2838; x_wconf 85' lang='lat' dir='ltr'><strong>S.</strong></span> <span class='ocrx_word' id='word_1_175' title='bbox 652 2776 757 2837; x_wconf 91' lang='lat' dir='ltr'><strong>status</strong></span> <span class='ocrx_word' id='word_1_176' title='bbox 774 2769 824 2835; x_wconf 92' lang='lat' dir='ltr'><strong>sui</strong></span> <span class='ocrx_word' id='word_1_177' title='bbox 841 2776 1047 2836; x_wconf 91' lang='lat' dir='ltr'><strong>uenustatem</strong></span> <span class='ocrx_word' id='word_1_178' title='bbox 1072 2789 1132 2856; x_wconf 90' lang='lat' dir='ltr'><strong>per</strong></span> <span class='ocrx_word' id='word_1_179' title='bbox 1156 2768 1305 2856; x_wconf 87' lang='lat' dir='ltr'><strong>predicta</strong></span> <span class='ocrx_word' id='word_1_180' title='bbox 1331 2771 1442 2838; x_wconf 88' lang='lat' dir='ltr'><strong>omnia</strong></span> 
     </span>
     <span class='ocr_line' id='line_1_24' title="bbox 310 2868 1442 2963; baseline -0.003 -16"><span class='ocrx_word' id='word_1_181' title='bbox 310 2885 476 2963; x_wconf 77' lang='lat' dir='ltr'><strong>tamquam</strong></span> <span class='ocrx_word' id='word_1_182' title='bbox 487 2875 713 2963; x_wconf 89' lang='lat' dir='ltr'><strong>multiplicatis</strong></span> <span class='ocrx_word' id='word_1_183' title='bbox 728 2868 996 2943; x_wconf 80' lang='lat' dir='ltr'><strong>intercessoribus</strong></span> <span class='ocrx_word' id='word_1_184' title='bbox 1013 2882 1191 2962; x_wconf 60' lang='lat' dir='ltr'><strong>mereatum</strong></span> <span class='ocrx_word' id='word_1_185' title='bbox 1208 2876 1312 2963; x_wconf 87' lang='lat' dir='ltr'><strong>ipsum</strong></span> <span class='ocrx_word' id='word_1_186' title='bbox 1323 2879 1357 2944; x_wconf 86' lang='lat' dir='ltr'><strong>S.</strong></span> <span class='ocrx_word' id='word_1_187' title='bbox 1374 2898 1442 2945; x_wconf 92' lang='lat' dir='ltr'><strong>una</strong></span> 
     </span>
     <span class='ocr_line' id='line_1_25' title="bbox 311 2981 1441 3070; baseline -0.003 -15"><span class='ocrx_word' id='word_1_188' title='bbox 311 2985 555 3056; x_wconf 84' lang='lat' dir='ltr'><strong>cumfratribus</strong></span> <span class='ocrx_word' id='word_1_189' title='bbox 580 2982 660 3066; x_wconf 88' lang='lat' dir='ltr'><strong>suis,</strong></span> <span class='ocrx_word' id='word_1_190' title='bbox 677 2981 862 3050; x_wconf 88' lang='lat' dir='ltr'><strong>Andronico</strong></span> <span class='ocrx_word' id='word_1_191' title='bbox 885 2981 953 3052; x_wconf 90' lang='lat' dir='ltr'><strong>fllio</strong></span> <span class='ocrx_word' id='word_1_192' title='bbox 979 2981 1159 3070; x_wconf 85' lang='lat' dir='ltr'><strong>patrissui,</strong></span> <span class='ocrx_word' id='word_1_193' title='bbox 1183 2985 1272 3051; x_wconf 84' lang='lat' dir='ltr'><strong>Kocz</strong></span> <span class='ocrx_word' id='word_1_194' title='bbox 1298 2993 1330 3052; x_wconf 87' lang='lat' dir='ltr'><strong>et</strong></span> <span class='ocrx_word' id='word_1_195' title='bbox 1347 2986 1441 3054; x_wconf 82' lang='lat' dir='ltr'><strong>Kana</strong></span> 
     </span>
     <span class='ocr_line' id='line_1_26' title="bbox 309 3090 1441 3182; baseline -0.004 -18"><span class='ocrx_word' id='word_1_196' title='bbox 309 3096 386 3182; x_wconf 83' lang='lat' dir='ltr'><strong>filijs</strong></span> <span class='ocrx_word' id='word_1_197' title='bbox 401 3092 559 3181; x_wconf 88' lang='lat' dir='ltr'><strong>patruelis</strong></span> <span class='ocrx_word' id='word_1_198' title='bbox 577 3092 657 3174; x_wconf 88' lang='lat' dir='ltr'><strong>eius,</strong></span> <span class='ocrx_word' id='word_1_199' title='bbox 675 3090 718 3156; x_wconf 91' lang='lat' dir='ltr'><strong>ab</strong></span> <span class='ocrx_word' id='word_1_200' title='bbox 736 3090 825 3158; x_wconf 91' lang='lat' dir='ltr'><strong>omni</strong></span> <span class='ocrx_word' id='word_1_201' title='bbox 841 3090 917 3174; x_wconf 91' lang='lat' dir='ltr'><strong>iugo</strong></span> <span class='ocrx_word' id='word_1_202' title='bbox 934 3090 1035 3158; x_wconf 90' lang='lat' dir='ltr'><strong>debiti</strong></span> <span class='ocrx_word' id='word_1_203' title='bbox 1051 3091 1122 3157; x_wconf 90' lang='lat' dir='ltr'><strong>siue</strong></span> <span class='ocrx_word' id='word_1_204' title='bbox 1138 3090 1280 3177; x_wconf 86' lang='lat' dir='ltr'><strong>seruicij,</strong></span> <span class='ocrx_word' id='word_1_205' title='bbox 1297 3111 1360 3175; x_wconf 92' lang='lat' dir='ltr'><strong>quo</strong></span> <span class='ocrx_word' id='word_1_206' title='bbox 1378 3112 1441 3159; x_wconf 86' lang='lat' dir='ltr'><strong>sue</strong></span> 
     </span>
     <span class='ocr_line' id='line_1_27' title="bbox 309 3196 1442 3288; baseline -0.007 -18"><span class='ocrx_word' id='word_1_207' title='bbox 309 3201 493 3288; x_wconf 80' lang='lat' dir='ltr'><strong>generacio,</strong></span> <span class='ocrx_word' id='word_1_208' title='bbox 520 3196 678 3266; x_wconf 88' lang='lat' dir='ltr'><strong>uidelicet</strong></span> <span class='ocrx_word' id='word_1_209' title='bbox 702 3197 784 3263; x_wconf 90' lang='lat' dir='ltr'><strong>uilla</strong></span> <span class='ocrx_word' id='word_1_210' title='bbox 797 3196 961 3283; x_wconf 87' lang='lat' dir='ltr'><strong>Bedegey,</strong></span> <span class='ocrx_word' id='word_1_211' title='bbox 980 3198 1086 3264; x_wconf 90' lang='lat' dir='ltr'><strong>eidem</strong></span> <span class='ocrx_word' id='word_1_212' title='bbox 1102 3198 1271 3264; x_wconf 86' lang='lat' dir='ltr'><strong>carissime</strong></span> <span class='ocrx_word' id='word_1_213' title='bbox 1297 3198 1442 3266; x_wconf 89' lang='lat' dir='ltr'><strong>consorti</strong></span> 
     </span>
     <span class='ocr_line' id='line_1_28' title="bbox 307 3305 1441 3392; baseline -0.006 -15"><span class='ocrx_word' id='word_1_214' title='bbox 307 3315 418 3376; x_wconf 90' lang='lat' dir='ltr'><strong>nostre</strong></span> <span class='ocrx_word' id='word_1_215' title='bbox 433 3315 571 3389; x_wconf 90' lang='lat' dir='ltr'><strong>tenetur,</strong></span> <span class='ocrx_word' id='word_1_216' title='bbox 588 3305 719 3392; x_wconf 91' lang='lat' dir='ltr'><strong>penitus</strong></span> <span class='ocrx_word' id='word_1_217' title='bbox 735 3305 925 3388; x_wconf 86' lang='lat' dir='ltr'><strong>eximentes,</strong></span> <span class='ocrx_word' id='word_1_218' title='bbox 949 3305 996 3372; x_wconf 91' lang='lat' dir='ltr'><strong>sic</strong></span> <span class='ocrx_word' id='word_1_219' title='bbox 1010 3325 1089 3390; x_wconf 90' lang='lat' dir='ltr'><strong>pure</strong></span> <span class='ocrx_word' id='word_1_220' title='bbox 1106 3311 1139 3372; x_wconf 90' lang='lat' dir='ltr'><strong>et</strong></span> <span class='ocrx_word' id='word_1_221' title='bbox 1153 3311 1309 3391; x_wconf 90' lang='lat' dir='ltr'><strong>perpetue</strong></span> <span class='ocrx_word' id='word_1_222' title='bbox 1327 3305 1441 3372; x_wconf 89' lang='lat' dir='ltr'><strong>statui-</strong></span> 
     </span>
     <span class='ocr_line' id='line_1_29' title="bbox 308 3410 1441 3498; baseline -0.002 -18"><span class='ocrx_word' id='word_1_223' title='bbox 308 3434 380 3483; x_wconf 91' lang='lat' dir='ltr'><strong>mus</strong></span> <span class='ocrx_word' id='word_1_224' title='bbox 397 3413 552 3498; x_wconf 88' lang='lat' dir='ltr'><strong>libertati,</strong></span> <span class='ocrx_word' id='word_1_225' title='bbox 570 3417 686 3479; x_wconf 90' lang='lat' dir='ltr'><strong>uttam</strong></span> <span class='ocrx_word' id='word_1_226' title='bbox 701 3410 775 3498; x_wconf 90' lang='lat' dir='ltr'><strong>ipsi,</strong></span> <span class='ocrx_word' id='word_1_227' title='bbox 795 3432 893 3495; x_wconf 87' lang='lat' dir='ltr'><strong>quam</strong></span> <span class='ocrx_word' id='word_1_228' title='bbox 908 3412 1054 3498; x_wconf 90' lang='lat' dir='ltr'><strong>ipsorum</strong></span> <span class='ocrx_word' id='word_1_229' title='bbox 1064 3411 1203 3479; x_wconf 90' lang='lat' dir='ltr'><strong>heredes</strong></span> <span class='ocrx_word' id='word_1_230' title='bbox 1219 3411 1441 3496; x_wconf 88' lang='lat' dir='ltr'><strong>heredumque</strong></span> 
     </span>
     <span class='ocr_line' id='line_1_30' title="bbox 307 3517 1438 3604; baseline -0.001 -17"><span class='ocrx_word' id='word_1_231' title='bbox 307 3538 524 3602; x_wconf 87' lang='lat' dir='ltr'><strong>successores,</strong></span> <span class='ocrx_word' id='word_1_232' title='bbox 551 3517 745 3602; x_wconf 91' lang='lat' dir='ltr'><strong>ubicumque</strong></span> <span class='ocrx_word' id='word_1_233' title='bbox 761 3518 935 3604; x_wconf 79' lang='lat' dir='ltr'><strong>noluerint,</strong></span> <span class='ocrx_word' id='word_1_234' title='bbox 951 3519 1105 3587; x_wconf 87' lang='lat' dir='ltr'><strong>manendi</strong></span> <span class='ocrx_word' id='word_1_235' title='bbox 1129 3519 1199 3588; x_wconf 90' lang='lat' dir='ltr'><strong>siue</strong></span> <span class='ocrx_word' id='word_1_236' title='bbox 1215 3520 1381 3587; x_wconf 89' lang='lat' dir='ltr'><strong>seruiendi</strong></span> <span class='ocrx_word' id='word_1_237' title='bbox 1402 3520 1438 3586; x_wconf 94' lang='lat' dir='ltr'><strong>li·</strong></span> 
     </span>
     <span class='ocr_line' id='line_1_31' title="bbox 305 3623 1439 3707; baseline -0.001 -13"><span class='ocrx_word' id='word_1_238' title='bbox 305 3628 417 3694; x_wconf 90' lang='lat' dir='ltr'><strong>beram</strong></span> <span class='ocrx_word' id='word_1_239' title='bbox 443 3633 475 3691; x_wconf 91' lang='lat' dir='ltr'><strong>et</strong></span> <span class='ocrx_word' id='word_1_240' title='bbox 490 3624 615 3707; x_wconf 87' lang='lat' dir='ltr'><strong>absque</strong></span> <span class='ocrx_word' id='word_1_241' title='bbox 642 3623 780 3691; x_wconf 85' lang='lat' dir='ltr'><strong>alicuius</strong></span> <span class='ocrx_word' id='word_1_242' title='bbox 808 3625 1006 3693; x_wconf 90' lang='lat' dir='ltr'><strong>condicionis</strong></span> <span class='ocrx_word' id='word_1_243' title='bbox 1031 3645 1117 3693; x_wconf 84' lang='lat' dir='ltr'><strong>nexu</strong></span> <span class='ocrx_word' id='word_1_244' title='bbox 1132 3625 1276 3692; x_wconf 84' lang='lat' dir='ltr'><strong>habeant</strong></span> <span class='ocrx_word' id='word_1_245' title='bbox 1301 3624 1439 3693; x_wconf 78' lang='lat' dir='ltr'><strong>faculta-</strong></span> 
     </span>
     <span class='ocr_line' id='line_1_32' title="bbox 304 3732 1438 3819; baseline -0.001 -17"><span class='ocrx_word' id='word_1_246' title='bbox 304 3742 389 3819; x_wconf 85' lang='lat' dir='ltr'><strong>tem;</strong></span> <span class='ocrx_word' id='word_1_247' title='bbox 415 3732 491 3800; x_wconf 89' lang='lat' dir='ltr'><strong>aula</strong></span> <span class='ocrx_word' id='word_1_248' title='bbox 507 3751 585 3799; x_wconf 89' lang='lat' dir='ltr'><strong>vero</strong></span> <span class='ocrx_word' id='word_1_249' title='bbox 603 3739 714 3799; x_wconf 89' lang='lat' dir='ltr'><strong>nostre</strong></span> <span class='ocrx_word' id='word_1_250' title='bbox 730 3732 942 3800; x_wconf 75' lang='lat' dir='ltr'><strong>celsitudinis</strong></span> <span class='ocrx_word' id='word_1_251' title='bbox 957 3734 1060 3818; x_wconf 83' lang='lat' dir='ltr'><strong>Regis</strong></span> <span class='ocrx_word' id='word_1_252' title='bbox 1075 3739 1189 3819; x_wconf 88' lang='lat' dir='ltr'><strong>pateat</strong></span> <span class='ocrx_word' id='word_1_253' title='bbox 1212 3735 1260 3800; x_wconf 91' lang='lat' dir='ltr'><strong>eis</strong></span> <span class='ocrx_word' id='word_1_254' title='bbox 1275 3740 1438 3817; x_wconf 88' lang='lat' dir='ltr'><strong>tanquam</strong></span> 
     </span>
     <span class='ocr_line' id='line_1_33' title="bbox 304 3838 1440 3928; baseline -0.004 -18"><span class='ocrx_word' id='word_1_255' title='bbox 304 3842 378 3928; x_wconf 90' lang='lat' dir='ltr'><strong>alijs</strong></span> <span class='ocrx_word' id='word_1_256' title='bbox 404 3838 520 3907; x_wconf 88' lang='lat' dir='ltr'><strong>aulicis</strong></span> <span class='ocrx_word' id='word_1_257' title='bbox 547 3839 715 3906; x_wconf 91' lang='lat' dir='ltr'><strong>nobilibus</strong></span> <span class='ocrx_word' id='word_1_258' title='bbox 731 3839 835 3925; x_wconf 86' lang='lat' dir='ltr'><strong>Regni</strong></span> <span class='ocrx_word' id='word_1_259' title='bbox 851 3840 964 3908; x_wconf 84' lang='lat' dir='ltr'><strong>nostri.</strong></span> <span class='ocrx_word' id='word_1_260' title='bbox 989 3843 1189 3926; x_wconf 85' lang='lat' dir='ltr'><strong>Statuentes,</strong></span> <span class='ocrx_word' id='word_1_261' title='bbox 1216 3847 1252 3907; x_wconf 90' lang='lat' dir='ltr'><strong>ut</strong></span> <span class='ocrx_word' id='word_1_262' title='bbox 1266 3842 1367 3926; x_wconf 84' lang='lat' dir='ltr'><strong>ijdem</strong></span> <span class='ocrx_word' id='word_1_263' title='bbox 1397 3839 1440 3906; x_wconf 89' lang='lat' dir='ltr'><strong>de</strong></span> 
     </span>
     <span class='ocr_line' id='line_1_34' title="bbox 302 3946 1444 4035; baseline -0.003 -19"><span class='ocrx_word' id='word_1_264' title='bbox 302 3957 409 4017; x_wconf 90' lang='lat' dir='ltr'><strong>cetero</strong></span> <span class='ocrx_word' id='word_1_265' title='bbox 425 3949 509 4014; x_wconf 85' lang='lat' dir='ltr'><strong>inter</strong></span> <span class='ocrx_word' id='word_1_266' title='bbox 532 3946 660 4014; x_wconf 90' lang='lat' dir='ltr'><strong>nobiles</strong></span> <span class='ocrx_word' id='word_1_267' title='bbox 678 3947 784 4031; x_wconf 84' lang='lat' dir='ltr'><strong>Regni</strong></span> <span class='ocrx_word' id='word_1_268' title='bbox 800 3947 902 4014; x_wconf 89' lang='lat' dir='ltr'><strong>nostri</strong></span> <span class='ocrx_word' id='word_1_269' title='bbox 926 3947 1101 4017; x_wconf 87' lang='lat' dir='ltr'><strong>honorilice</strong></span> <span class='ocrx_word' id='word_1_270' title='bbox 1124 3954 1361 4035; x_wconf 89' lang='lat' dir='ltr'><strong>computentur.</strong></span> <span class='ocrx_word' id='word_1_271' title='bbox 1397 3949 1444 4016; x_wconf 92' lang='lat' dir='ltr'><strong>Ut</strong></span> 
     </span>
     <span class='ocr_line' id='line_1_35' title="bbox 299 4053 1440 4141; baseline 0 -21"><span class='ocrx_word' id='word_1_272' title='bbox 299 4055 398 4140; x_wconf 89' lang='lat' dir='ltr'><strong>igitur</strong></span> <span class='ocrx_word' id='word_1_273' title='bbox 423 4055 571 4141; x_wconf 90' lang='lat' dir='ltr'><strong>ipsorum</strong></span> <span class='ocrx_word' id='word_1_274' title='bbox 596 4053 764 4119; x_wconf 85' lang='lat' dir='ltr'><strong>fidelitatis</strong></span> <span class='ocrx_word' id='word_1_275' title='bbox 792 4053 916 4119; x_wconf 88' lang='lat' dir='ltr'><strong>meritis</strong></span> <span class='ocrx_word' id='word_1_276' title='bbox 937 4060 970 4118; x_wconf 89' lang='lat' dir='ltr'><strong>et</strong></span> <span class='ocrx_word' id='word_1_277' title='bbox 992 4054 1204 4121; x_wconf 90' lang='lat' dir='ltr'><strong>seruiciorum</strong></span> <span class='ocrx_word' id='word_1_278' title='bbox 1236 4053 1440 4123; x_wconf 90' lang='lat' dir='ltr'><strong>commercio</strong></span> 
     </span>
     <span class='ocr_line' id='line_1_36' title="bbox 297 4158 1431 4248; baseline -0.001 -20"><span class='ocrx_word' id='word_1_279' title='bbox 297 4159 514 4248; x_wconf 86' lang='lat' dir='ltr'><strong>pulcherrime</strong></span> <span class='ocrx_word' id='word_1_280' title='bbox 529 4159 691 4244; x_wconf 84' lang='lat' dir='ltr'><strong>aequisita</strong></span> <span class='ocrx_word' id='word_1_281' title='bbox 707 4158 855 4245; x_wconf 88' lang='lat' dir='ltr'><strong>libertas,</strong></span> <span class='ocrx_word' id='word_1_282' title='bbox 878 4159 1049 4244; x_wconf 79' lang='lat' dir='ltr'><strong>exquisitis</strong></span> <span class='ocrx_word' id='word_1_283' title='bbox 1065 4161 1228 4248; x_wconf 90' lang='lat' dir='ltr'><strong>presentis</strong></span> <span class='ocrx_word' id='word_1_284' title='bbox 1244 4161 1367 4248; x_wconf 86' lang='lat' dir='ltr'><strong>pagine</strong></span> <span class='ocrx_word' id='word_1_285' title='bbox 1383 4159 1431 4227; x_wconf 93' lang='lat' dir='ltr'><strong>in·</strong></span> 
     </span>
    </p>
   </div>
   <div class='ocr_carea' id='block_1_3' title="bbox 159 4265 1442 4353">
    <p class='ocr_par' dir='ltr' id='par_1_3' title="bbox 159 4265 1442 4353">
     <span class='ocr_line' id='line_1_37' title="bbox 159 4265 1442 4353; baseline -0.002 -18"><span class='ocrx_word' id='word_1_286' title='bbox 159 4303 162 4308; x_wconf 95' lang='lat'><em>·</em></span> <span class='ocrx_word' id='word_1_287' title='bbox 297 4265 413 4352; x_wconf 88' lang='lat' dir='ltr'><strong>signijs</strong></span> <span class='ocrx_word' id='word_1_288' title='bbox 440 4265 563 4333; x_wconf 89' lang='lat' dir='ltr'><strong>eisdem</strong></span> <span class='ocrx_word' id='word_1_289' title='bbox 587 4270 747 4351; x_wconf 91' lang='lat' dir='ltr'><strong>perpetuo</strong></span> <span class='ocrx_word' id='word_1_290' title='bbox 772 4272 970 4353; x_wconf 86' lang='lat' dir='ltr'><strong>perseueret,</strong></span> <span class='ocrx_word' id='word_1_291' title='bbox 995 4287 1055 4335; x_wconf 90' lang='lat' dir='ltr'><strong>nec</strong></span> <span class='ocrx_word' id='word_1_292' title='bbox 1079 4288 1102 4335; x_wconf 85' lang='lat' dir='ltr'><strong>e</strong></span> <span class='ocrx_word' id='word_1_293' title='bbox 1117 4269 1233 4352; x_wconf 86' lang='lat' dir='ltr'><strong>quouis</strong></span> <span class='ocrx_word' id='word_1_294' title='bbox 1260 4268 1374 4335; x_wconf 86' lang='lat' dir='ltr'><strong>ualeat</strong></span> <span class='ocrx_word' id='word_1_295' title='bbox 1401 4268 1442 4333; x_wconf 94' lang='lat' dir='ltr'><strong>in</strong></span> 
     </span>
    </p>
   </div>
   <div class='ocr_carea' id='block_1_4' title="bbox 289 4375 1439 4677">
    <p class='ocr_par' dir='ltr' id='par_1_4' title="bbox 289 4375 1439 4677">
     <span class='ocr_line' id='line_1_38' title="bbox 293 4375 1439 4464; baseline 0.001 -22"><span class='ocrx_word' id='word_1_296' title='bbox 293 4381 459 4461; x_wconf 91' lang='lat' dir='ltr'><strong>posterum</strong></span> <span class='ocrx_word' id='word_1_297' title='bbox 484 4382 666 4460; x_wconf 88' lang='lat' dir='ltr'><strong>temporum</strong></span> <span class='ocrx_word' id='word_1_298' title='bbox 691 4375 849 4443; x_wconf 88' lang='lat' dir='ltr'><strong>curriculo</strong></span> <span class='ocrx_word' id='word_1_299' title='bbox 865 4377 1047 4461; x_wconf 82' lang='lat' dir='ltr'><strong>retractari,</strong></span> <span class='ocrx_word' id='word_1_300' title='bbox 1072 4381 1240 4462; x_wconf 86' lang='lat' dir='ltr'><strong>presentes</strong></span> <span class='ocrx_word' id='word_1_301' title='bbox 1260 4377 1302 4443; x_wconf 93' lang='lat' dir='ltr'><strong>in</strong></span> <span class='ocrx_word' id='word_1_302' title='bbox 1317 4396 1439 4464; x_wconf 89' lang='lat' dir='ltr'><strong>perpe·</strong></span> 
     </span>
     <span class='ocr_line' id='line_1_39' title="bbox 291 4481 1436 4571; baseline 0 -21"><span class='ocrx_word' id='word_1_303' title='bbox 291 4490 382 4550; x_wconf 89' lang='lat' dir='ltr'><strong>tuam</strong></span> <span class='ocrx_word' id='word_1_304' title='bbox 398 4481 493 4548; x_wconf 88' lang='lat' dir='ltr'><strong>huius</strong></span> <span class='ocrx_word' id='word_1_305' title='bbox 508 4482 555 4548; x_wconf 90' lang='lat' dir='ltr'><strong>rei</strong></span> <span class='ocrx_word' id='word_1_306' title='bbox 570 4482 760 4550; x_wconf 89' lang='lat' dir='ltr'><strong>memoriam</strong></span> <span class='ocrx_word' id='word_1_307' title='bbox 776 4484 993 4553; x_wconf 89' lang='lat' dir='ltr'><strong>concessimus</strong></span> <span class='ocrx_word' id='word_1_308' title='bbox 1008 4485 1135 4552; x_wconf 88' lang='lat' dir='ltr'><strong>litteras</strong></span> <span class='ocrx_word' id='word_1_309' title='bbox 1154 4503 1252 4571; x_wconf 89' lang='lat' dir='ltr'><strong>super</strong></span> <span class='ocrx_word' id='word_1_310' title='bbox 1271 4485 1436 4570; x_wconf 92' lang='lat' dir='ltr'><strong>ipsorum</strong></span> 
     </span>
     <span class='ocr_line' id='line_1_40' title="bbox 289 4588 1428 4677; baseline 0.007 -25"><span class='ocrx_word' id='word_1_311' title='bbox 289 4588 453 4672; x_wconf 82' lang='lat' dir='ltr'><strong>libertate,</strong></span> <span class='ocrx_word' id='word_1_312' title='bbox 471 4607 571 4655; x_wconf 84' lang='lat' dir='ltr'><strong>auree</strong></span> <span class='ocrx_word' id='word_1_313' title='bbox 587 4588 676 4655; x_wconf 89' lang='lat' dir='ltr'><strong>bullo</strong></span> <span class='ocrx_word' id='word_1_314' title='bbox 692 4596 803 4659; x_wconf 88' lang='lat' dir='ltr'><strong>nostre</strong></span> <span class='ocrx_word' id='word_1_315' title='bbox 814 4597 979 4659; x_wconf 84' lang='lat' dir='ltr'><strong>eeructere</strong></span> <span class='ocrx_word' id='word_1_316' title='bbox 995 4591 1029 4658; x_wconf 94' lang='lat' dir='ltr'><strong>in</strong></span> <span class='ocrx_word' id='word_1_317' title='bbox 1044 4597 1273 4677; x_wconf 88' lang='lat' dir='ltr'><strong>argumentum</strong></span> <span class='ocrx_word' id='word_1_318' title='bbox 1290 4591 1428 4660; x_wconf 84' lang='lat' dir='ltr'><strong>ualidis·</strong></span> 
     </span>
    </p>
   </div>
   <div class='ocr_carea' id='block_1_5' title="bbox 0 0 1610 5194">
    <p class='ocr_par' dir='ltr' id='par_1_5' title="bbox 0 0 1610 5194">
     <span class='ocr_line' id='line_1_41' title="bbox 0 0 1610 5194; baseline 0 4"><span class='ocrx_word' id='word_1_319' title='bbox 0 0 1610 5194; x_wconf 95' lang='lat' dir='ltr'><strong> </strong></span> 
     </span>
    </p>
   </div>
  </div>
 </body>
</html>
