3226 5194
851 347 1002 452 Ae.

363 574 435 621 rum
461 551 635 637 inquietari
660 571 758 638 super
776 549 851 637 ipse
877 554 966 614 terre
981 546 1122 626 valeant,
1146 549 1317 630 presentes
1343 537 1497 609 dedimus

365 661 492 729 litteras
517 659 681 748 duppliois
705 657 806 746 sigilli
831 655 935 726 nostri
959 654 1139 724 munimine
1163 653 1342 720 roboratos.
1370 651 1499 716 Dolum

365 789 423 856 per
439 791 552 837 manns
568 769 718 854 Magistri
734 766 907 848 Smorsgdi
923 762 1079 831 Albensis
1101 760 1274 847 Propositi‚
1291 758 1365 826 sule
1384 765 1498 823 nostre

366 877 670 966 Vise-Cenoellorij,
690 875 794 944 Eleoti
821 875 1019 954 color-emis,
1049 872 1160 939 dilecti
1186 877 1218 937 et
1242 867 1349 936 tidelis
1380 865 1498 946 nostri,

368 1006 454 1054 enno
471 986 601 1054 Domini
627 984 798 1052 millesimo
824 980 1043 1050 dueentesimo
1069 978 1343 1064 quinquagesimo
1367 982 1501 1058 oetaeo,

370 1102 486 1181 qnano
502 1113 606 1163 nonos
621 1093 712 1179 Jnlij,
736 1091 840 1177 Regni
857 1098 965 1158 entem
981 1087 1085 1158 nostri
1109 1105 1196 1153 enno
1213 1083 1367 1153 vicesimo
1385 1081 1500 1151 tersio.

370 1293 414 1360 (V.
428 1291 521 1346 lstrtn
534 1291 679 1362 kirilynslr
695 1293 804 1344 litt-li
818 1288 979 1358 megerltsith
991 1283 1238 1358 privileginmribhl,
1258 1284 1371 1340 abndsi
1383 1283 1436 1336 kir.
1449 1283 1500 1334 ke-

785 1383 872 1434 mnrni
884 1376 1072 1446 lovelttrhan.)

451 1479 461 1516 ι

895 2117 971 2187 341.

371 2302 393 2370 I
397 2303 431 2368 V.
449 2301 528 2368 Bou
542 2302 647 2391 lersy
660 2302 768 2369 [nodo
783 2303 956 2368 szlavoniai
971 2297 1094 2365 Manat
1113 2299 1257 2384 bizonyos
1277 2295 1359 2362 Zala
1376 2297 1501 2382 mepyet'

370 2413 510 2479 Dionos
534 2414 593 2478 toli
615 2413 745 2478 birtokot
767 2417 916 2500 tdrppnzo'
942 2411 1133 2496 adonsosydt
1157 2407 1279 2486 Scene,
1309 2404 1431 2470 Ponte
1448 2403 1498 2486 fio

689 2509 848 2586 ‘estimem
861 2522 1043 2608 maperoe'ti.
1065 2516 1162 2582 1258.

478 2715 592 2805 (Blels
607 2715 669 2783 Dei
685 2715 798 2802 grsoio
815 2711 993 2800 hungarie,
1013 2709 1193 2797 Dolmeoie,
1210 2709 1356 2800 (troanie,
1379 2709 1498 2792 Reme,

372 2823 498 2910 Seruio,
510 2821 659 2908 Gallicis,
671 2820 871 2906 nonomen,
882 2818 1105 2905 (lomenieque
1115 2820 1185 2888 Rex
1201 2817 1348 2888 omnihus
1357 2837 1497 2907 presens

370 2931 524 3020 seriptum
542 2929 739 3018 inspecturis
754 2929 894 2996 salutem
910 2930 943 2995 in
960 2928 1102 2996 omnium
1125 2928 1301 2996 saluatore.
1326 2928 1417 2995 Solet
1434 2929 1500 2994 Ex·

371 3037 534 3108 cellensis
548 3039 654 3124 Regin
679 3057 823 3106 annuere
848 3035 1000 3124 precibus
1026 3036 1264 3125 snplleenoinm
1288 3037 1322 3105 in
1346 3036 1451 3105 lioitis
1468 3045 1501 3104 et

371 3147 528 3218 honestis.
551 3143 691 3216 Proinde
708 3147 752 3216 ad
768 3145 991 3215 vniuersernm
1008 3144 1161 3212 noticiam
1180 3145 1293 3213 herum
1309 3146 1392 3214 serie
1408 3145 1501 3213 voln-

372 3277 443 3326 mus
461 3255 653 3346 peruenire3
681 3257 767 3343 qnod
790 3255 974 3344 Stephanus
991 3255 1100 3324 Bonus
1120 3253 1293 3323 Solsnenio
1317 3260 1349 3322 et
1364 3254 1498 3343 Capite·

372 3384 452 3434 neus
468 3364 587 3452 Styrie,
605 3364 742 3433 dilectus
759 3371 793 3433 et
806 3364 911 3432 fidelis
927 3373 1046 3450 noster,
1064 3363 1097 3431 in
1113 3364 1401 3452 nostropresenoie
1421 3383 1498 3434 eon-

372 3475 506 3542 stitntns
522 3473 699 3563 proposuit,
716 3481 751 3542 vt
766 3483 888 3543 terram
899 3474 1050 3544 Gurbuse
1065 3471 1124 3560 hlij
1140 3473 1288 3560 Minonis,
1304 3475 1499 3542 existentem

373 3579 407 3651 in
424 3581 585 3652 comitatu
611 3582 798 3652 Zeladiensi
815 3586 900 3652 vltra
925 3585 1079 3670 Brevem,
1105 3602 1169 3669 qne
1184 3583 1229 3651 ad
1254 3603 1367 3652 manus
1391 3583 1499 3670 ipsine

373 3689 532 3779 Stephani
547 3690 630 3758 Beni
655 3690 761 3762 tuerat
777 3691 940 3777 deuolute,
969 3713 1008 3761 eo
1024 3691 1111 3779 qnod
1127 3692 1212 3760 idem
1229 3693 1377 3760 Gurbnse
1391 3691 1500 3780 onlpis

373 3797 441 3867 sois
467 3798 675 3885 exigentibus
700 3801 805 3870 finiuit
829 3801 862 3869 in
877 3801 1026 3891 patibulo
1045 3801 1147 3869 vitem
1172 3821 1277 3890 susm,
1303 3800 1499 3870 contulisset

374 3907 489 3974 Soeme
504 3905 571 3974 lilio
582 3907 714 3977 Pouohe
729 3909 886 3977 seruienti
903 3929 962 3977 sno
979 3931 1038 3997 pro
1054 3909 1123 3978 suis
1139 3909 1307 3996 seruioiis;
1324 3910 1385 3978 heo
1400 3909 1500 3979 inter·

373 4015 461 4082 leon
476 4015 675 4104 condicione,
702 4025 737 4086 vt
752 4016 839 4085 idem
854 4017 981 4104 Seeme,
999 4018 1050 4087 uel
1069 4017 1186 4087 fratres
1202 4016 1263 4104 sni,
1288 4026 1345 4087 snt
1359 4017 1500 4086 heredes

373 4123 525 4210 ipsorum,
543 4123 698 4208 quamdiu
708 4124 756 4194 eis
772 4127 924 4216 placebit,
939 4129 1046 4214 ipsam
1063 4135 1183 4196 terrem
1192 4125 1346 4195 tenehnnt
1360 4127 1498 4214 panifioe

373 4241 405 4299 et
420 4233 547 4318 qniete;
571 4233 600 4301 si
625 4253 702 4302 nero
729 4235 799 4303 sine
813 4234 924 4304 liberis
950 4237 1159 4323 decesserint,
1177 4235 1324 4324 prediola
1347 4241 1435 4304 terra
1451 4233 1496 4303 acl

373 4339 572 4427 Stephanum
599 4341 745 4430 Bonum,
778 4343 831 4411 uel
855 4343 898 4411 ed
922 4343 1059 4414 heredes
1084 4345 1187 4431 ipsius
1213 4344 1285 4412 sine
1309 4343 1499 4412 difficultate

368 4447 519 4536 ¹qnalibet
535 4445 746 4536 deuoluetnr3
772 4451 801 4517 si
818 4471 895 4520 nero
913 4452 1051 4520 eandem
1075 4456 1196 4521 terrs'm
1215 4453 1329 4520 Seenm
1354 4451 1499 4538 prefatus

373 4551 428 4620 uel
443 4553 561 4623 tratres
578 4557 680 4644 ipsius
697 4559 839 4626 vendere
849 4560 1019 4647 voluerint,
1036 4561 1099 4648 ipsi
1116 4560 1208 4628 Bono
1223 4559 1275 4627 nel
1292 4562 1361 4629 suis
1376 4559 1498 4626 heredi-

370 4661 434 4731 bus
448 4661 592 4731 ‘vendere
608 4665 811 4752 tenebuntur,
839 4676 871 4736 et
886 4689 950 4734 non
967 4669 1053 4756 eliis,
1080 4669 1165 4738 iusto
1181 4669 1292 4756 precio
1312 4667 1498 4754 persolut05
