3226 5194
809 346 919 445 ..5.2..4
943 439 959 446 -

320 542 468 629 butarijs.
486 543 568 610 Item
588 540 629 610 de
648 541 773 610 duobus
789 542 895 610 bobus
907 563 1004 610 vnum
1021 542 1200 609 denarium.
1221 543 1305 609 Item
1322 537 1455 624 pedites

320 650 487 718 Teutonici
512 649 594 717 nihil
621 651 807 738 persoluere
832 656 1013 720 teneantur.
1041 651 1134 718 Vnde
1161 647 1311 718 fidelitati
1334 647 1455 712 Vestro

320 756 465 824 districte
480 758 691 846 precipiendo
709 760 910 844 mandamus,
933 767 1093 846 quatenus
1110 759 1197 825 vltra
1213 757 1352 824 formam
1369 753 1455 820 anti-

320 866 429 950 quitus
445 866 656 933 obseruatam
681 869 714 934 in
730 867 863 953 tributh
881 868 961 934 nihil
979 869 1109 955 penitus
1132 867 1266 950 exigere
1282 882 1456 950 presuma-

319 972 380 1057 tis;
399 973 545 1059 alioquin
556 982 816 1060 transgressores
826 978 929 1044 nostri
943 976 1089 1043 mandati
1104 977 1138 1042 in
1151 993 1292 1061 persona
1304 975 1339 1037 et
1352 969 1456 1036 rebus

320 1081 540 1149 commisimus
550 1082 675 1170 punire.
692 1084 814 1152 Datum
825 1085 857 1151 in
868 1085 1022 1170 Ohurgou
1038 1085 1071 1151 in
1082 1083 1166 1150 festo
1177 1080 1289 1148 Sanoti
1302 1076 1456 1160 Georgij,

320 1209 405 1256 anno
421 1189 551 1257 Domini
568 1192 613 1257 Μο
624 1191 689 1260 00⁰
700 1193 780 1258 LX0.

320 1385 405 1453 (XIV.
419 1383 525 1440 azizarli
539 1384 654 1440 masolio
667 1384 732 1440 utin
746 1387 868 1456 Soprony
883 1385 959 1439 varos
973 1384 1159 1439 levtlttrtuan
1183 1381 1308 1436 Horvith
1324 1381 1455 1452 Mihlly.)

755 1675 774 1683 ι.
809 1673 860 1682 ...n--
884 1673 1016 1686 ,ι--Ἤ

841 2139 919 2210 att.

322 2321 431 2387 Ietudu
454 2323 554 2409 u'fjabb
578 2323 744 2408 lircilyouk
761 2323 903 2387 nemeaea
923 2323 1150 2409 priuilepa‘oma
1169 2321 1276 2387 Ietoda
1301 2325 1335 2388 6³
1352 2319 1452 2386 Mori

321 2429 434 2498 Intret
448 2433 515 2516 fiai
544 2431 624 2496 Zolo
649 2434 764 2517 otapyoa'
788 2431 1033 2518 acirjobbcipyolc‚
1058 2437 1089 2495 e'u
1113 2431 1264 2497 aolronou'k
1288 2435 1449 2496 ezoimdruu.

835 2543 931 2606 1260.

429 2720 497 2785 Noe
512 2718 669 2786 Nicolaus
680 2718 789 2784 Konth
804 2717 910 2802 Regni
920 2718 1088 2802 Hungarie
1104 2717 1277 2786 Palatinus
1293 2723 1326 2784 et
1341 2717 1362 2784 J
1365 2715 1450 2784 noer

323 2827 539 2894 Cumanorum
558 2827 634 2910 oth,
659 2825 747 2910 quod
771 2845 844 2894 eum
869 2846 928 2894 nos
954 2847 1014 2912 pro
1040 2826 1287 2914 compescendis
1313 2826 1448 2908 iuribus,

323 2936 505 3004 latronibus
522 2941 555 3002 et
572 2935 738 3020 quibusuis
752 2935 1017 3002 malefaotoribus
1029 2935 1250 3019 eradieandis,
1267 2956 1308 3004 ao
1323 2937 1449 3002 eunetis

324 3044 570 3129 querelantibus
586 3043 717 3110 iusticia
732 3042 950 3130 impendenda
960 3043 1173 3112 Vniuersitati
1188 3044 1355 3112 Nobilium
1371 3043 1449 3110 alio·

322 3172 458 3238 rumque
481 3152 626 3221 eniusuis
653 3158 759 3220 status
787 3157 820 3218 ot
846 3149 1047 3221 eondieionis
1074 3150 1239 3222 hominum
1267 3151 1449 3218 Comitatus

324 3259 532 3329 Zaladiensis
556 3259 702 3328 seeundo
719 3258 800 3328 feria
816 3257 966 3344 proxima
991 3267 1069 3326 ante
1085 3259 1203 3326 festum
1219 3259 1312 3326 Beati
1332 3257 1450 3326 Jaoobi

323 3367 473 3454 Apostoli
500 3388 602 3455 prope
628 3368 739 3435 villam
755 3367 945 3452 blandhyda
962 3367 1264 3455 Congregaoionem
1289 3367 1450 3435 celebras-

323 3493 432 3542 semus
449 3476 652 3559 Generalem,
670 3474 703 3541 in
720 3474 836 3540 eadem
847 3474 1115 3558 Congregaoione
1128 3483 1241 3543 nostra
1249 3476 1449 3542 Laurenoius

322 3583 410 3651 lilius
435 3583 523 3650 Petri
550 3584 592 3650 de
616 3583 719 3668 Bona,
746 3591 777 3650 et
802 3583 970 3650 lohannes
995 3583 1081 3652 lilius
1106 3584 1236 3654 Nioolai
1262 3585 1320 3669 filij
1345 3583 1450 3651 Jonas

322 3690 423 3760 frater
448 3691 592 3760 eiusdem
616 3694 775 3781 patruelis
791 3727 835 3740 -
851 3729 895 3741 -
912 3691 1039 3778 (Paoha
1063 3699 1148 3760 navt
1172 3692 1321 3761 birtolrra
1336 3699 1450 3758 vonat-

324 3800 478 3889 lroablag)
494 3839 538 3852 ·-
553 3839 597 3852 -—
614 3841 657 3852 —
674 3822 771 3890 quam
798 3821 884 3868 nuno
900 3802 1087 3886 Stephanus
1113 3803 1153 3870 de
1169 3803 1282 3870 Paoha
1305 3799 1451 3870 indebite

323 3912 515 3999 oooupando
531 3919 738 3980 eomeruaret
754 3948 796 3960 -
814 3947 858 3957 -
873 3945 917 3958 -
934 3910 1096 3995 quasdam
1109 3911 1238 3980 litteras
1256 3911 1447 3997 priuilegia·

324 4017 371 4086 los
404 4018 525 4088 domini
550 4019 710 4107 Stephani
741 4019 828 4106 olym
854 4019 934 4086 Bele
959 4019 1059 4105 Regis
1089 4019 1317 4106 primogeniti,
1347 4019 1449 4086 Duois

326 4127 556 4194 Transsiluani
572 4127 723 4214 etStyrie
738 4147 778 4196 ae
793 4125 916 4196 domini
927 4125 1155 4212 Cumanorum,
1171 4126 1204 4194 iu
1221 4147 1306 4195 anno
1316 4125 1450 4195 Domini

323 4233 525 4302 M⁰GO⁰LX⁰
542 4243 711 4304 emanatas
737 4235 947 4323 presentauit,
975 4236 1059 4304 inter
1075 4240 1182 4302 cetera
1207 4233 1449 4321 exprimentes:

324 4340 410 4425 quod
427 4341 514 4408 idem
531 4337 680 4410 dominus
695 4342 881 4430 Stephanus
896 4341 973 4406 Dux
990 4340 1188 4428 Stephanum
1205 4349 1238 4410 et
1252 4341 1348 4408 llarlr
1365 4341 1450 4408 filios

324 4449 382 4514 Ine
393 4448 584 4533 jobagionis
604 4449 711 4517 Castri
728 4447 949 4532 Zaladionsis‚
976 4454 1108 4536 propter
1130 4448 1323 4537 multiplioia
1348 4451 1450 4517 serui-

325 4553 449 4622 oiorum
465 4553 582 4622 merita
609 4555 784 4624 eorundem
800 4558 833 4623 in
850 4563 1027 4641 conspeetu
1053 4556 1219 4624 oculorum
1239 4575 1298 4624 sue
1313 4557 1450 4626 Duoalis

332 4659 512 4730 Maiestatis
522 4661 740 4752 imeneorum,
758 4663 926 4737 oumloua
938 4664 1050 4756 fratre,
1067 4664 1241 4756 aellydus
1257 4665 1451 4754 etoognatia
