3210 5194
531 378 694 481 -Q

14 583 16 650 ξ
56 575 97 641 sio
111 573 202 640 Bane
228 580 264 638 et
289 574 382 640 Duae
397 573 502 640 tobim
516 575 698 659 Solauome,
726 573 892 641 Demetrio
907 575 1022 642 Jodiee
1037 575 1113 642 aule
1127 597 1180 646 no·

56 691 112 750 stre
126 692 157 748 et
172 681 305 750 comite
330 683 542 767 Musuuieusi,
558 683 707 751 Rolaudo
726 683 886 768 Magistro
902 683 1133 770 Dapiserorum
1148 693 1181 749 et

56 791 167 859 domito
180 791 412 877 Suprunionsi,
430 791 585 859 Mauricio
596 792 754 876 Magistro
765 790 996 857 Pinoernarum
1007 797 1040 858 et
1056 791 1182 859 Gemite

55 899 215 983 laudensi,
233 897 406 985 Stephano
426 900 585 984 Magistro
595 899 787 984 Agaronum
808 904 841 964 et
856 896 981 965 comite
990 899 1032 966 do
1041 899 1180 983 vrbem,

57 1005 184 1073 irnoldo
210 1006 386 1090 Nitriensi,
411 1006 573 1074 Boldaino
596 1005 708 1072 Ferrei
725 1003 833 1071 (lustri
849 1005 1041 1089 Comitium,
1058 1011 1089 1071 et
1104 1005 1181 1090 alijs

57 1113 311 1197 quampluribus
329 1111 512 1190 Comitabrs
526 1123 558 1180 et
574 1113 787 1198 Magistratus
804 1107 998 1197 tenentibus
1017 1132 1103 1180 auno
1119 1114 1182 1178 Do·

56 1222 159 1287 miniee
174 1221 427 1290 lnearnaoionis
443 1224 488 1289 li⁰
498 1222 564 1290 00⁰
574 1222 828 1307 quadragesimo
853 1230 969 1304 quarto
993 1222 1119 1288 dseimo
1135 1239 1182 1286 se

58 1328 146 1412 ptimo
161 1327 333 1396 kalendas
347 1328 428 1415 Julij
445 1329 552 1414 Regni
567 1337 676 1396 autem
695 1327 800 1395 nostri
817 1349 902 1396 anuo
917 1347 1014 1397 nono.

58 1529 85 1576 <a
97 1528 225 1576 erasmi
248 1524 442 1594 kdptalannak
467 1527 577 1578 letali
601 1528 749 1587 „Nicolaus
762 1525 833 1576 iilius
847 1526 981 1577 Jolraunis
994 1525 1044 1576 tilii
1056 1525 1136 1576 llarlr
1149 1525 1183 1576 de

58 1613 185 1666 Vrbonar“
199 1613 330 1668 saimdra
344 1619 432 1678 „ferm
445 1619 470 1668 5.
483 1633 557 1683 prox.
568 1623 629 1682 post
640 1617 739 1668 festum
752 1617 879 1668 Omnium
888 1614 1066 1666 Sanctorum*
1076 1615 1183 1667 kiadott

273 1703 431 1767 atiratdbdb
445 1722 462 1758 a
475 1706 557 1758 budai
570 1707 621 1756 kir.
635 1707 758 1758 kamarai
772 1701 960 1772 lerbltdrban).

587 2465 663 2534 104.

61 2646 111 2710 W.
129 2649 206 2713 Bo'la
233 2647 405 2733 kirdlpnak
422 2647 537 2727 Imber,
572 2645 683 2726 Velico,
704 2645 850 2711 Ctenontk
866 2659 894 2711 et
908 2647 1083 2734 Zloqooam
1098 2649 1182 2733 belp-

61 2753 167 2837 ae'pekre
185 2754 360 2819 vonatlcozo'
384 2753 573 2839 adouacinpn,
599 2753 735 2840 Miba‘ly,
761 2755 876 2819 Buzad
892 2755 1017 2838 fidnole,
1051 2755 1186 2819 Vorosdi

402 2861 537 2948 fdiopdn
551 2866 708 2926 szdotdra.
726 2861 823 2925 1244.

88 3134 97 3146 ¹
157 3057 242 3122 Bela
252 3057 319 3122 Dei
328 3056 441 3140 grauia
451 3056 629 3143 Hungarie,
645 3057 826 3140 Dalmaoie,
844 3057 1055 3138 choroaciae,
1072 3059 1183 3136 Rome,

64 3162 173 3245 Seruis,
186 3163 365 3248 Galliehie,
376 3164 580 3248 Ladomerie‚
588 3162 884 3249 CumaniequeRex
894 3167 1053 3232 uniuersis
1064 3163 1185 3230 christi

62 3267 200 3338 fidelibus
227 3277 402 3357 presentes
428 3271 555 3338 litteras
571 3273 768 3358 inspueturis
785 3274 1038 3357 salutantum,
1055 3273 1111 3357 qui
1126 3272 1185 3337 Re-

64 3376 149 3458 gibus
175 3379 235 3445 dat
263 3378 410 3447 salutem.
436 3381 475 3446 In
500 3384 625 3464 partem
652 3378 739 3448 eadit
758 3381 985 3449 sollicitudinis
1001 3379 1184 3465 illustrium,
1249 3375 1257 3380 “

66 3483 366 3572 eiroumspeooionia
383 3507 441 3554 sue
458 3489 569 3554 oeulos
586 3507 683 3573 super
702 3491 872 3557 uniuersos
889 3490 953 3558 sibi
969 3490 1115 3556 subditos
1125 3488 1185 3553 ini-

65 3610 137 3676 cere,
164 3602 197 3659 et
222 3597 329 3662 bonos
354 3615 413 3681 pro
440 3603 601 3681 apparato
624 3599 715 3663 luero
731 3619 947 3682 remunerare,
966 3618 1095 3665 seruum
1111 3617 1186 3665 uero

65 3705 236 3784 torpentem
265 3702 307 3766 ab
335 3721 432 3789 opere
456 3703 541 3770 bono
558 3705 813 3791 condempnare;
832 3707 1002 3791 uulpeeule
1018 3727 1107 3788 uero,
1125 3726 1187 3791 qne

65 3808 226 3874 multorum
255 3810 503 3894 perpetratione
528 3813 688 3878 malorum
712 3813 816 3896 Regni
839 3814 943 3878 eciam
960 3813 1116 3878 sublimes
1133 3812 1187 3879 de·

68 3915 245 4002 moliuntur,
271 3917 440 4003 sapiencia
465 3919 541 4005 oapi
564 3920 692 4005 debent,
717 3925 754 3986 ut
767 3921 901 3988 liberius
918 3924 1045 4008 possint
1061 3921 1137 3987 boni
1153 3919 1187 3985 in

66 4018 113 4084 uia
135 4024 372 4091 mandatorum·
391 4026 523 4092 Domini
544 4028 721 4093 ambulare.
747 4027 888 4095 Proinde
905 4030 948 4095 ad
964 4029 1188 4094 uniuersorum

67 4131 262 4211 presencium
281 4137 314 4196 ot
328 4139 533 4217 posterorum
547 4134 702 4200 notitiam
723 4136 837 4200 harum
853 4135 939 4202 serie
954 4135 1102 4201 uolumus
1119 4152 1189 4220 per·

70 4235 182 4319 uenire,
209 4237 299 4322 quod
323 4235 463 4304 dilectus
490 4244 522 4304 et
537 4238 642 4306 fidelis
657 4245 768 4305 noster
786 4238 927 4306 Michael
942 4239 1057 4306 (lomes
1075 4239 1115 4305 de
1130 4239 1189 4305 Vo-

71 4343 147 4428 rosd,
163 4344 266 4412 frater
277 4345 390 4411 Buzad
400 4344 544 4431 Comitis,
562 4367 582 4413 a
597 4349 743 4434 primeuo
757 4349 901 4435 puericie
919 4355 1029 4414 nostre
1045 4355 1190 4432 tempore

71 4451 207 4520 exhibuit
229 4453 329 4520 nobis
345 4453 525 4520 eminentia
539 4453 707 4521 fidelitatis
731 4475 833 4541 opera
848 4453 1028 4520 liberaliter
1044 4462 1076 4518 et
1091 4456 1191 4522 liben-

73 4565 125 4638 ter,
141 4560 222 4631 adeo
239 4569 276 4629 ut
291 4569 403 4630 nostro
419 4563 525 4630 adhue
550 4574 662 4631 tenero
679 4564 775 4632 lateri
796 4566 921 4632 ardenti
938 4565 1101 4633 desiderio
1117 4584 1186 4629 oon·

74 4665 201 4754 iunctus,
218 4671 252 4736 in
269 4669 420 4737 custodia
436 4677 469 4738 et
485 4673 626 4740 tuicione
636 4671 640 4677 ⁴
651 4692 790 4757 persone
806 4681 916 4740 nostre
935 4671 1016 4740 nulli
1032 4693 1069 4741 se
1085 4679 1117 4740 et
1131 4692 1191 4738 sua
