3226 5194
885 351 1040 454 Q

403 550 488 638 quod
501 558 617 619 terram
629 550 661 616 iu
672 549 796 617 Zbelou
806 570 908 638 prope
918 549 1145 617 Worosdinum
1158 549 1317 615 utiliorem
1331 567 1403 614 esso
1418 553 1520 613 rastro

402 659 605 743 noscebatur,
632 680 703 726 oum
720 659 823 725 eniam
847 679 905 745 pro
921 677 970 742 eo,
988 657 1074 743 quod
1093 655 1299 744 priuilegium
1321 653 1475 741 Capituli,
1490 653 1519 720 in

402 789 465 854 quo
481 770 583 836 nciam
602 769 666 835 alie
683 775 768 835 terre
784 769 921 837 filiorum
938 767 1016 834 Sellr
1033 767 1288 850 continebantur,
1310 765 1446 839 irritare
1462 786 1520 832 non

401 879 523 962 lineret,
550 877 633 944 siout
658 877 835 944 dicebatur.
861 879 930 943 Nos
954 884 1063 943 autom
1088 877 1193 964 ipsam
1221 875 1415 961 particulam
1441 881 1521 940 terre

402 983 445 1052 ad
460 987 600 1052 alterum
615 983 784 1052 dimidium
802 989 944 1052 aratrum
961 983 1173 1052 sufficientem
1197 983 1230 1049 in
1245 981 1340 1049 Ebria
1361 1002 1436 1049 oum
1452 980 1522 1065 nlijs

400 1095 495 1162 terris
512 1093 544 1160 in
560 1093 734 1180 priuilegio
761 1093 818 1161 illo
835 1092 1075 1162 continentibus
1097 1091 1183 1181 (lgy)
1200 1089 1324 1160 eisdem
1349 1090 1427 1157 liliis
1446 1089 1521 1157 Sellr

400 1203 593 1270 auctoritate
623 1204 825 1290 presencium
851 1203 1042 1287 reliquimus
1073 1205 1106 1270 iu
1136 1207 1325 1290 perpetuum
1356 1198 1520 1288 possiden·

400 1308 496 1395 dam3
514 1316 546 1376 et
561 1319 681 1378 terram
698 1310 741 1378 ad
756 1312 893 1378 alterum
909 1309 1080 1378 dimidium
1096 1317 1237 1377 aratrum
1257 1308 1477 1376 sullioientem
1491 1307 1521 1373 in

399 1417 520 1485 Zboleu
547 1425 654 1486 castro
687 1418 874 1504 reliquimus
905 1419 1054 1508 similitor
1078 1418 1111 1486 iu
1131 1425 1344 1504 perpetuum.
1378 1417 1423 1483 nt
1448 1415 1522 1502 qnia

399 1525 506 1612 ipsum
534 1528 738 1614 priuilegium
755 1528 893 1616 Capituli
913 1527 1146 1614 Zagrabiensis
1171 1547 1269 1613 super
1284 1525 1373 1593 laeto
1393 1525 1522 1591 illamn

399 1643 568 1722 terrarum,
595 1637 682 1721 quod
706 1635 764 1722 filij
780 1636 860 1704 Sellr
877 1643 1154 1723 presentauerant,
1179 1635 1381 1704 inmanibus
1404 1631 1522 1700 nostris

374 1743 584 1812 ,nolenttbus
609 1745 703 1813 nobis
719 1745 856 1832 contigit
881 1745 1038 1830 lanerari;
1062 1751 1206 1812 tenorem
1226 1742 1332 1831 ipsius
1357 1739 1522 1827 priuilegij

399 1850 439 1919 de
455 1853 556 1922 uerbo
581 1854 623 1920 ad
650 1853 786 1920 uerbum
811 1851 1002 1920 transscribi
1025 1853 1059 1918 in
1074 1859 1256 1940 presentem
1282 1849 1442 1936 paginam
1468 1868 1522 1916 no

399 1959 661 2046 serenissimus,
678 1981 718 2028 ne
735 1961 813 2046 filiis
827 1960 906 2028 Sellr
923 1959 1055 2046 aliquod
1070 1959 1285 2046 preludioium
1300 1980 1359 2046 per
1372 1957 1438 2026 boo
1456 1957 1523 2024 lieri

398 2071 620 2154 eontingeret,
654 2089 789 2158 prosena
815 2067 1021 2156 priuilegium
1048 2075 1192 2138 nostrum
1224 2067 1393 2136 continens
1420 2071 1521 2132 totum

398 2183 541 2244 tenorem
572 2175 738 2262 priuilegij
766 2175 908 2262 Capituli
933 2176 1165 2262 Zagrabionsis
1194 2175 1315 2243 eisdem
1340 2175 1419 2242 liliis
1447 2173 1522 2242 Sellr

397 2282 599 2352 reddidimus
624 2283 725 2368 sigilli
751 2287 854 2352 nostri
880 2287 1058 2352 munimine
1083 2284 1280 2371 roboratum,
1307 2293 1344 2351 ut
1365 2283 1524 2369 deinceps

397 2389 510 2460 oedem
526 2395 621 2477 terrq
639 2412 702 2479 que
718 2395 751 2458 in
762 2393 903 2478 presenti
919 2393 1092 2480 priuilegio
1103 2395 1320 2478 eontinentur,
1337 2412 1396 2479 per
1411 2411 1522 2477 quem·

397 2501 485 2588 piam
510 2520 575 2568 uon
592 2503 719 2588 possint
736 2503 769 2569 in
787 2503 911 2568 irritum
936 2505 1102 2587 reuoouri3
1129 2509 1161 2570 et
1181 2504 1284 2569 eniam
1309 2501 1523 2588 priuilegium

396 2610 499 2697 ipsius
515 2607 668 2697 Capituli,
685 2610 761 2677 lieet
778 2610 952 2678 laceratum
970 2617 1002 2678 ot
1017 2633 1037 2679 a
1053 2612 1163 2696 sigillo
1182 2617 1380 2697 separatum,
1396 2608 1524 2676 eisdem

396 2715 471 2786 liliis
495 2716 576 2785 Sella
602 2737 674 2784 oum
699 2718 811 2802 sigillo
836 2725 947 2788 nostro
973 2721 1131 2787 munitum
1157 2717 1357 2786 reddidimus
1388 2723 1525 2804 propter

398 2825 552 2894 maiorem
570 2826 767 2892 oauoionem.
794 2826 900 2896 'l'enor
916 2828 1019 2895 eniam
1035 2828 1200 2915 priuilegii
1218 2825 1361 2913 (lapitnli
1378 2825 1434 2891 bio
1450 2831 1523 2892 est:

503 2933 660 3002 Omnibus
671 2934 790 3002 Obristi
803 2933 953 3004 fidelibus
964 2936 1025 3004 stb.
1036 2934 1248 3025 (kdvetlrenilr
1258 2955 1280 3000 a
1289 2933 1425 3018 amabi
1439 2932 1524 3020 irap-

396 3041 555 3109 talannals
574 3042 711 3111 1236-ki
726 3043 1021 3131 biuonysaglevele,
1039 3047 1120 3112 mint
1135 3044 1267 3112 lontebb
1285 3045 1336 3109 11.
1357 3063 1403 3110 su.
1419 3041 1466 3126 a.)

502 3152 544 3218 Vt
561 3156 670 3220 auum
696 3150 793 3218 buius
810 3153 858 3219 rei
884 3157 986 3221 series
1001 3153 1097 3220 salua
1117 3153 1283 3236 oonsistat,
1308 3151 1439 3218 litteras
1465 3171 1525 3219 uo·

396 3265 481 3328 atras
497 3261 715 3328 ooneemimus
740 3259 843 3344 sigilli
861 3262 963 3330 nostri
989 3261 1166 3328 munimine
1181 3260 1408 3342 communitas,
1434 3279 1523 3327 anno

397 3367 527 3436 Domini
543 3369 589 3434 M⁰
600 3368 664 3436 00⁰
677 3369 715 3434 L⁰
731 3374 858 3435 octauo

432 3567 569 3632 (Erodatie
582 3566 754 3635 bbrlrirtyrim
769 3567 889 3634 apoosdt
898 3565 955 3620 mir
970 3568 1100 3618 elresrott
1113 3583 1131 3618 e
1140 3566 1241 3620 ldnndlt.
1251 3567 1296 3634 bg.
1311 3563 1483 3633 Esnterbiny

799 3656 889 3709 osaldd
903 3653 1108 3721 levbltiriban.)
