3252 5198
348 1101 489 1168 Kalauria
504 1101 657 1187 palicziai
671 1099 780 1184 ltirdly
796 1101 828 1162 ta
843 1097 1018 1164 sclavonici
1033 1098 1157 1182 tarcacp
1173 1095 1375 1162 tirtotcaatc
1391 1101 1482 1162 tenda

348 1205 509 1273 Abraham
525 1204 678 1284 comesset,
696 1214 743 1268 eat
759 1204 872 1268 Peter
889 1200 1068 1286 (Pulc-acc)
1088 1203 1276 1268 birtolcdban
1291 1207 1481 1291 mepcrdstti.

867 1313 965 1377 1237.

457 1514 492 1578 O.
518 1511 581 1579 Dei
606 1509 719 1595 gracia
743 1509 813 1575 Rex
838 1515 870 1574 et
886 1509 961 1573 Dux
988 1507 1093 1572 tocius
1118 1505 1291 1573 Sclaucnic
1317 1507 1481 1574 vniuersis

353 1626 520 1708 presentes
535 1619 663 1684 litteras
687 1614 884 1700 inspecturis
900 1615 1039 1681 salutern
1054 1617 1087 1680 iu
1104 1633 1182 1680 vero
1198 1615 1345 1680 salutari.
1373 1615 1481 1682 Noue-

350 1729 416 1794 rint
430 1725 577 1794 uniuersi
602 1723 718 1808 quibus
734 1723 818 1790 scire
835 1723 1024 1809 expedierit,
1052 1721 1228 1807 quodcum
1251 1722 1353 1788 irater
1367 1730 1481 1790 nester

352 1835 433 1904 Bela
447 1836 518 1900 Rex
533 1830 776 1899 Illustrissimus
792 1829 970 1914 Hungarie,
988 1835 1021 1896 ct
1033 1849 1092 1895 nos
1109 1829 1150 1893 de
1166 1829 1326 1894 communi
1342 1829 1481 1896 consilio

353 1941 459 2027 Regni
484 1940 656 2005 uniuersas
682 1937 917 2024 perpetuitates
943 1936 1106 2022 superflue
1131 1941 1164 2001 et
1186 1935 1346 2001 inutiliter
1373 1934 1481 2003 factas

353 2048 558 2115 reuocandus
575 2043 831 2112 decreuissemus
849 2050 882 2110 et
896 2063 1141 2111 rcuceasscmus
1160 2044 1202 2108 ab
1219 2043 1388 2129 omnibus;
1408 2062 1482 2128 spe·

354 2157 482 2222 cialiter
498 2155 602 2220 eciam
619 2153 661 2219 ab
678 2152 824 2218 Abraam
841 2151 967 2218 Gemite
982 2151 1049 2218 filio
1065 2150 1214 2218 Marcelli
1224 2149 1359 2218 Comitis
1375 2157 1483 2217 terras

354 2283 442 2346 suas,
469 2263 498 2328 si
515 2280 578 2345 quc
593 2259 722 2325 fuerant
747 2260 834 2325 ultra
848 2260 1005 2340 Drauam,
1031 2263 1063 2323 ct
1078 2277 1139 2323 ncs
1154 2257 1347 2342 recepimus,
1373 2265 1484 2342 preter

353 2376 475 2436 terrum
489 2367 604 2434 Pulrur
630 2385 702 2431 cum
729 2365 797 2432 suis
820 2362 1041 2450 pertinencijs,
1069 2383 1165 2448 quarn
1190 2363 1252 2430 sibi
1276 2370 1310 2431 et
1324 2384 1383 2450 per
1407 2384 1484 2430 eum

354 2478 422 2544 suis
438 2473 613 2542 heredibus
627 2478 786 2559 perpetuo
802 2471 974 2539 statuimus
990 2471 1235 2557 possidendam,
1258 2491 1318 2556 pro
1336 2471 1403 2538 suis
1420 2478 1486 2538 ter·

356 2587 402 2652 ris
418 2583 568 2649 omnibns
585 2579 757 2666 empticijs,
784 2598 847 2663 que
863 2578 993 2646 fuerant
1008 2578 1103 2646 nobis
1130 2580 1325 2662 necessarie,
1351 2586 1385 2645 et
1399 2599 1485 2663 quas

356 2689 444 2756 idem
459 2691 605 2756 Abraam
621 2685 737 2753 Comes
762 2685 858 2752 nobis
874 2685 915 2751 de
940 2685 1027 2751 bona
1045 2684 1213 2752 uoluntate
1237 2703 1298 2750 sua
1313 2705 1373 2770 pro
1395 2686 1485 2753 bono

357 2798 468 2884 gracie
483 2801 595 2863 nostre
604 2791 825 2878 possidendas
841 2791 982 2876 reliquit.
1002 2791 1043 2858 Et
1058 2790 1166 2877 prima
1175 2799 1265 2858 meta
1278 2792 1382 2878 ipsius
1397 2800 1486 2859 terre

357 2906 478 2988 Pukur,
495 2903 579 2968 sicut
593 2921 651 2986 per
666 2900 828 2966 hominem
844 2905 989 2966 nostrum
1005 2899 1188 2966 Fabianum
1204 2899 1416 2986 percepimus,
1436 2901 1486 2967 in-

357 3012 436 3100 cipit
462 3027 559 3096 super
585 3005 723 3074 eundem
739 3005 873 3072 fluuium
888 3006 1011 3090 Pukur,
1037 3006 1093 3071 ubi
1110 3013 1161 3072 est
1182 3026 1304 3091 magna
1329 3009 1427 3075 arbor
1441 3009 1487 3075 de

354 3121 487 3210 populo,
505 3137 567 3201 que
583 3117 681 3200 uulgo
696 3115 813 3182 dicitur
828 3115 966 3199 carpta,
984 3123 1016 3180 et
1030 3114 1078 3180 ibi
1093 3121 1180 3181 tenet
1195 3123 1314 3182 metam
1330 3136 1402 3182 eum
1417 3115 1485 3182 Na·

356 3228 453 3312 diua,
480 3232 513 3293 et
528 3223 605 3291 inde
620 3242 678 3309 per
693 3223 782 3288 uiam
798 3221 947 3288 ascendit
961 3221 1054 3288 iuxta
1069 3222 1203 3288 fluuium
1218 3224 1332 3288 Iwana
1352 3243 1372 3288 a
1387 3233 1486 3309 parte

357 3334 489 3406 orientis
506 3350 609 3414 usque
633 3328 678 3392 ad
694 3333 814 3395 metam
837 3327 976 3394 filiorum
992 3327 1102 3394 Bedur
1117 3327 1263 3414 Comitis,
1287 3336 1321 3396 et
1334 3333 1485 3416 peruenit

355 3442 400 3508 ad
416 3447 515 3525 caput
530 3435 722 3519 Mechynice
738 3435 881 3520 minoris,
910 3440 943 3500 et
957 3453 1017 3522 per
1031 3436 1168 3503 eundem
1187 3435 1355 3504 deseendit
1380 3458 1485 3523 usquc

356 3547 400 3612 ad
415 3555 537 3613 terram
563 3544 701 3611 filiorum
718 3543 853 3627 cheu,
880 3548 912 3608 et
928 3543 974 3610 ibi
989 3549 1078 3610 tenet
1093 3551 1213 3611 metam
1238 3565 1310 3611 curn
1336 3545 1483 3634 eisdem3

357 3651 476 3721 deinde
500 3651 568 3718 exit
592 3650 632 3716 de
658 3647 758 3716 fluuio
784 3649 985 3734 Mechynica,
1011 3657 1043 3717 et
1066 3651 1235 3718 descendit
1257 3673 1317 3739 per
1342 3654 1484 3723 riuulum

357 3761 526 3844 (lhrasnic,
543 3765 576 3824 et
601 3757 749 3843 peruenit
764 3757 808 3823 ad
824 3765 944 3824 terram
959 3759 1143 3844 Dobrcsig;
1170 3760 1211 3826 de
1226 3759 1303 3825 inde
1321 3768 1409 3828 tenet
1425 3783 1484 3848 per

357 3869 486 3954 siluam,
504 3886 562 3952 per
579 3865 742 3949 quandam
752 3865 874 3932 uallem
890 3865 1059 3932 descendit
1073 3866 1116 3932 ad
1132 3866 1265 3932 fluuium
1275 3868 1484 3955 Mechynica3

357 3976 399 4042 de
415 3973 491 4042 iude
507 3992 605 4060 super
621 3971 759 4040 eundem
774 3971 907 4039 fluuium
924 3971 1152 4042 descendendo
1170 3981 1259 4041 tenet
1274 3981 1393 4042 metam
1410 3997 1485 4044 curn

356 4083 481 4169 (iaryg,
488 4082 678 4169 etperuenit
686 4080 744 4147 ubi
750 4081 907 4148 Kemeuic
915 4082 1057 4166 puthcca
1066 4081 1234 4149 descendit
1243 4083 1485 4172 iuMechynica,

359 4197 393 4258 ct
401 4209 461 4275 per
470 4187 608 4254 eundem
619 4185 775 4254 Kamenic
786 4185 934 4253 ascendit
943 4205 1045 4270 usque
1055 4187 1099 4252 ad
1109 4194 1215 4272 caput,
1224 4194 1257 4252 et
1265 4188 1312 4253 ibi
1322 4194 1412 4256 tenet
1422 4211 1485 4258 me

355 4305 424 4364 tarn
442 4314 514 4362 curn
525 4295 655 4378 Garyg;
672 4292 790 4359 deinde
806 4293 910 4358 tendit
927 4275 986 4379 per
1001 4293 1139 4360 riuulnm
1155 4293 1336 4379 (luchenur,
1353 4296 1486 4364 descen·

359 4403 409 4469 dit
425 4404 460 4468 in
470 4400 651 4488 predictum
660 4399 794 4466 fluuium
802 4400 1003 4486 Mechyuica,
1016 4408 1114 4487 etper
1123 4400 1317 4485 Mechynica
1325 4403 1431 4469 tendit
1440 4404 1486 4470 ud

359 4509 496 4576 fluuium
512 4507 689 4594 Soplonica
698 4559 706 4592 ,
729 4515 761 4574 ct
775 4526 836 4592 per
852 4506 1029 4593 Scplcniea
1043 4507 1179 4573 inferius
1194 4505 1307 4591 tendit,
1324 4509 1380 4574 ubi
1397 4509 1487 4576 cadit

357 4619 536 4701 Mcgcrcvc
545 4623 664 4700 pctcea
674 4617 707 4679 in
721 4614 906 4698 Soplonica,
918 4621 950 4680 et
958 4613 1005 4680 ibi
1015 4613 1226 4697 relinquendo
1237 4613 1362 4700 Geryg,
1371 4616 1487 4703 incipit
