3226 5194
874 339 1035 440 gur-

393 537 569 623 deeisioue,
596 559 658 624 que
683 539 717 604 iu
742 537 905 627 prioribus
919 535 1038 604 littoris
1053 533 1172 604 uostris
1188 551 1287 619 super
1309 533 1531 601 mntuaoioue

391 645 603 715 ducentarum
629 664 812 714 marearum
838 643 1054 712 eontinentur.
1085 640 1187 727 Gujus
1217 639 1532 728 suppliesoiouibus
1598 649 1599 702 t

390 752 479 821 idem
494 755 605 823 Fenus
616 754 729 822 Abbus
745 753 972 821 fauorabiliter
987 751 1163 818 ineliastus
1179 749 1335 818 durentur
1349 750 1535 832 octogiuta
1598 753 1599 816 ζ

393 883 522 930 mareas
537 864 572 930 iu
596 863 743 930 denariis
762 860 941 948 Regalibnr
966 880 1040 930 eum
1064 858 1208 948 pondere
1232 867 1420 928 memento
1446 857 1532 926 Etsk

394 972 555 1038 mutuanit
569 993 680 1040 eoram
696 971 801 1053 nohis,
819 976 854 1037 ut
868 969 1078 1057 prediximus,
1095 969 1187 1055 ipsas
1205 968 1373 1052 ootogiuta
1389 987 1533 1034 marm

394 1080 618 1166 superaddens
642 1079 789 1148 ducentis
805 1080 924 1146 mareis
947 1077 1111 1165 predictis.
1137 1077 1178 1144 llt
1193 1076 1241 1144 sie
1258 1075 1344 1144 idem
1364 1077 1459 1144 Elea
1476 1075 1533 1144 do-

395 1187 480 1254 miuo
497 1186 619 1254 Abbati
635 1187 668 1253 in
685 1185 779 1254 totali
795 1204 924 1252 summa
947 1190 1074 1252 tenetur
1088 1183 1123 1250 iu
1140 1182 1288 1251 dueentis
1303 1189 1337 1252 et
1350 1181 1536 1266 nemginta

397 1295 526 1377 mareis,
551 1316 610 1382 pro
635 1295 752 1380 quibus
777 1293 938 1378 omuibus,
965 1301 1000 1360 ut
1023 1299 1075 1360 est
1090 1299 1281 1378 pretaetum,
1306 1297 1534 1360 memoratum

394 1405 635 1492 possessionem
651 1404 714 1469 Vrs
733 1401 987 1488 inpignoratam
1012 1400 1171 1484 obligauit
1194 1400 1255 1466 sub
1281 1421 1369 1486 pona
1394 1397 1535 1484 obliga·

395 1512 524 1579 eionum
550 1517 584 1578 et
608 1511 798 1580 eauoiouum
813 1512 848 1578 in
872 1510 991 1578 litteris
1015 1509 1179 1597 prioribus
1207 1509 1336 1578 insertis
1361 1507 1535 1576 seriatim.

397 1620 518 1688 Datum
544 1639 629 1688 anuo
652 1619 782 1689 Domini
807 1619 980 1688 millesimo
1006 1619 1227 1688 ducentesimo
1250 1615 1534 1705 quiuquagesimo

397 1727 546 1817 septimo.

522 1909 557 1976 (A
568 1907 701 1963 lebdrvtri
715 1908 903 1979 lutiptulanuslu
919 1911 1029 1961 tots-hi
1042 1907 1197 1972 herentoth,
1211 1910 1280 1962 miut
1291 1905 1396 1976 aldbb.)

827 2201 1094 2212 ———--—-—.

401 2827 431 2892 A
446 2829 538 2914 pyb'm'
552 2828 764 2914 leptoloonok
779 2831 1046 2918 bizonpsophvele,
1062 2833 1144 2916 kopp
1162 2828 1287 2894 Cborna
1300 2825 1528 2914 amenoptes·

400 2934 508 3002 Istoeio
527 2937 650 3003 tholad
673 2939 921 3024 neodsdldjenek
936 2939 1097 3024 selerehze't
1112 2939 1220 3004 Endos
1247 2936 1303 3002 Oet
1325 2931 1528 3019 aaokejatmk

843 3049 955 3112 elodta.
972 3044 1061 3112 1257
1063 3095 1070 3111 .

509 3236 695 3325 Capitulum
706 3235 852 3302 Eoolesie
863 3233 1044 3302 Jeuriensis
1060 3235 1220 3302 uniuersis
1231 3235 1354 3304 Christi
1372 3237 1526 3306 fidelibus

400 3354 567 3436 presentes
583 3346 710 3412 litteras
725 3341 920 3430 inspecturis
935 3342 1119 3410 salutemiu
1135 3343 1250 3411 salutis
1265 3344 1434 3430 largitore.
1452 3347 1527 3413 Vni·

401 3454 547 3523 uersitati
574 3462 683 3521 uestro
708 3450 914 3520 declaramus
939 3450 1141 3538 presencium
1166 3471 1224 3538 per
1247 3460 1409 3540 tenorem,
1439 3453 1527 3540 quod

402 3561 568 3648 Stephano
594 3560 661 3628 filio
686 3558 843 3646 Stephani
870 3560 911 3626 de
927 3558 1008 3627 uilla
1034 3567 1067 3627 et
1085 3559 1300 3645 generaoione
1324 3559 1462 3632 choma
1487 3583 1525 3632 ex

402 3692 468 3738 una
482 3677 585 3758 parto,
603 3678 635 3737 et
650 3667 783 3736 Andros
798 3668 865 3736 filio
881 3667 992 3736 Ihonis
1015 3668 1074 3754 filij
1090 3668 1149 3738 Osl
1164 3690 1206 3736 ex
1221 3670 1328 3738 alters
1343 3691 1457 3740 eoram
1473 3693 1526 3740 no

402 3780 454 3848 bis
470 3778 663 3862 constitutis,
692 3777 779 3845 idem
795 3777 981 3863 Stephanus
997 3782 1047 3844 est
1062 3778 1239 3866 confessus,
1268 3778 1356 3864 quod
1371 3780 1526 3848 medieta-

402 3898 466 3958 tem
484 3897 569 3956 terre
587 3886 724 3972 Ohalod,
751 3906 813 3972 que
828 3887 933 3974 ipsius
958 3887 1145 3974 porcionem
1158 3889 1229 3956 iuro
1252 3888 1451 3958 hereditario
1472 3890 1526 3956 im

403 3995 545 4064 mediate
562 3994 781 4080 contingebat,
806 4015 878 4062 eum
893 3996 987 4063 siluis
1002 4005 1035 4064 et
1056 3996 1205 4066 omuibus
1229 3995 1306 4064 aliis
1328 3997 1526 4067 utilitatibus

404 4104 484 4190 suis,
501 4105 646 4172 uioiusm
662 4110 694 4170 et
714 4112 969 4174 oommetaneam
987 4113 1073 4174 terre
1097 4105 1234 4192 predicti
1249 4105 1381 4176 Andreo
1401 4105 1526 4176 Cholad
1594 4153 1595 4178 t

404 4211 577 4297 nominate,
595 4210 797 4280 uendidisset
811 4213 938 4300 prefato
948 4213 1078 4282 Androe
1092 4235 1151 4304 pro
1166 4213 1281 4282 deeom
1298 4215 1418 4284 mamis
1428 4216 1526 4284 dena-
1594 4199 1595 4206 ἵ

405 4325 524 4390 riomm
548 4326 705 4408 perpetuo
731 4320 981 4408 possidendam,
1014 4329 1047 4391 et
1070 4321 1177 4410 ipsum
1201 4342 1362 4392 summam
1388 4324 1526 4408 peeuuio

406 4431 489 4498 dixit
512 4429 606 4498 soah
622 4428 736 4500 eodem
751 4428 884 4498 Andrea
898 4431 1045 4518 plenarie
1063 4431 1237 4520 reoepisse.
1262 4430 1395 4500 Adieeit
1420 4433 1525 4502 ωἰιω

406 4541 493 4608 idem
507 4539 702 4625 Stephanus,
728 4538 815 4624 qnod
828 4537 915 4609 Joau
938 4539 1038 4608 irater
1054 4540 1158 4626 ipsius
1182 4546 1215 4610 et
1229 4561 1342 4610 omues
1367 4541 1427 4628 ahj
1451 4561 1525 4610 eou-

406 4645 579 4732 saugoinoi
594 4645 645 4712 sni
661 4645 806 4730 requisiti
821 4646 1007 4715 uenditioni
1016 4649 1160 4736 predicte
1175 4655 1259 4716 terre
1269 4649 1519 4746 eonsensissout.
