<?xml version="1.0" encoding="UTF-8"?>
<!DOCTYPE html PUBLIC "-//W3C//DTD XHTML 1.0 Transitional//EN"
    "http://www.w3.org/TR/xhtml1/DTD/xhtml1-transitional.dtd">
<html xmlns="http://www.w3.org/1999/xhtml" xml:lang="en" lang="en">
 <head>
  <title>
</title>
<meta http-equiv="Content-Type" content="text/html;charset=utf-8" />
  <meta name='ocr-system' content='tesseract 3.04.00' />
  <meta name='ocr-capabilities' content='ocr_page ocr_carea ocr_par ocr_line ocrx_word'/>
</head>
<body>
  <div class='ocr_page' id='page_1' title='image "./codexdiplomatic18wenzgoog_0440.png"; bbox 0 0 3168 5186; ppageno 0'>
   <div class='ocr_carea' id='block_1_1' title="bbox 381 535 1534 3553">
    <p class='ocr_par' dir='ltr' id='par_1_1' title="bbox 381 535 1534 3553">
     <span class='ocr_line' id='line_1_1' title="bbox 382 535 1513 628; baseline -0.007 -19"><span class='ocrx_word' id='word_1_1' title='bbox 382 541 488 628; x_wconf 81' lang='lat' dir='ltr'><strong>posite</strong></span> <span class='ocrx_word' id='word_1_2' title='bbox 506 539 676 627; x_wconf 74' lang='lat' dir='ltr'><strong>capitales,</strong></span> <span class='ocrx_word' id='word_1_3' title='bbox 695 557 757 625; x_wconf 91' lang='lat' dir='ltr'><strong>que</strong></span> <span class='ocrx_word' id='word_1_4' title='bbox 772 537 952 622; x_wconf 80' lang='lat' dir='ltr'><strong>distingunt</strong></span> <span class='ocrx_word' id='word_1_5' title='bbox 972 545 1005 604; x_wconf 86' lang='lat' dir='ltr'><strong>et</strong></span> <span class='ocrx_word' id='word_1_6' title='bbox 1020 544 1176 624; x_wconf 81' lang='lat' dir='ltr'><strong>separant</strong></span> <span class='ocrx_word' id='word_1_7' title='bbox 1188 543 1306 603; x_wconf 82' lang='lat' dir='ltr'><strong>terram</strong></span> <span class='ocrx_word' id='word_1_8' title='bbox 1323 538 1454 604; x_wconf 83' lang='lat' dir='ltr'><strong>llesces</strong></span> <span class='ocrx_word' id='word_1_9' title='bbox 1470 535 1513 601; x_wconf 91' lang='lat' dir='ltr'><strong>dc</strong></span> 
     </span>
     <span class='ocr_line' id='line_1_2' title="bbox 381 646 1514 734; baseline -0.004 -18"><span class='ocrx_word' id='word_1_10' title='bbox 381 657 470 718; x_wconf 89' lang='lat' dir='ltr'><strong>terra</strong></span> <span class='ocrx_word' id='word_1_11' title='bbox 485 647 630 728; x_wconf 69' lang='lat' dir='ltr'><strong>tinente,</strong></span> <span class='ocrx_word' id='word_1_12' title='bbox 656 646 747 714; x_wconf 89' lang='lat' dir='ltr'><strong>etde</strong></span> <span class='ocrx_word' id='word_1_13' title='bbox 763 655 853 716; x_wconf 84' lang='lat' dir='ltr'><strong>terra</strong></span> <span class='ocrx_word' id='word_1_14' title='bbox 868 647 1017 732; x_wconf 79' lang='lat' dir='ltr'><strong>Zollrod3</strong></span> <span class='ocrx_word' id='word_1_15' title='bbox 1034 646 1170 734; x_wconf 84' lang='lat' dir='ltr'><strong>posthoc</strong></span> <span class='ocrx_word' id='word_1_16' title='bbox 1184 646 1277 714; x_wconf 81' lang='lat' dir='ltr'><strong>vadit</strong></span> <span class='ocrx_word' id='word_1_17' title='bbox 1295 665 1409 714; x_wconf 86' lang='lat' dir='ltr'><strong>versus</strong></span> <span class='ocrx_word' id='word_1_18' title='bbox 1425 647 1514 712; x_wconf 87' lang='lat' dir='ltr'><strong>occi-</strong></span> 
     </span>
     <span class='ocr_line' id='line_1_3' title="bbox 382 748 1512 842; baseline -0.004 -18"><span class='ocrx_word' id='word_1_19' title='bbox 382 757 523 841; x_wconf 85' lang='lat' dir='ltr'><strong>dentem,</strong></span> <span class='ocrx_word' id='word_1_20' title='bbox 539 755 710 842; x_wconf 86' lang='lat' dir='ltr'><strong>perueniet</strong></span> <span class='ocrx_word' id='word_1_21' title='bbox 725 755 770 822; x_wconf 89' lang='lat' dir='ltr'><strong>ad</strong></span> <span class='ocrx_word' id='word_1_22' title='bbox 786 748 952 838; x_wconf 83' lang='lat' dir='ltr'><strong>quandam</strong></span> <span class='ocrx_word' id='word_1_23' title='bbox 968 773 1085 822; x_wconf 84' lang='lat' dir='ltr'><strong>venam</strong></span> <span class='ocrx_word' id='word_1_24' title='bbox 1101 769 1180 822; x_wconf 75' lang='lat' dir='ltr'><strong>ceter</strong></span> <span class='ocrx_word' id='word_1_25' title='bbox 1194 761 1424 842; x_wconf 69' lang='lat' dir='ltr'><strong>nuncupatam,</strong></span> <span class='ocrx_word' id='word_1_26' title='bbox 1444 773 1512 837; x_wconf 89' lang='lat' dir='ltr'><strong>que</strong></span> 
     </span>
     <span class='ocr_line' id='line_1_4' title="bbox 382 863 1514 952; baseline -0.005 -18"><span class='ocrx_word' id='word_1_27' title='bbox 382 867 450 934; x_wconf 85' lang='lat' dir='ltr'><strong>exit</strong></span> <span class='ocrx_word' id='word_1_28' title='bbox 464 864 507 932; x_wconf 92' lang='lat' dir='ltr'><strong>de</strong></span> <span class='ocrx_word' id='word_1_29' title='bbox 513 867 691 952; x_wconf 73' lang='lat' dir='ltr'><strong>sequeretur</strong></span> <span class='ocrx_word' id='word_1_30' title='bbox 706 870 739 932; x_wconf 90' lang='lat' dir='ltr'><strong>et</strong></span> <span class='ocrx_word' id='word_1_31' title='bbox 754 864 845 932; x_wconf 81' lang='lat' dir='ltr'><strong>vadit</strong></span> <span class='ocrx_word' id='word_1_32' title='bbox 860 883 976 932; x_wconf 87' lang='lat' dir='ltr'><strong>versus</strong></span> <span class='ocrx_word' id='word_1_33' title='bbox 992 863 1170 947; x_wconf 77' lang='lat' dir='ltr'>meridiem,</span> <span class='ocrx_word' id='word_1_34' title='bbox 1196 883 1259 949; x_wconf 92' lang='lat' dir='ltr'><strong>que</strong></span> <span class='ocrx_word' id='word_1_35' title='bbox 1278 863 1403 931; x_wconf 91' lang='lat' dir='ltr'><strong>scilicet</strong></span> <span class='ocrx_word' id='word_1_36' title='bbox 1420 883 1514 930; x_wconf 78' lang='lat' dir='ltr'><strong>vena</strong></span> 
     </span>
     <span class='ocr_line' id='line_1_5' title="bbox 384 970 1513 1064; baseline -0.003 -22"><span class='ocrx_word' id='word_1_37' title='bbox 384 996 449 1045; x_wconf 93' lang='lat' dir='ltr'><strong>non</strong></span> <span class='ocrx_word' id='word_1_38' title='bbox 465 982 588 1064; x_wconf 87' lang='lat' dir='ltr'><strong>remote</strong></span> <span class='ocrx_word' id='word_1_39' title='bbox 612 970 719 1042; x_wconf 88' lang='lat' dir='ltr'><strong>eundo</strong></span> <span class='ocrx_word' id='word_1_40' title='bbox 735 972 776 1040; x_wconf 91' lang='lat' dir='ltr'><strong>de</strong></span> <span class='ocrx_word' id='word_1_41' title='bbox 793 971 866 1060; x_wconf 89' lang='lat' dir='ltr'><strong>ipsa</strong></span> <span class='ocrx_word' id='word_1_42' title='bbox 872 973 1048 1060; x_wconf 78' lang='lat' dir='ltr'><strong>fepuetotoc</strong></span> <span class='ocrx_word' id='word_1_43' title='bbox 1063 970 1218 1040; x_wconf 89' lang='lat' dir='ltr'><strong>diuiditur</strong></span> <span class='ocrx_word' id='word_1_44' title='bbox 1233 973 1267 1038; x_wconf 92' lang='lat' dir='ltr'><strong>in</strong></span> <span class='ocrx_word' id='word_1_45' title='bbox 1285 971 1366 1040; x_wconf 85' lang='lat' dir='ltr'><strong>dnus</strong></span> <span class='ocrx_word' id='word_1_46' title='bbox 1384 975 1513 1058; x_wconf 84' lang='lat' dir='ltr'><strong>partes,</strong></span> 
     </span>
     <span class='ocr_line' id='line_1_6' title="bbox 383 1080 1513 1166; baseline -0.003 -16"><span class='ocrx_word' id='word_1_47' title='bbox 383 1103 448 1150; x_wconf 82' lang='lat' dir='ltr'><strong>vna</strong></span> <span class='ocrx_word' id='word_1_48' title='bbox 472 1101 582 1150; x_wconf 86' lang='lat' dir='ltr'><strong>earum</strong></span> <span class='ocrx_word' id='word_1_49' title='bbox 597 1080 691 1150; x_wconf 88' lang='lat' dir='ltr'><strong>vadit</strong></span> <span class='ocrx_word' id='word_1_50' title='bbox 706 1100 820 1150; x_wconf 85' lang='lat' dir='ltr'><strong>versus</strong></span> <span class='ocrx_word' id='word_1_51' title='bbox 836 1080 1014 1166; x_wconf 84' lang='lat' dir='ltr'><strong>meridiem,</strong></span> <span class='ocrx_word' id='word_1_52' title='bbox 1040 1080 1154 1148; x_wconf 82' lang='lat' dir='ltr'><strong>etalio</strong></span> <span class='ocrx_word' id='word_1_53' title='bbox 1169 1099 1283 1148; x_wconf 85' lang='lat' dir='ltr'><strong>versus</strong></span> <span class='ocrx_word' id='word_1_54' title='bbox 1305 1081 1513 1148; x_wconf 87' lang='lat' dir='ltr'><strong>occidentem</strong></span> 
     </span>
     <span class='ocr_line' id='line_1_7' title="bbox 381 1187 1513 1276; baseline -0.002 -20"><span class='ocrx_word' id='word_1_55' title='bbox 381 1226 425 1240; x_wconf 90' lang='lat'><em>-</em></span> <span class='ocrx_word' id='word_1_56' title='bbox 440 1226 485 1240; x_wconf 94' lang='lat'>-</span> <span class='ocrx_word' id='word_1_57' title='bbox 500 1227 544 1240; x_wconf 89' lang='lat'><em>—</em></span> <span class='ocrx_word' id='word_1_58' title='bbox 559 1227 603 1240; x_wconf 89' lang='lat'>—</span> <span class='ocrx_word' id='word_1_59' title='bbox 619 1187 764 1258; x_wconf 88' lang='lat' dir='ltr'><strong>eiusdem</strong></span> <span class='ocrx_word' id='word_1_60' title='bbox 781 1208 863 1258; x_wconf 86' lang='lat' dir='ltr'><strong>vene</strong></span> <span class='ocrx_word' id='word_1_61' title='bbox 878 1195 930 1258; x_wconf 88' lang='lat' dir='ltr'><strong>est</strong></span> <span class='ocrx_word' id='word_1_62' title='bbox 944 1197 1033 1258; x_wconf 87' lang='lat' dir='ltr'><strong>meta</strong></span> <span class='ocrx_word' id='word_1_63' title='bbox 1047 1196 1173 1275; x_wconf 87' lang='lat' dir='ltr'><strong>terrca;</strong></span> <span class='ocrx_word' id='word_1_64' title='bbox 1190 1189 1309 1257; x_wconf 80' lang='lat' dir='ltr'><strong>exinde</strong></span> <span class='ocrx_word' id='word_1_65' title='bbox 1326 1187 1433 1256; x_wconf 91' lang='lat' dir='ltr'><strong>eundo</strong></span> <span class='ocrx_word' id='word_1_66' title='bbox 1452 1209 1513 1276; x_wconf 88' lang='lat' dir='ltr'><strong>per</strong></span> 
     </span>
     <span class='ocr_line' id='line_1_8' title="bbox 382 1297 1513 1386; baseline -0.002 -18"><span class='ocrx_word' id='word_1_67' title='bbox 382 1321 480 1368; x_wconf 85' lang='lat' dir='ltr'><strong>vnum</strong></span> <span class='ocrx_word' id='word_1_68' title='bbox 496 1319 621 1367; x_wconf 82' lang='lat' dir='ltr'><strong>remum</strong></span> <span class='ocrx_word' id='word_1_69' title='bbox 646 1299 773 1386; x_wconf 82' lang='lat' dir='ltr'><strong>prelcte</strong></span> <span class='ocrx_word' id='word_1_70' title='bbox 788 1317 870 1365; x_wconf 87' lang='lat' dir='ltr'><strong>vene</strong></span> <span class='ocrx_word' id='word_1_71' title='bbox 885 1298 929 1365; x_wconf 83' lang='lat' dir='ltr'><strong>od</strong></span> <span class='ocrx_word' id='word_1_72' title='bbox 953 1297 1152 1368; x_wconf 84' lang='lat' dir='ltr'><strong>occidentem</strong></span> <span class='ocrx_word' id='word_1_73' title='bbox 1168 1319 1227 1386; x_wconf 86' lang='lat' dir='ltr'><strong>per</strong></span> <span class='ocrx_word' id='word_1_74' title='bbox 1251 1299 1389 1384; x_wconf 80' lang='lat' dir='ltr'><strong>syluam,</strong></span> <span class='ocrx_word' id='word_1_75' title='bbox 1415 1305 1454 1366; x_wconf 86' lang='lat' dir='ltr'><strong>et</strong></span> <span class='ocrx_word' id='word_1_76' title='bbox 1470 1297 1513 1366; x_wconf 91' lang='lat' dir='ltr'><strong>de</strong></span> 
     </span>
     <span class='ocr_line' id='line_1_9' title="bbox 382 1406 1514 1496; baseline 0.002 -23"><span class='ocrx_word' id='word_1_77' title='bbox 382 1409 457 1496; x_wconf 86' lang='lat' dir='ltr'><strong>ipse</strong></span> <span class='ocrx_word' id='word_1_78' title='bbox 472 1409 569 1494; x_wconf 83' lang='lat' dir='ltr'><strong>sylua</strong></span> <span class='ocrx_word' id='word_1_79' title='bbox 584 1407 724 1476; x_wconf 76' lang='lat' dir='ltr'><strong>exiendo</strong></span> <span class='ocrx_word' id='word_1_80' title='bbox 741 1406 784 1473; x_wconf 83' lang='lat' dir='ltr'><strong>ad</strong></span> <span class='ocrx_word' id='word_1_81' title='bbox 801 1426 950 1494; x_wconf 86' lang='lat' dir='ltr'><strong>campum</strong></span> <span class='ocrx_word' id='word_1_82' title='bbox 966 1427 1024 1493; x_wconf 91' lang='lat' dir='ltr'><strong>per</strong></span> <span class='ocrx_word' id='word_1_83' title='bbox 1040 1406 1160 1475; x_wconf 89' lang='lat' dir='ltr'><strong>bonum</strong></span> <span class='ocrx_word' id='word_1_84' title='bbox 1175 1408 1322 1494; x_wconf 87' lang='lat' dir='ltr'><strong>spacium</strong></span> <span class='ocrx_word' id='word_1_85' title='bbox 1339 1406 1461 1490; x_wconf 85' lang='lat' dir='ltr'><strong>cundo,</strong></span> <span class='ocrx_word' id='word_1_86' title='bbox 1479 1413 1514 1475; x_wconf 88' lang='lat' dir='ltr'><strong>et</strong></span> 
     </span>
     <span class='ocr_line' id='line_1_10' title="bbox 383 1515 1514 1604; baseline -0.003 -19"><span class='ocrx_word' id='word_1_87' title='bbox 383 1517 498 1586; x_wconf 90' lang='lat' dir='ltr'><strong>eadem</strong></span> <span class='ocrx_word' id='word_1_88' title='bbox 522 1537 606 1585; x_wconf 84' lang='lat' dir='ltr'><strong>vena</strong></span> <span class='ocrx_word' id='word_1_89' title='bbox 631 1516 710 1585; x_wconf 87' lang='lat' dir='ltr'><strong>salit</strong></span> <span class='ocrx_word' id='word_1_90' title='bbox 725 1522 818 1584; x_wconf 86' lang='lat' dir='ltr'><strong>extra</strong></span> <span class='ocrx_word' id='word_1_91' title='bbox 842 1515 887 1584; x_wconf 86' lang='lat' dir='ltr'><strong>ad</strong></span> <span class='ocrx_word' id='word_1_92' title='bbox 911 1516 1121 1602; x_wconf 87' lang='lat' dir='ltr'><strong>occidentem,</strong></span> <span class='ocrx_word' id='word_1_93' title='bbox 1147 1518 1315 1604; x_wconf 88' lang='lat' dir='ltr'><strong>perueniet</strong></span> <span class='ocrx_word' id='word_1_94' title='bbox 1339 1517 1383 1584; x_wconf 85' lang='lat' dir='ltr'><strong>ad</strong></span> <span class='ocrx_word' id='word_1_95' title='bbox 1407 1536 1514 1596; x_wconf 78' lang='lat' dir='ltr'><strong>ruam</strong></span> 
     </span>
     <span class='ocr_line' id='line_1_11' title="bbox 382 1624 1513 1712; baseline -0.002 -18"><span class='ocrx_word' id='word_1_96' title='bbox 382 1632 500 1694; x_wconf 82' lang='lat' dir='ltr'><strong>metam</strong></span> <span class='ocrx_word' id='word_1_97' title='bbox 524 1624 690 1712; x_wconf 85' lang='lat' dir='ltr'><strong>lapideam</strong></span> <span class='ocrx_word' id='word_1_98' title='bbox 716 1624 902 1711; x_wconf 84' lang='lat' dir='ltr'><strong>capitalem,</strong></span> <span class='ocrx_word' id='word_1_99' title='bbox 927 1643 991 1707; x_wconf 87' lang='lat' dir='ltr'><strong>que</strong></span> <span class='ocrx_word' id='word_1_100' title='bbox 1016 1632 1150 1712; x_wconf 85' lang='lat' dir='ltr'><strong>separet</strong></span> <span class='ocrx_word' id='word_1_101' title='bbox 1173 1632 1293 1694; x_wconf 86' lang='lat' dir='ltr'><strong>terram</strong></span> <span class='ocrx_word' id='word_1_102' title='bbox 1318 1628 1448 1694; x_wconf 79' lang='lat' dir='ltr'><strong>Merces</strong></span> <span class='ocrx_word' id='word_1_103' title='bbox 1469 1624 1513 1692; x_wconf 87' lang='lat' dir='ltr'><strong>de</strong></span> 
     </span>
     <span class='ocr_line' id='line_1_12' title="bbox 382 1730 1513 1818; baseline -0.003 -15"><span class='ocrx_word' id='word_1_104' title='bbox 382 1742 471 1803; x_wconf 87' lang='lat' dir='ltr'><strong>terra</strong></span> <span class='ocrx_word' id='word_1_105' title='bbox 495 1734 671 1818; x_wconf 84' lang='lat' dir='ltr'><strong>Kereatur;</strong></span> <span class='ocrx_word' id='word_1_106' title='bbox 704 1730 823 1800; x_wconf 89' lang='lat' dir='ltr'><strong>deinde</strong></span> <span class='ocrx_word' id='word_1_107' title='bbox 849 1731 941 1800; x_wconf 86' lang='lat' dir='ltr'><strong>vedit</strong></span> <span class='ocrx_word' id='word_1_108' title='bbox 965 1752 1078 1802; x_wconf 85' lang='lat' dir='ltr'><strong>versus</strong></span> <span class='ocrx_word' id='word_1_109' title='bbox 1104 1735 1306 1804; x_wconf 85' lang='lat' dir='ltr'><strong>occidentem</strong></span> <span class='ocrx_word' id='word_1_110' title='bbox 1330 1735 1363 1802; x_wconf 92' lang='lat' dir='ltr'><strong>in</strong></span> <span class='ocrx_word' id='word_1_111' title='bbox 1390 1735 1513 1804; x_wconf 90' lang='lat' dir='ltr'><strong>eodem</strong></span> 
     </span>
     <span class='ocr_line' id='line_1_13' title="bbox 383 1837 1514 1928; baseline -0.001 -18"><span class='ocrx_word' id='word_1_112' title='bbox 383 1862 499 1927; x_wconf 87' lang='lat' dir='ltr'><strong>campo</strong></span> <span class='ocrx_word' id='word_1_113' title='bbox 514 1839 683 1928; x_wconf 87' lang='lat' dir='ltr'><strong>perueniet</strong></span> <span class='ocrx_word' id='word_1_114' title='bbox 697 1837 741 1906; x_wconf 85' lang='lat' dir='ltr'><strong>ad</strong></span> <span class='ocrx_word' id='word_1_115' title='bbox 756 1837 1043 1926; x_wconf 63' lang='lat' dir='ltr'><strong>cunimundum,</strong></span> <span class='ocrx_word' id='word_1_116' title='bbox 1059 1846 1092 1907; x_wconf 85' lang='lat' dir='ltr'><strong>et</strong></span> <span class='ocrx_word' id='word_1_117' title='bbox 1106 1840 1199 1908; x_wconf 84' lang='lat' dir='ltr'><strong>iuxta</strong></span> <span class='ocrx_word' id='word_1_118' title='bbox 1211 1841 1345 1909; x_wconf 89' lang='lat' dir='ltr'><strong>fluuium</strong></span> <span class='ocrx_word' id='word_1_119' title='bbox 1356 1861 1397 1908; x_wconf 87' lang='lat' dir='ltr'><strong>ex</strong></span> <span class='ocrx_word' id='word_1_120' title='bbox 1412 1849 1514 1928; x_wconf 83' lang='lat' dir='ltr'><strong>parte</strong></span> 
     </span>
     <span class='ocr_line' id='line_1_14' title="bbox 383 1948 1513 2036; baseline 0.002 -20"><span class='ocrx_word' id='word_1_121' title='bbox 383 1948 589 2018; x_wconf 76' lang='lat' dir='ltr'><strong>meridionali</strong></span> <span class='ocrx_word' id='word_1_122' title='bbox 604 1954 657 2016; x_wconf 86' lang='lat' dir='ltr'><strong>est</strong></span> <span class='ocrx_word' id='word_1_123' title='bbox 671 1955 759 2016; x_wconf 85' lang='lat' dir='ltr'><strong>meta</strong></span> <span class='ocrx_word' id='word_1_124' title='bbox 782 1967 882 2034; x_wconf 80' lang='lat' dir='ltr'><strong>super·</strong></span> <span class='ocrx_word' id='word_1_125' title='bbox 897 1949 1045 2018; x_wconf 79' lang='lat' dir='ltr'><strong>arborem</strong></span> <span class='ocrx_word' id='word_1_126' title='bbox 1065 1951 1177 2036; x_wconf 87' lang='lat' dir='ltr'><strong>populi</strong></span> <span class='ocrx_word' id='word_1_127' title='bbox 1202 1951 1312 2019; x_wconf 85' lang='lat' dir='ltr'><strong>iuncta</strong></span> <span class='ocrx_word' id='word_1_128' title='bbox 1330 1951 1392 2018; x_wconf 89' lang='lat' dir='ltr'><strong>sibi</strong></span> <span class='ocrx_word' id='word_1_129' title='bbox 1417 1959 1513 2018; x_wconf 80' lang='lat' dir='ltr'><strong>meta</strong></span> 
     </span>
     <span class='ocr_line' id='line_1_15' title="bbox 382 2055 1513 2146; baseline -0.003 -18"><span class='ocrx_word' id='word_1_130' title='bbox 382 2067 508 2143; x_wconf 78' lang='lat' dir='ltr'><strong>terrca3</strong></span> <span class='ocrx_word' id='word_1_131' title='bbox 535 2056 654 2126; x_wconf 89' lang='lat' dir='ltr'><strong>deinde</strong></span> <span class='ocrx_word' id='word_1_132' title='bbox 668 2057 756 2144; x_wconf 85' lang='lat' dir='ltr'><strong>sclyt</strong></span> <span class='ocrx_word' id='word_1_133' title='bbox 770 2058 857 2124; x_wconf 83' lang='lat' dir='ltr'><strong>vltra</strong></span> <span class='ocrx_word' id='word_1_134' title='bbox 881 2055 1003 2126; x_wconf 76' lang='lat' dir='ltr'><strong>directe</strong></span> <span class='ocrx_word' id='word_1_135' title='bbox 1027 2058 1216 2146; x_wconf 86' lang='lat' dir='ltr'><strong>peripsum</strong></span> <span class='ocrx_word' id='word_1_136' title='bbox 1241 2059 1385 2146; x_wconf 88' lang='lat' dir='ltr'><strong>fluuium,</strong></span> <span class='ocrx_word' id='word_1_137' title='bbox 1409 2068 1447 2128; x_wconf 90' lang='lat' dir='ltr'><strong>et</strong></span> <span class='ocrx_word' id='word_1_138' title='bbox 1463 2059 1513 2126; x_wconf 88' lang='lat' dir='ltr'><strong>ilri</strong></span> 
     </span>
     <span class='ocr_line' id='line_1_16' title="bbox 382 2166 1513 2256; baseline 0.001 -22"><span class='ocrx_word' id='word_1_139' title='bbox 382 2189 486 2256; x_wconf 84' lang='lat' dir='ltr'><strong>prope</strong></span> <span class='ocrx_word' id='word_1_140' title='bbox 501 2168 606 2256; x_wconf 84' lang='lat' dir='ltr'><strong>ipsum</strong></span> <span class='ocrx_word' id='word_1_141' title='bbox 621 2166 756 2242; x_wconf 85' lang='lat' dir='ltr'><strong>fluuium</strong></span> <span class='ocrx_word' id='word_1_142' title='bbox 782 2187 823 2234; x_wconf 83' lang='lat' dir='ltr'><strong>ex</strong></span> <span class='ocrx_word' id='word_1_143' title='bbox 837 2171 933 2252; x_wconf 85' lang='lat' dir='ltr'><strong>parte</strong></span> <span class='ocrx_word' id='word_1_144' title='bbox 948 2167 1145 2236; x_wconf 88' lang='lat' dir='ltr'><strong>occidentali</strong></span> <span class='ocrx_word' id='word_1_145' title='bbox 1160 2175 1212 2236; x_wconf 87' lang='lat' dir='ltr'><strong>est</strong></span> <span class='ocrx_word' id='word_1_146' title='bbox 1227 2175 1315 2235; x_wconf 84' lang='lat' dir='ltr'><strong>meta</strong></span> <span class='ocrx_word' id='word_1_147' title='bbox 1338 2189 1438 2256; x_wconf 84' lang='lat' dir='ltr'><strong>super</strong></span> <span class='ocrx_word' id='word_1_148' title='bbox 1457 2191 1513 2236; x_wconf 81' lang='lat' dir='ltr'><strong>ar-</strong></span> 
     </span>
     <span class='ocr_line' id='line_1_17' title="bbox 383 2274 1513 2363; baseline 0.001 -20"><span class='ocrx_word' id='word_1_149' title='bbox 383 2277 496 2344; x_wconf 84' lang='lat' dir='ltr'><strong>borum</strong></span> <span class='ocrx_word' id='word_1_150' title='bbox 512 2275 597 2344; x_wconf 88' lang='lat' dir='ltr'><strong>ilicis</strong></span> <span class='ocrx_word' id='word_1_151' title='bbox 613 2295 686 2343; x_wconf 90' lang='lat' dir='ltr'><strong>eum</strong></span> <span class='ocrx_word' id='word_1_152' title='bbox 703 2274 798 2358; x_wconf 78' lang='lat' dir='ltr'><strong>signo</strong></span> <span class='ocrx_word' id='word_1_153' title='bbox 814 2275 919 2342; x_wconf 90' lang='lat' dir='ltr'><strong>crucis</strong></span> <span class='ocrx_word' id='word_1_154' title='bbox 934 2275 1075 2360; x_wconf 78' lang='lat' dir='ltr'><strong>signatu,</strong></span> <span class='ocrx_word' id='word_1_155' title='bbox 1092 2276 1153 2344; x_wconf 89' lang='lat' dir='ltr'><strong>sub</strong></span> <span class='ocrx_word' id='word_1_156' title='bbox 1169 2295 1235 2360; x_wconf 87' lang='lat' dir='ltr'><strong>qua</strong></span> <span class='ocrx_word' id='word_1_157' title='bbox 1250 2296 1292 2343; x_wconf 88' lang='lat' dir='ltr'><strong>ex</strong></span> <span class='ocrx_word' id='word_1_158' title='bbox 1307 2284 1400 2363; x_wconf 88' lang='lat' dir='ltr'><strong>parte</strong></span> <span class='ocrx_word' id='word_1_159' title='bbox 1418 2277 1513 2345; x_wconf 89' lang='lat' dir='ltr'><strong>ocei-</strong></span> 
     </span>
     <span class='ocr_line' id='line_1_18' title="bbox 383 2382 1534 2471; baseline 0.002 -19"><span class='ocrx_word' id='word_1_160' title='bbox 383 2384 508 2470; x_wconf 85' lang='lat' dir='ltr'><strong>dentali</strong></span> <span class='ocrx_word' id='word_1_161' title='bbox 533 2390 584 2452; x_wconf 89' lang='lat' dir='ltr'><strong>est</strong></span> <span class='ocrx_word' id='word_1_162' title='bbox 599 2390 687 2452; x_wconf 85' lang='lat' dir='ltr'><strong>meta</strong></span> <span class='ocrx_word' id='word_1_163' title='bbox 702 2389 830 2466; x_wconf 79' lang='lat' dir='ltr'><strong>terrea3</strong></span> <span class='ocrx_word' id='word_1_164' title='bbox 856 2382 974 2450; x_wconf 86' lang='lat' dir='ltr'><strong>deinde</strong></span> <span class='ocrx_word' id='word_1_165' title='bbox 997 2385 1116 2452; x_wconf 85' lang='lat' dir='ltr'><strong>transit</strong></span> <span class='ocrx_word' id='word_1_166' title='bbox 1133 2405 1192 2471; x_wconf 86' lang='lat' dir='ltr'><strong>per</strong></span> <span class='ocrx_word' id='word_1_167' title='bbox 1207 2385 1335 2471; x_wconf 84' lang='lat' dir='ltr'><strong>syluanr</strong></span> <span class='ocrx_word' id='word_1_168' title='bbox 1359 2384 1402 2453; x_wconf 86' lang='lat' dir='ltr'><strong>ad</strong></span> <span class='ocrx_word' id='word_1_169' title='bbox 1420 2387 1534 2454; x_wconf 89' lang='lat' dir='ltr'><strong>occi--</strong></span> 
     </span>
     <span class='ocr_line' id='line_1_19' title="bbox 383 2490 1513 2582; baseline 0 -22"><span class='ocrx_word' id='word_1_170' title='bbox 383 2493 522 2577; x_wconf 89' lang='lat' dir='ltr'><strong>dentem,</strong></span> <span class='ocrx_word' id='word_1_171' title='bbox 548 2498 581 2560; x_wconf 87' lang='lat' dir='ltr'><strong>ct</strong></span> <span class='ocrx_word' id='word_1_172' title='bbox 594 2490 764 2580; x_wconf 87' lang='lat' dir='ltr'><strong>perueniet</strong></span> <span class='ocrx_word' id='word_1_173' title='bbox 789 2490 833 2557; x_wconf 87' lang='lat' dir='ltr'><strong>ad</strong></span> <span class='ocrx_word' id='word_1_174' title='bbox 848 2511 1008 2579; x_wconf 79' lang='lat' dir='ltr'><strong>campum,</strong></span> <span class='ocrx_word' id='word_1_175' title='bbox 1034 2499 1067 2560; x_wconf 89' lang='lat' dir='ltr'><strong>et</strong></span> <span class='ocrx_word' id='word_1_176' title='bbox 1082 2495 1115 2561; x_wconf 95' lang='lat' dir='ltr'><strong>in</strong></span> <span class='ocrx_word' id='word_1_177' title='bbox 1141 2493 1247 2562; x_wconf 87' lang='lat' dir='ltr'><strong>medio</strong></span> <span class='ocrx_word' id='word_1_178' title='bbox 1271 2492 1374 2582; x_wconf 90' lang='lat' dir='ltr'><strong>ipsius</strong></span> <span class='ocrx_word' id='word_1_179' title='bbox 1397 2496 1513 2579; x_wconf 78' lang='lat' dir='ltr'><strong>campi</strong></span> 
     </span>
     <span class='ocr_line' id='line_1_20' title="bbox 383 2600 1514 2688; baseline 0.002 -20"><span class='ocrx_word' id='word_1_180' title='bbox 383 2607 434 2668; x_wconf 88' lang='lat' dir='ltr'><strong>ost</strong></span> <span class='ocrx_word' id='word_1_181' title='bbox 452 2607 538 2669; x_wconf 87' lang='lat' dir='ltr'><strong>meta</strong></span> <span class='ocrx_word' id='word_1_182' title='bbox 553 2601 687 2688; x_wconf 86' lang='lat' dir='ltr'><strong>lapidea</strong></span> <span class='ocrx_word' id='word_1_183' title='bbox 712 2601 864 2688; x_wconf 85' lang='lat' dir='ltr'><strong>capitulis</strong></span> <span class='ocrx_word' id='word_1_184' title='bbox 880 2600 941 2667; x_wconf 89' lang='lat' dir='ltr'><strong>snb</strong></span> <span class='ocrx_word' id='word_1_185' title='bbox 957 2600 1099 2685; x_wconf 86' lang='lat' dir='ltr'><strong>quadam</strong></span> <span class='ocrx_word' id='word_1_186' title='bbox 1122 2605 1239 2672; x_wconf 89' lang='lat' dir='ltr'><strong>arbore</strong></span> <span class='ocrx_word' id='word_1_187' title='bbox 1255 2602 1340 2671; x_wconf 91' lang='lat' dir='ltr'><strong>ilicis</strong></span> <span class='ocrx_word' id='word_1_188' title='bbox 1355 2623 1395 2669; x_wconf 85' lang='lat' dir='ltr'><strong>cx</strong></span> <span class='ocrx_word' id='word_1_189' title='bbox 1410 2609 1514 2688; x_wconf 87' lang='lat' dir='ltr'><strong>parte</strong></span> 
     </span>
     <span class='ocr_line' id='line_1_21' title="bbox 383 2706 1513 2799; baseline -0.001 -22"><span class='ocrx_word' id='word_1_190' title='bbox 383 2708 577 2778; x_wconf 76' lang='lat' dir='ltr'><strong>occidentali</strong></span> <span class='ocrx_word' id='word_1_191' title='bbox 602 2709 713 2776; x_wconf 83' lang='lat' dir='ltr'><strong>iuncte</strong></span> <span class='ocrx_word' id='word_1_192' title='bbox 738 2706 803 2774; x_wconf 90' lang='lat' dir='ltr'><strong>sibi</strong></span> <span class='ocrx_word' id='word_1_193' title='bbox 827 2715 915 2776; x_wconf 77' lang='lat' dir='ltr'><strong>mete</strong></span> <span class='ocrx_word' id='word_1_194' title='bbox 939 2714 1064 2790; x_wconf 86' lang='lat' dir='ltr'><strong>terrea,</strong></span> <span class='ocrx_word' id='word_1_195' title='bbox 1101 2728 1163 2795; x_wconf 78' lang='lat' dir='ltr'><strong>que</strong></span> <span class='ocrx_word' id='word_1_196' title='bbox 1187 2709 1358 2799; x_wconf 76' lang='lat' dir='ltr'><strong>distinguit</strong></span> <span class='ocrx_word' id='word_1_197' title='bbox 1384 2717 1513 2776; x_wconf 85' lang='lat' dir='ltr'><strong>terram</strong></span> 
     </span>
     <span class='ocr_line' id='line_1_22' title="bbox 382 2813 1513 2902; baseline 0.002 -19"><span class='ocrx_word' id='word_1_198' title='bbox 382 2817 493 2884; x_wconf 80' lang='lat' dir='ltr'><strong>Merca</strong></span> <span class='ocrx_word' id='word_1_199' title='bbox 509 2815 551 2883; x_wconf 91' lang='lat' dir='ltr'><strong>de</strong></span> <span class='ocrx_word' id='word_1_200' title='bbox 563 2822 651 2882; x_wconf 88' lang='lat' dir='ltr'><strong>terra</strong></span> <span class='ocrx_word' id='word_1_201' title='bbox 660 2815 834 2900; x_wconf 82' lang='lat' dir='ltr'><strong>Kereatur3</strong></span> <span class='ocrx_word' id='word_1_202' title='bbox 854 2815 989 2902; x_wconf 86' lang='lat' dir='ltr'><strong>posthec</strong></span> <span class='ocrx_word' id='word_1_203' title='bbox 1003 2815 1096 2883; x_wconf 85' lang='lat' dir='ltr'><strong>vadit</strong></span> <span class='ocrx_word' id='word_1_204' title='bbox 1111 2813 1234 2884; x_wconf 88' lang='lat' dir='ltr'><strong>directe</strong></span> <span class='ocrx_word' id='word_1_205' title='bbox 1248 2814 1293 2881; x_wconf 87' lang='lat' dir='ltr'><strong>ud</strong></span> <span class='ocrx_word' id='word_1_206' title='bbox 1308 2817 1513 2885; x_wconf 88' lang='lat' dir='ltr'><strong>occidentem</strong></span> 
     </span>
     <span class='ocr_line' id='line_1_23' title="bbox 383 2921 1513 3011; baseline 0 -20"><span class='ocrx_word' id='word_1_207' title='bbox 383 2944 442 3011; x_wconf 90' lang='lat' dir='ltr'><strong>per</strong></span> <span class='ocrx_word' id='word_1_208' title='bbox 466 2925 540 2992; x_wconf 85' lang='lat' dir='ltr'><strong>loca</strong></span> <span class='ocrx_word' id='word_1_209' title='bbox 556 2923 701 3008; x_wconf 89' lang='lat' dir='ltr'><strong>syluosa,</strong></span> <span class='ocrx_word' id='word_1_210' title='bbox 729 2921 899 3009; x_wconf 86' lang='lat' dir='ltr'><strong>perueniet</strong></span> <span class='ocrx_word' id='word_1_211' title='bbox 914 2921 959 2990; x_wconf 83' lang='lat' dir='ltr'><strong>ed</strong></span> <span class='ocrx_word' id='word_1_212' title='bbox 974 2922 1071 3008; x_wconf 83' lang='lat' dir='ltr'><strong>viam,</strong></span> <span class='ocrx_word' id='word_1_213' title='bbox 1097 2944 1160 3010; x_wconf 87' lang='lat' dir='ltr'><strong>que</strong></span> <span class='ocrx_word' id='word_1_214' title='bbox 1175 2924 1285 2994; x_wconf 86' lang='lat' dir='ltr'><strong>veniet</strong></span> <span class='ocrx_word' id='word_1_215' title='bbox 1305 2925 1347 2992; x_wconf 90' lang='lat' dir='ltr'><strong>de</strong></span> <span class='ocrx_word' id='word_1_216' title='bbox 1362 2926 1457 3010; x_wconf 80' lang='lat' dir='ltr'><strong>Zegy</strong></span> <span class='ocrx_word' id='word_1_217' title='bbox 1478 2932 1513 2992; x_wconf 81' lang='lat' dir='ltr'><strong>ct</strong></span> 
     </span>
     <span class='ocr_line' id='line_1_24' title="bbox 383 3031 1513 3122; baseline 0.002 -24"><span class='ocrx_word' id='word_1_218' title='bbox 383 3032 475 3100; x_wconf 81' lang='lat' dir='ltr'><strong>vadit</strong></span> <span class='ocrx_word' id='word_1_219' title='bbox 491 3031 684 3118; x_wconf 70' lang='lat' dir='ltr'><strong>senescet,</strong></span> <span class='ocrx_word' id='word_1_220' title='bbox 703 3036 736 3098; x_wconf 86' lang='lat' dir='ltr'><strong>et</strong></span> <span class='ocrx_word' id='word_1_221' title='bbox 750 3031 784 3098; x_wconf 93' lang='lat' dir='ltr'><strong>in</strong></span> <span class='ocrx_word' id='word_1_222' title='bbox 800 3032 874 3119; x_wconf 88' lang='lat' dir='ltr'><strong>ipsa</strong></span> <span class='ocrx_word' id='word_1_223' title='bbox 887 3033 941 3100; x_wconf 85' lang='lat' dir='ltr'><strong>via</strong></span> <span class='ocrx_word' id='word_1_224' title='bbox 957 3034 1062 3102; x_wconf 89' lang='lat' dir='ltr'><strong>eundo</strong></span> <span class='ocrx_word' id='word_1_225' title='bbox 1079 3034 1121 3101; x_wconf 86' lang='lat' dir='ltr'><strong>ad</strong></span> <span class='ocrx_word' id='word_1_226' title='bbox 1137 3035 1513 3122; x_wconf 79' lang='lat' dir='ltr'><strong>septemtrionemcadit</strong></span> 
     </span>
     <span class='ocr_line' id='line_1_25' title="bbox 382 3139 1512 3230; baseline 0.002 -22"><span class='ocrx_word' id='word_1_227' title='bbox 382 3142 417 3208; x_wconf 93' lang='lat' dir='ltr'><strong>in</strong></span> <span class='ocrx_word' id='word_1_228' title='bbox 433 3139 596 3227; x_wconf 86' lang='lat' dir='ltr'><strong>quendam</strong></span> <span class='ocrx_word' id='word_1_229' title='bbox 610 3139 750 3206; x_wconf 89' lang='lat' dir='ltr'><strong>riuulum</strong></span> <span class='ocrx_word' id='word_1_230' title='bbox 766 3141 1037 3229; x_wconf 73' lang='lat' dir='ltr'><strong>Dorezcrlpataka</strong></span> <span class='ocrx_word' id='word_1_231' title='bbox 1052 3149 1283 3230; x_wconf 88' lang='lat' dir='ltr'><strong>nuncupatum,</strong></span> <span class='ocrx_word' id='word_1_232' title='bbox 1308 3144 1343 3210; x_wconf 94' lang='lat' dir='ltr'><strong>in</strong></span> <span class='ocrx_word' id='word_1_233' title='bbox 1357 3164 1420 3228; x_wconf 89' lang='lat' dir='ltr'><strong>quo</strong></span> <span class='ocrx_word' id='word_1_234' title='bbox 1437 3143 1512 3229; x_wconf 85' lang='lat' dir='ltr'><strong>qui-</strong></span> 
     </span>
     <span class='ocr_line' id='line_1_26' title="bbox 383 3247 1511 3336; baseline 0 -18"><span class='ocrx_word' id='word_1_235' title='bbox 383 3250 458 3318; x_wconf 88' lang='lat' dir='ltr'><strong>dem</strong></span> <span class='ocrx_word' id='word_1_236' title='bbox 473 3248 580 3316; x_wconf 91' lang='lat' dir='ltr'><strong>riuulo</strong></span> <span class='ocrx_word' id='word_1_237' title='bbox 594 3248 701 3316; x_wconf 88' lang='lat' dir='ltr'><strong>eundo</strong></span> <span class='ocrx_word' id='word_1_238' title='bbox 725 3247 768 3315; x_wconf 83' lang='lat' dir='ltr'><strong>ed</strong></span> <span class='ocrx_word' id='word_1_239' title='bbox 783 3248 983 3317; x_wconf 88' lang='lat' dir='ltr'><strong>occidentem</strong></span> <span class='ocrx_word' id='word_1_240' title='bbox 999 3250 1160 3335; x_wconf 81' lang='lat' dir='ltr'><strong>usquead</strong></span> <span class='ocrx_word' id='word_1_241' title='bbox 1181 3251 1340 3336; x_wconf 86' lang='lat' dir='ltr'><strong>originem</strong></span> <span class='ocrx_word' id='word_1_242' title='bbox 1359 3252 1511 3320; x_wconf 86' lang='lat' dir='ltr'><strong>ciusdem</strong></span> 
     </span>
     <span class='ocr_line' id='line_1_27' title="bbox 384 3353 1511 3441; baseline 0.002 -17"><span class='ocrx_word' id='word_1_243' title='bbox 384 3356 490 3441; x_wconf 89' lang='lat' dir='ltr'><strong>riunli,</strong></span> <span class='ocrx_word' id='word_1_244' title='bbox 515 3362 548 3422; x_wconf 91' lang='lat' dir='ltr'><strong>et</strong></span> <span class='ocrx_word' id='word_1_245' title='bbox 561 3353 766 3424; x_wconf 85' lang='lat' dir='ltr'><strong>ascendendo</strong></span> <span class='ocrx_word' id='word_1_246' title='bbox 783 3356 976 3440; x_wconf 80' lang='lat' dir='ltr'><strong>pervellem</strong></span> <span class='ocrx_word' id='word_1_247' title='bbox 993 3355 1130 3424; x_wconf 84' lang='lat' dir='ltr'><strong>eandem</strong></span> <span class='ocrx_word' id='word_1_248' title='bbox 1147 3357 1191 3425; x_wconf 87' lang='lat' dir='ltr'><strong>ad</strong></span> <span class='ocrx_word' id='word_1_249' title='bbox 1206 3357 1369 3426; x_wconf 86' lang='lat' dir='ltr'><strong>excelsum</strong></span> <span class='ocrx_word' id='word_1_250' title='bbox 1387 3360 1511 3426; x_wconf 89' lang='lat' dir='ltr'><strong>montis</strong></span> 
     </span>
     <span class='ocr_line' id='line_1_28' title="bbox 383 3447 1510 3553; baseline 0.002 -20"><span class='ocrx_word' id='word_1_251' title='bbox 383 3465 552 3553; x_wconf 84' lang='lat' dir='ltr'><strong>perueniat</strong></span> <span class='ocrx_word' id='word_1_252' title='bbox 566 3464 609 3531; x_wconf 82' lang='lat' dir='ltr'><strong>ed</strong></span> <span class='ocrx_word' id='word_1_253' title='bbox 625 3465 713 3532; x_wconf 83' lang='lat' dir='ltr'><strong>vium</strong></span> <span class='ocrx_word' id='word_1_254' title='bbox 730 3462 905 3548; x_wconf 78' lang='lat' dir='ltr'><strong>quandum,</strong></span> <span class='ocrx_word' id='word_1_255' title='bbox 931 3484 994 3549; x_wconf 90' lang='lat' dir='ltr'><strong>qne</strong></span> <span class='ocrx_word' id='word_1_256' title='bbox 1010 3467 1118 3533; x_wconf 86' lang='lat' dir='ltr'><strong>veniet</strong></span> <span class='ocrx_word' id='word_1_257' title='bbox 1134 3467 1175 3534; x_wconf 91' lang='lat' dir='ltr'><strong>de</strong></span> <span class='ocrx_word' id='word_1_258' title='bbox 1191 3447 1268 3534; x_wconf 80' lang='lat' dir='ltr'><strong>llud</strong></span> <span class='ocrx_word' id='word_1_259' title='bbox 1284 3474 1317 3535; x_wconf 90' lang='lat' dir='ltr'><strong>ct</strong></span> <span class='ocrx_word' id='word_1_260' title='bbox 1331 3467 1423 3535; x_wconf 86' lang='lat' dir='ltr'><strong>vadit</strong></span> <span class='ocrx_word' id='word_1_261' title='bbox 1439 3488 1510 3536; x_wconf 83' lang='lat' dir='ltr'><strong>rer-</strong></span> 
     </span>
    </p>
   </div>
   <div class='ocr_carea' id='block_1_2' title="bbox 266 3571 1508 3660">
    <p class='ocr_par' dir='ltr' id='par_1_2' title="bbox 266 3571 1508 3660">
     <span class='ocr_line' id='line_1_29' title="bbox 266 3571 1508 3660; baseline 0.003 -20"><span class='ocrx_word' id='word_1_262' title='bbox 266 3599 269 3604; x_wconf 53' lang='lat'><strong>⁴</strong></span> <span class='ocrx_word' id='word_1_263' title='bbox 384 3593 440 3640; x_wconf 88' lang='lat' dir='ltr'><strong>sus</strong></span> <span class='ocrx_word' id='word_1_264' title='bbox 455 3572 573 3656; x_wconf 82' lang='lat' dir='ltr'><strong>lienes,</strong></span> <span class='ocrx_word' id='word_1_265' title='bbox 598 3571 691 3639; x_wconf 84' lang='lat' dir='ltr'><strong>iuxta</strong></span> <span class='ocrx_word' id='word_1_266' title='bbox 707 3591 805 3655; x_wconf 85' lang='lat' dir='ltr'><strong>quam</strong></span> <span class='ocrx_word' id='word_1_267' title='bbox 821 3590 862 3639; x_wconf 85' lang='lat' dir='ltr'><strong>ex</strong></span> <span class='ocrx_word' id='word_1_268' title='bbox 878 3580 972 3659; x_wconf 85' lang='lat' dir='ltr'><strong>parte</strong></span> <span class='ocrx_word' id='word_1_269' title='bbox 997 3573 1201 3643; x_wconf 76' lang='lat' dir='ltr'><strong>meridionali</strong></span> <span class='ocrx_word' id='word_1_270' title='bbox 1217 3584 1268 3643; x_wconf 88' lang='lat' dir='ltr'><strong>est</strong></span> <span class='ocrx_word' id='word_1_271' title='bbox 1284 3583 1370 3644; x_wconf 83' lang='lat' dir='ltr'><strong>meta</strong></span> <span class='ocrx_word' id='word_1_272' title='bbox 1389 3584 1508 3660; x_wconf 72' lang='lat' dir='ltr'><strong>terrea,</strong></span> 
     </span>
    </p>
   </div>
   <div class='ocr_carea' id='block_1_3' title="bbox 383 3681 1512 4751">
    <p class='ocr_par' dir='ltr' id='par_1_3' title="bbox 383 3681 1512 4751">
     <span class='ocr_line' id='line_1_30' title="bbox 385 3681 1510 3772; baseline 0.002 -22"><span class='ocrx_word' id='word_1_273' title='bbox 385 3687 471 3750; x_wconf 86' lang='lat' dir='ltr'><strong>etex</strong></span> <span class='ocrx_word' id='word_1_274' title='bbox 497 3686 590 3768; x_wconf 87' lang='lat' dir='ltr'><strong>parte</strong></span> <span class='ocrx_word' id='word_1_275' title='bbox 614 3681 871 3769; x_wconf 79' lang='lat' dir='ltr'><strong>septemtrionali</strong></span> <span class='ocrx_word' id='word_1_276' title='bbox 896 3689 948 3750; x_wconf 82' lang='lat' dir='ltr'><strong>est</strong></span> <span class='ocrx_word' id='word_1_277' title='bbox 971 3692 1058 3752; x_wconf 83' lang='lat' dir='ltr'><strong>mete</strong></span> <span class='ocrx_word' id='word_1_278' title='bbox 1073 3684 1205 3771; x_wconf 84' lang='lat' dir='ltr'><strong>lapidea</strong></span> <span class='ocrx_word' id='word_1_279' title='bbox 1229 3699 1330 3772; x_wconf 87' lang='lat' dir='ltr'><strong>prope</strong></span> <span class='ocrx_word' id='word_1_280' title='bbox 1357 3685 1510 3752; x_wconf 88' lang='lat' dir='ltr'><strong>arborem</strong></span> 
     </span>
     <span class='ocr_line' id='line_1_31' title="bbox 383 3788 1512 3878; baseline 0.004 -22"><span class='ocrx_word' id='word_1_281' title='bbox 383 3788 470 3856; x_wconf 84' lang='lat' dir='ltr'><strong>ilicis</strong></span> <span class='ocrx_word' id='word_1_282' title='bbox 494 3809 566 3857; x_wconf 90' lang='lat' dir='ltr'><strong>cum</strong></span> <span class='ocrx_word' id='word_1_283' title='bbox 592 3789 688 3874; x_wconf 84' lang='lat' dir='ltr'><strong>signo</strong></span> <span class='ocrx_word' id='word_1_284' title='bbox 715 3791 819 3858; x_wconf 91' lang='lat' dir='ltr'><strong>crucis</strong></span> <span class='ocrx_word' id='word_1_285' title='bbox 842 3790 1024 3878; x_wconf 78' lang='lat' dir='ltr'><strong>signatam3</strong></span> <span class='ocrx_word' id='word_1_286' title='bbox 1050 3791 1169 3863; x_wconf 90' lang='lat' dir='ltr'><strong>deinde</strong></span> <span class='ocrx_word' id='word_1_287' title='bbox 1194 3792 1368 3860; x_wconf 85' lang='lat' dir='ltr'><strong>reflectitur</strong></span> <span class='ocrx_word' id='word_1_288' title='bbox 1392 3811 1512 3862; x_wconf 84' lang='lat' dir='ltr'><strong>versus</strong></span> 
     </span>
     <span class='ocr_line' id='line_1_32' title="bbox 384 3898 1510 3988; baseline 0.003 -24"><span class='ocrx_word' id='word_1_289' title='bbox 384 3898 658 3984; x_wconf 86' lang='lat' dir='ltr'><strong>septemtrionem,</strong></span> <span class='ocrx_word' id='word_1_290' title='bbox 674 3903 707 3965; x_wconf 87' lang='lat' dir='ltr'><strong>et</strong></span> <span class='ocrx_word' id='word_1_291' title='bbox 719 3898 806 3966; x_wconf 83' lang='lat' dir='ltr'><strong>cadit</strong></span> <span class='ocrx_word' id='word_1_292' title='bbox 821 3900 865 3966; x_wconf 84' lang='lat' dir='ltr'><strong>ad</strong></span> <span class='ocrx_word' id='word_1_293' title='bbox 880 3899 999 3968; x_wconf 85' lang='lat' dir='ltr'><strong>vallem</strong></span> <span class='ocrx_word' id='word_1_294' title='bbox 1014 3919 1074 3968; x_wconf 89' lang='lat' dir='ltr'><strong>seu</strong></span> <span class='ocrx_word' id='word_1_295' title='bbox 1089 3901 1248 3987; x_wconf 83' lang='lat' dir='ltr'><strong>originem</strong></span> <span class='ocrx_word' id='word_1_296' title='bbox 1262 3903 1398 3971; x_wconf 87' lang='lat' dir='ltr'><strong>alterins</strong></span> <span class='ocrx_word' id='word_1_297' title='bbox 1415 3904 1510 3988; x_wconf 90' lang='lat' dir='ltr'><strong>tlnuij</strong></span> 
     </span>
     <span class='ocr_line' id='line_1_33' title="bbox 384 4007 1511 4100; baseline 0.005 -28"><span class='ocrx_word' id='word_1_298' title='bbox 384 4007 674 4095; x_wconf 79' lang='lat' dir='ltr'><strong>Feoueoperpatalra</strong></span> <span class='ocrx_word' id='word_1_299' title='bbox 688 4007 877 4096; x_wconf 87' lang='lat' dir='ltr'><strong>nuncupati,</strong></span> <span class='ocrx_word' id='word_1_300' title='bbox 902 4010 934 4076; x_wconf 95' lang='lat' dir='ltr'><strong>in</strong></span> <span class='ocrx_word' id='word_1_301' title='bbox 955 4027 1019 4091; x_wconf 88' lang='lat' dir='ltr'><strong>quo</strong></span> <span class='ocrx_word' id='word_1_302' title='bbox 1036 4008 1189 4078; x_wconf 83' lang='lat' dir='ltr'><strong>videlieet</strong></span> <span class='ocrx_word' id='word_1_303' title='bbox 1211 4011 1316 4078; x_wconf 91' lang='lat' dir='ltr'><strong>riuulo</strong></span> <span class='ocrx_word' id='word_1_304' title='bbox 1331 4013 1511 4100; x_wconf 73' lang='lat' dir='ltr'><strong>Feouenyer</strong></span> 
     </span>
     <span class='ocr_line' id='line_1_34' title="bbox 384 4114 1509 4208; baseline 0.007 -28"><span class='ocrx_word' id='word_1_305' title='bbox 384 4114 553 4183; x_wconf 88' lang='lat' dir='ltr'><strong>descendit</strong></span> <span class='ocrx_word' id='word_1_306' title='bbox 568 4115 609 4182; x_wconf 90' lang='lat' dir='ltr'><strong>de</strong></span> <span class='ocrx_word' id='word_1_307' title='bbox 634 4117 796 4186; x_wconf 87' lang='lat' dir='ltr'><strong>montibus</strong></span> <span class='ocrx_word' id='word_1_308' title='bbox 811 4123 843 4184; x_wconf 91' lang='lat' dir='ltr'><strong>ct</strong></span> <span class='ocrx_word' id='word_1_309' title='bbox 859 4119 948 4186; x_wconf 87' lang='lat' dir='ltr'><strong>cadit</strong></span> <span class='ocrx_word' id='word_1_310' title='bbox 964 4118 1007 4185; x_wconf 87' lang='lat' dir='ltr'><strong>ad</strong></span> <span class='ocrx_word' id='word_1_311' title='bbox 1032 4118 1165 4186; x_wconf 90' lang='lat' dir='ltr'><strong>ilunium</strong></span> <span class='ocrx_word' id='word_1_312' title='bbox 1184 4121 1452 4208; x_wconf 80' lang='lat' dir='ltr'><strong>Mercespatalta,</strong></span> <span class='ocrx_word' id='word_1_313' title='bbox 1477 4130 1509 4188; x_wconf 88' lang='lat' dir='ltr'><strong>ct</strong></span> 
     </span>
     <span class='ocr_line' id='line_1_35' title="bbox 384 4223 1509 4316; baseline 0.004 -26"><span class='ocrx_word' id='word_1_314' title='bbox 384 4223 418 4290; x_wconf 92' lang='lat' dir='ltr'><strong>in</strong></span> <span class='ocrx_word' id='word_1_315' title='bbox 433 4223 505 4310; x_wconf 92' lang='lat' dir='ltr'><strong>ipso</strong></span> <span class='ocrx_word' id='word_1_316' title='bbox 515 4223 616 4292; x_wconf 88' lang='lat' dir='ltr'><strong>fluuio</strong></span> <span class='ocrx_word' id='word_1_317' title='bbox 631 4225 737 4294; x_wconf 91' lang='lat' dir='ltr'><strong>cundo</strong></span> <span class='ocrx_word' id='word_1_318' title='bbox 746 4223 790 4293; x_wconf 86' lang='lat' dir='ltr'><strong>ad</strong></span> <span class='ocrx_word' id='word_1_319' title='bbox 806 4234 917 4314; x_wconf 85' lang='lat' dir='ltr'><strong>partes</strong></span> <span class='ocrx_word' id='word_1_320' title='bbox 933 4229 1161 4296; x_wconf 87' lang='lat' dir='ltr'><strong>meridionales</strong></span> <span class='ocrx_word' id='word_1_321' title='bbox 1171 4230 1340 4316; x_wconf 86' lang='lat' dir='ltr'><strong>perueniet</strong></span> <span class='ocrx_word' id='word_1_322' title='bbox 1355 4230 1401 4297; x_wconf 82' lang='lat' dir='ltr'><strong>ed</strong></span> <span class='ocrx_word' id='word_1_323' title='bbox 1412 4251 1509 4316; x_wconf 90' lang='lat' dir='ltr'><strong>quen-</strong></span> 
     </span>
     <span class='ocr_line' id='line_1_36' title="bbox 383 4329 1506 4425; baseline 0.007 -27"><span class='ocrx_word' id='word_1_324' title='bbox 383 4329 460 4398; x_wconf 86' lang='lat' dir='ltr'><strong>dam</strong></span> <span class='ocrx_word' id='word_1_325' title='bbox 475 4332 590 4417; x_wconf 90' lang='lat' dir='ltr'><strong>locum,</strong></span> <span class='ocrx_word' id='word_1_326' title='bbox 607 4333 663 4401; x_wconf 86' lang='lat' dir='ltr'><strong>vbi</strong></span> <span class='ocrx_word' id='word_1_327' title='bbox 678 4334 811 4419; x_wconf 86' lang='lat' dir='ltr'><strong>quidam</strong></span> <span class='ocrx_word' id='word_1_328' title='bbox 827 4337 951 4406; x_wconf 90' lang='lat' dir='ltr'><strong>riuulns</strong></span> <span class='ocrx_word' id='word_1_329' title='bbox 966 4336 1096 4404; x_wconf 91' lang='lat' dir='ltr'><strong>nomine</strong></span> <span class='ocrx_word' id='word_1_330' title='bbox 1106 4339 1355 4425; x_wconf 81' lang='lat' dir='ltr'><strong>Magitapatalra</strong></span> <span class='ocrx_word' id='word_1_331' title='bbox 1371 4341 1506 4408; x_wconf 85' lang='lat' dir='ltr'><strong>veniens</strong></span> 
     </span>
     <span class='ocr_line' id='line_1_37' title="bbox 384 4444 1504 4536; baseline 0.007 -28"><span class='ocrx_word' id='word_1_332' title='bbox 384 4461 426 4508; x_wconf 83' lang='lat' dir='ltr'><strong>ex</strong></span> <span class='ocrx_word' id='word_1_333' title='bbox 440 4447 534 4528; x_wconf 88' lang='lat' dir='ltr'><strong>parte</strong></span> <span class='ocrx_word' id='word_1_334' title='bbox 548 4444 803 4530; x_wconf 78' lang='lat' dir='ltr'><strong>septemtrionali</strong></span> <span class='ocrx_word' id='word_1_335' title='bbox 820 4445 909 4514; x_wconf 89' lang='lat' dir='ltr'><strong>cadit</strong></span> <span class='ocrx_word' id='word_1_336' title='bbox 923 4447 957 4514; x_wconf 91' lang='lat' dir='ltr'><strong>in</strong></span> <span class='ocrx_word' id='word_1_337' title='bbox 974 4447 1080 4533; x_wconf 89' lang='lat' dir='ltr'><strong>ipsum</strong></span> <span class='ocrx_word' id='word_1_338' title='bbox 1095 4447 1229 4514; x_wconf 88' lang='lat' dir='ltr'><strong>fluuium</strong></span> <span class='ocrx_word' id='word_1_339' title='bbox 1240 4449 1375 4536; x_wconf 75' lang='lat' dir='ltr'><strong>Menoec,</strong></span> <span class='ocrx_word' id='word_1_340' title='bbox 1392 4449 1427 4516; x_wconf 93' lang='lat' dir='ltr'><strong>in</strong></span> <span class='ocrx_word' id='word_1_341' title='bbox 1444 4471 1504 4534; x_wconf 90' lang='lat' dir='ltr'><strong>quo</strong></span> 
     </span>
     <span class='ocr_line' id='line_1_38' title="bbox 384 4549 1503 4643; baseline 0.01 -27"><span class='ocrx_word' id='word_1_342' title='bbox 384 4549 513 4633; x_wconf 89' lang='lat' dir='ltr'><strong>quidem</strong></span> <span class='ocrx_word' id='word_1_343' title='bbox 531 4553 602 4621; x_wconf 91' lang='lat' dir='ltr'><strong>loco</strong></span> <span class='ocrx_word' id='word_1_344' title='bbox 628 4555 716 4639; x_wconf 86' lang='lat' dir='ltr'><strong>salyt</strong></span> <span class='ocrx_word' id='word_1_345' title='bbox 731 4562 825 4625; x_wconf 84' lang='lat' dir='ltr'><strong>extra</strong></span> <span class='ocrx_word' id='word_1_346' title='bbox 839 4555 881 4622; x_wconf 93' lang='lat' dir='ltr'><strong>de</strong></span> <span class='ocrx_word' id='word_1_347' title='bbox 896 4556 995 4625; x_wconf 88' lang='lat' dir='ltr'><strong>durio</strong></span> <span class='ocrx_word' id='word_1_348' title='bbox 1010 4558 1136 4625; x_wconf 77' lang='lat' dir='ltr'><strong>Merces</strong></span> <span class='ocrx_word' id='word_1_349' title='bbox 1152 4557 1196 4625; x_wconf 90' lang='lat' dir='ltr'><strong>ad</strong></span> <span class='ocrx_word' id='word_1_350' title='bbox 1214 4566 1341 4643; x_wconf 86' lang='lat' dir='ltr'><strong>partem</strong></span> <span class='ocrx_word' id='word_1_351' title='bbox 1366 4560 1503 4626; x_wconf 85' lang='lat' dir='ltr'><strong>orienta-</strong></span> 
     </span>
     <span class='ocr_line' id='line_1_39' title="bbox 383 4659 1502 4751; baseline 0.008 -25"><span class='ocrx_word' id='word_1_352' title='bbox 383 4660 458 4744; x_wconf 90' lang='lat' dir='ltr'><strong>lem,</strong></span> <span class='ocrx_word' id='word_1_353' title='bbox 483 4666 516 4726; x_wconf 87' lang='lat' dir='ltr'><strong>et</strong></span> <span class='ocrx_word' id='word_1_354' title='bbox 531 4659 619 4730; x_wconf 85' lang='lat' dir='ltr'><strong>eadit</strong></span> <span class='ocrx_word' id='word_1_355' title='bbox 633 4662 675 4728; x_wconf 84' lang='lat' dir='ltr'><strong>ad</strong></span> <span class='ocrx_word' id='word_1_356' title='bbox 693 4662 789 4750; x_wconf 76' lang='lat' dir='ltr'><strong>dam,</strong></span> <span class='ocrx_word' id='word_1_357' title='bbox 816 4682 878 4749; x_wconf 85' lang='lat' dir='ltr'><strong>que</strong></span> <span class='ocrx_word' id='word_1_358' title='bbox 893 4665 1003 4732; x_wconf 86' lang='lat' dir='ltr'><strong>veniet</strong></span> <span class='ocrx_word' id='word_1_359' title='bbox 1029 4665 1069 4732; x_wconf 87' lang='lat' dir='ltr'><strong>de</strong></span> <span class='ocrx_word' id='word_1_360' title='bbox 1085 4665 1197 4751; x_wconf 87' lang='lat' dir='ltr'><strong>Beuye</strong></span> <span class='ocrx_word' id='word_1_361' title='bbox 1222 4672 1255 4732; x_wconf 88' lang='lat' dir='ltr'><strong>et</strong></span> <span class='ocrx_word' id='word_1_362' title='bbox 1273 4667 1365 4735; x_wconf 83' lang='lat' dir='ltr'><strong>radit</strong></span> <span class='ocrx_word' id='word_1_363' title='bbox 1389 4687 1502 4735; x_wconf 84' lang='lat' dir='ltr'><strong>versus</strong></span> 
     </span>
    </p>
   </div>
   <div class='ocr_carea' id='block_1_4' title="bbox 0 0 1588 5186">
    <p class='ocr_par' dir='ltr' id='par_1_4' title="bbox 0 0 1588 5186">
     <span class='ocr_line' id='line_1_40' title="bbox 0 0 1588 5186; baseline 0 0"><span class='ocrx_word' id='word_1_364' title='bbox 0 0 1588 5186; x_wconf 95' lang='lat' dir='ltr'><strong> </strong></span> 
     </span>
    </p>
   </div>
  </div>
 </body>
</html>
