3226 5194
873 357 1024 457 Q

387 551 607 640 heredumque
632 572 772 639 suorum,
799 550 842 619 ud
856 525 1059 638 ⁴holreudum2
1083 553 1268 637 tenendum,
1295 549 1512 640 gaudendum,

387 660 633 752 possidendum,
658 661 813 747 quamdiu
829 662 950 731 fedelis
967 661 1054 751 (igy)
1072 663 1215 730 seruicia
1229 662 1316 731 iuste
1331 669 1364 732 et
1379 662 1514 730 honesta

387 771 451 859 ipsi
468 772 520 839 uel
546 792 657 841 eorum
681 771 818 840 heredes
834 772 979 860 prediolo
1006 772 1162 840 Ladizlao
1190 779 1222 837 et
1247 773 1314 840 suis
1341 769 1513 838 heredibus

389 877 541 949 exhibere
558 878 718 950 volueriut
733 899 774 946 ex
791 881 916 951 eadem.
934 883 971 950 Iu
988 881 1079 950 euius
1097 882 1144 950 rei
1155 881 1376 951 testimouium
1391 886 1427 947 et
1444 899 1513 965 per-

387 996 520 1075 petuum
530 989 714 1058 firmitatem
727 989 895 1078 derogato
913 998 945 1058 et
960 991 1121 1077 peticione
1131 993 1279 1079 psroium
1295 988 1515 1077 predictarum

388 1097 448 1166 hos
473 1106 641 1185 presentes
666 1101 860 1169 contulimus
887 1101 990 1186 sigilli
1014 1101 1117 1170 nostri
1144 1101 1186 1170 de
1203 1101 1318 1171 subtus
1343 1093 1515 1187 pendentis

388 1207 562 1276 munimine
585 1207 766 1298 roboratus.
792 1211 911 1278 Dutum
928 1210 1021 1278 Nouo
1038 1211 1070 1277 iu
1087 1209 1177 1278 (lietu
1199 1215 1314 1278 nostru
1328 1204 1516 1276 katheurrli

388 1315 530 1384 eoelesis
552 1313 663 1384 Ssuoti
687 1318 795 1386 Assell
818 1317 878 1386 sub
904 1339 990 1388 anuo
1013 1319 1143 1388 Domini
1165 1319 1207 1386 ll.
1218 1317 1266 1386 119
1276 1320 1313 1384 L.
1325 1316 1412 1383 VIlL
1434 1333 1516 1382 uren·

390 1423 435 1494 sis
452 1425 654 1513 Septembris
670 1425 723 1494 die
740 1426 849 1496 tercio.

389 1623 423 1691 (A
437 1623 548 1692 slgrlbi
561 1623 746 1694 lrlptulsuuslr
756 1624 910 1688 r'rtiruttbol
921 1627 991 1695 moly
1003 1627 1060 1680 luelt
1075 1627 1152 1678 lesu.
1167 1625 1249 1688 „feria
1263 1623 1385 1677 secunus
1394 1622 1517 1690 proxim

390 1723 455 1768 unte
468 1717 565 1768 testum
585 1717 790 1770 Purifleselouis
802 1719 922 1785 Virginis
936 1717 1085 1780 Gloriose'·'‚
1107 1717 1236 1782 smelyet
1255 1713 1428 1776 „Stuuizluus
1446 1711 1517 1764 filius

392 1805 518 1873 Juriulsy
531 1815 558 1860 et
570 1808 661 1862 Mathe
671 1807 742 1860 lilius
756 1807 857 1874 Priboy
865 1807 899 1860 de
912 1806 1040 1875 Somlysu
1053 1809 1086 1858 de
1096 1809 1276 1874 generosiore
1289 1802 1431 1870 Hlupstlr“
1444 1799 1518 1860 lrkrt3

699 1915 716 1950 e
729 1897 811 1952 budui
823 1898 874 1949 ἰὼ.
888 1899 1011 1951 kamursi
1025 1893 1213 1962 leveltkrbuu.)

915 2652 991 2724 394.

390 2855 420 2922 A
437 2856 605 2943 urespreinu‘
617 2852 829 2940 luptoluunok
843 2853 1112 2941 bizonpedplevele
1125 2853 1206 2940 kopp
1222 2851 1352 2940 Gerpely
1369 2849 1519 2916 Permu-

381 2966 432 3048 βα
450 2963 549 3030 Meroe
565 2961 717 3028 comesuri
723 2962 841 3046 fioioal
855 2963 951 3050 ouyjo
965 2964 1078 3029 hilbere
1092 2965 1178 3028 iruinl
1193 2960 1388 3050 rpyezlcedell.
1416 2956 1517 3023 1258.

497 3159 566 3227 Nos
582 3157 765 3246 Capitulum
782 3158 1046 3247 Wesprimienuis
1062 3159 1208 3227 Euolesie
1234 3155 1350 3225 dumos
1374 3175 1436 3242 pro
1452 3173 1519 3222 me-

391 3271 503 3355 moria,
520 3267 604 3353 quod
617 3266 794 3354 Gregorius
809 3267 895 3335 lilius
910 3269 998 3336 Petri
1009 3288 1119 3336 eoram
1134 3267 1227 3335 uobis
1245 3265 1438 3335 constitutus
1454 3283 1519 3352 pro

383 3391 435 3464 se,
454 3384 486 3444 et
501 3397 560 3463 pro
575 3376 672 3444 Petro
689 3373 817 3443 comite
838 3375 938 3444 fratre
953 3396 1021 3463 suo,
1037 3375 1218 3463 helderico,
1239 3375 1303 3442 Sur
1319 3382 1351 3442 et
1375 3395 1435 3461 pro
1452 3374 1519 3441 An·

390 3484 469 3552 drea
483 3483 638 3551 tratribus
654 3482 722 3553 suis
737 3483 877 3552 asseruit
892 3485 971 3553 vius
985 3505 1076 3571 voce,
1102 3483 1189 3570 quod
1206 3504 1279 3554 euru
1296 3485 1367 3572 ipse
1383 3490 1415 3550 et
1437 3501 1517 3568 pre-

390 3591 494 3660 notati
516 3591 635 3660 iratres
651 3593 702 3661 sui
718 3595 897 3663 mouisseut
921 3613 1053 3662 oausam
1075 3600 1187 3661 ooutru
1203 3593 1325 3662 Abram
1350 3596 1382 3658 et
1398 3589 1518 3658 Reuol-

390 3697 465 3767 dum
482 3698 564 3768 lilios
579 3699 689 3770 Misius
706 3700 851 3789 Comitis,
878 3702 1071 3786 requirendo
1088 3701 1131 3770 sb
1146 3700 1270 3772 eisdem
1287 3699 1397 3769 dotem
1412 3705 1447 3767 et
1462 3719 1518 3767 res

390 3805 614 3900 poreieruales
630 3805 760 3875 domiue
776 3808 963 3894 Margarete
979 3809 1100 3878 sororis
1117 3808 1271 3896 ipsorum,
1292 3805 1419 3875 oeilioet
1434 3805 1517 3872 dieti

389 3915 478 3984 Petri
490 3915 625 3985 Comitis
640 3915 847 4002 proximioris
863 3916 971 3983 Misius
981 3917 1115 3985 Comitis
1132 3936 1241 3984 eoram
1257 3915 1388 3985 domiuo
1402 3921 1516 3984 uostro

390 4028 424 4094 Z.
442 4025 605 4113 Episcopo
623 4024 879 4112 Wesprimieusi,
906 4024 1022 4094 eudem
1049 4033 1157 4095 tumen
1183 4024 1359 4094 seeundum
1386 4019 1516 4093 senten·

390 4135 473 4202 eiam
488 4131 626 4223 predioti
653 4131 776 4204 domini
801 4135 903 4203 nostri
920 4135 1075 4223 Episoopi
1091 4134 1201 4203 taliter
1217 4135 1324 4202 extitit
1350 4133 1515 4220 ordinatu,

390 4242 476 4329 quod
490 4242 550 4330 filij
568 4241 676 4312 llisku
692 4241 829 4313 comitis
853 4245 1020 4313 uoluerunt
1036 4243 1153 4330 uiginti
1169 4251 1200 4311 et
1215 4243 1359 4328 quinque
1384 4261 1515 4309 meroes

390 4372 500 4421 eoram
516 4351 609 4420 nobis
625 4371 685 4439 pro
701 4351 775 4420 dote
792 4359 824 4418 et
841 4352 936 4420 rebus
959 4351 1222 4439 parsierualibus
1237 4351 1370 4418 domiue
1384 4351 1513 4436 Murge-

390 4467 458 4529 rete
482 4460 679 4548 supradicte,
706 4469 739 4528 et
754 4462 801 4528 sio
825 4459 911 4530 idem
927 4460 1106 4548 Gregorius
1131 4461 1245 4528 sibiet
1265 4459 1419 4527 frutribus
1445 4459 1514 4528 suis

389 4571 568 4656 prenotatis
584 4591 642 4656 pro
660 4569 735 4640 dote
752 4575 785 4637 et
801 4570 896 4638 rebus
906 4569 1164 4658 puruferuulibus
1182 4569 1266 4637 dicte
1282 4570 1414 4636 domiue
1429 4567 1512 4634 dixit

390 4675 722 4765 fuissesulisfeotum3
739 4681 796 4764 ite,
814 4680 901 4766 quod
917 4680 1073 4749 decoloro
1091 4699 1149 4746 neo
1167 4681 1237 4768 ipse
1249 4678 1438 4762 Gregorius,
1454 4697 1511 4743 nee
