3210 5194
601 347 801 449 ΑΞ...

107 539 162 607 nbi
178 548 256 608 sunt
273 541 405 626 salices,
434 548 468 608 et
483 543 527 610 ibi
544 551 595 611 est
610 549 697 610 meta
720 543 780 610 snb
796 544 916 629 salice;
942 545 1062 613 deinde
1077 547 1168 614 uadit
1198 547 1241 614 ad

109 647 272 733 arborem,
301 649 356 736 qni
374 650 478 736 nnlgo
493 649 611 718 dicitnr
635 654 761 738 iopam,
787 659 820 718 et
845 653 890 719 ibi
916 659 965 720 est
992 660 1096 740 meta;
1124 653 1241 722 deinde

107 755 199 824 uadit
209 756 256 823 ad
266 762 421 842 stagnum
432 758 609 848 quoddam,
619 759 707 844 qnod
721 759 887 846 egreditur
898 760 940 829 de
950 763 1072 848 Druna,
1089 768 1122 830 et
1137 765 1171 830 in
1184 763 1240 830 illo

107 865 190 951 loco,
208 865 268 932 ubi
285 885 374 952 aqna
388 868 489 952 Strug
504 867 593 935 eadit
606 867 641 934 in
651 866 761 954 ipsum
769 874 923 954 stagnum
940 873 991 936 est
1007 876 1095 937 meta
1111 875 1238 955 terrea,

110 976 141 1038 et
156 971 236 1039 inde
251 991 313 1058 per
329 991 465 1041 nemora
481 973 569 1042 ducit
591 972 636 1040 ad
650 975 774 1060 Drara,
800 980 833 1041 et
856 974 902 1041 ibi
926 975 961 1042 in
977 983 1071 1062 parte
1088 975 1241 1044 orientali

109 1085 353 1146 commetanens
364 1086 415 1147 est
429 1079 589 1169 chlruk;
607 1086 640 1148 et
650 1079 727 1148 inde
746 1079 839 1148 uadit
853 1080 898 1148 ari
913 1087 1040 1169 partem
1058 1079 1240 1150 occidenta-
1256 1129 1260 1136 -

107 1188 170 1254 lem
182 1205 245 1274 per
254 1183 465 1255 medietatem
475 1207 560 1273 aque
571 1189 691 1274 Drane,
711 1188 795 1256 sient
805 1189 888 1256 solet
904 1189 973 1256 lieri
986 1190 1073 1255 nltra
1083 1190 1238 1274 Drancm,

107 1294 162 1362 nbi
178 1301 426 1364 commetenens
442 1304 492 1364 est
510 1296 721 1382 Ladirlauns,
748 1317 846 1384 snper
861 1306 950 1365 terra
968 1295 1065 1365 Helie
1080 1296 1139 1384 lilij
1156 1297 1238 1364 Lau-

106 1401 211 1489 reneij
227 1421 302 1469 eum
318 1402 537 1489 generacione
552 1423 623 1489 sna,
640 1409 674 1472 et
690 1422 802 1472 omnes
817 1403 926 1471 insule
941 1403 1104 1490 pertinent
1119 1399 1163 1469 ad
1179 1402 1239 1471 Oo-

105 1509 219 1578 mitem
237 1509 451 1596 Michaelem3
478 1517 511 1578 et
534 1511 611 1580 inde
634 1530 694 1598 per
713 1514 860 1579 Dranam
876 1510 1078 1599 protenditur
1103 1507 1147 1577 ad
1173 1531 1237 1577 ma-

108 1638 209 1706 gnum
218 1626 351 1706 portum
361 1617 624 1705 Vorosdiensem,
636 1617 690 1706 qni
700 1623 750 1686 est
759 1619 792 1686 in
802 1626 889 1687 terra
897 1617 1049 1706 Magistri
1057 1617 1237 1702 Michaelis,

106 1735 137 1797 et
153 1726 373 1796 commetanei
385 1725 638 1814 suntlodomer,
655 1727 827 1796 llarcuset
842 1726 963 1812 vytilm
983 1725 1060 1792 item
1080 1743 1138 1812 per
1156 1725 1237 1792 Dra-

104 1857 181 1905 nam
192 1835 287 1904 uadit
296 1832 340 1903 ad
351 1856 470 1922 aquam
479 1835 638 1924 Zaratlra,
654 1855 718 1922 qne
729 1832 1236 1924 temporeinundacionispluuie

105 1944 174 2010 exit
190 1943 234 2010 de
249 1945 373 2032 Drana,
401 1953 434 2012 et
449 1942 494 2011 ibi
511 1951 561 2012 est
586 1950 673 2011 meta
699 1946 760 2012 sul)
784 1943 883 2029 ulmo,
910 1950 944 2012 et
958 1950 1046 2010 meta
1060 1948 1177 2026 terrea,
1203 1946 1236 2007 et

105 2051 153 2119 ibi
168 2051 205 2118 in
223 2059 318 2138 parte
332 2051 471 2119 australi
485 2058 561 2120 sunt
570 2053 785 2120 commetanei
800 2058 985 2120 castrenses
1001 2049 1233 2132 Zaladienses;

105 2157 226 2227 deinde
241 2157 335 2226 uadit
351 2178 410 2244 per
426 2177 544 2243 aquam
560 2157 707 2226 Zaratlra
717 2177 831 2226 uersus
851 2157 1018 2245 orientem,
1034 2159 1235 2241 ultraquam

104 2273 348 2335 commetaneus
364 2269 415 2332 est
430 2262 598 2352 llginthlrv
613 2283 687 2332 eum
702 2271 772 2333 tota
781 2264 998 2351 generaicone
1013 2283 1093 2350 sna,
1110 2270 1143 2332 et
1158 2263 1235 2331 inde

104 2375 188 2446 redit
203 2373 249 2442 ad
264 2373 406 2462 primam
421 2378 551 2442 metam.
577 2371 647 2440 Nos
663 2371 764 2458 igitur
779 2373 839 2440 hee
855 2373 973 2459 omnia,
991 2371 1074 2441 sicut
1100 2372 1185 2440 iuste
1201 2380 1234 2440 et

104 2484 253 2574 legitime
269 2489 346 2550 sunt
359 2481 458 2568 iacta,
484 2503 544 2572 pro
561 2489 633 2549 rato
649 2488 682 2550 et
697 2481 789 2549 firmo
805 2487 1004 2570 reputantes,
1026 2481 1120 2549 iuxta
1134 2478 1234 2547 hurni-

103 2595 151 2661 les
175 2600 210 2660 et
233 2591 380 2659 intentas
404 2589 572 2675 utriusque
598 2587 703 2676 partis
722 2587 912 2676 peticiones,
938 2573 1186 2656 admemoriam
1202 2593 1235 2654 et

106 2701 389 2770 confirmacionem
409 2698 488 2766 facti
503 2699 694 2787 pleniorem,
719 2702 887 2787 presentes
912 2697 1131 2767 concessimus
1150 2697 1233 2764 litte·

104 2831 158 2879 ras
174 2807 318 2896 duplicis
333 2805 435 2893 sigilli
452 2807 554 2875 nostri
573 2804 755 2894 patrocinio
780 2807 814 2873 in
837 2812 1027 2894 perpetuum
1052 2807 1232 2874 roboratas.

99 2921 224 2988 Datum
239 2917 275 2983 in
301 2915 433 3002 Horom,
459 2935 546 2984 anno
563 2915 674 3001 gracie
697 2916 744 2982 Μο
757 2913 822 2982 00⁰
831 2915 943 2984 XXX⁰
952 2915 1024 2998 111⁰,
1036 2913 1111 2980 XV⁰
1122 2913 1232 2980 kalen-

99 3025 163 3095 (las
178 3024 279 3111 Junii,
296 3023 405 3109 Regni
421 3042 498 3092 nero
514 3022 619 3091 nostri
635 3043 721 3090 anno
737 3028 864 3107 quarto.

98 3225 236 3298 modeste
249 3217 427 3290 borhirtyin,
448 3222 561 3288 melyrlil
574 3237 592 3272 a
612 3216 712 3288 kirtlyi
734 3221 825 3272 lrettlis
837 3216 985 3286 pecsetnelr
999 3215 1126 3270 wredlke
1139 3211 1231 3282 singa-

158 3311 310 3370 rum-kik
322 3311 549 3380 aelyemssinoron
562 3312 638 3378 issgg,
653 3311 761 3363 abcisi
772 3311 824 3362 lrir.
838 3309 963 3362 kemarai
976 3303 1167 3372 levelttrban.)

529 3598 793 3611 *—
