3168 5186
630 366 786 468 ..aa

149 565 269 650 iugera
284 571 443 631 terrarum
459 569 492 631 et
508 563 650 632 fenetum
668 584 726 630 seu
744 563 836 632 vinee
852 563 1021 647 abaliquo
1041 564 1274 650 inpetereutur,

149 672 312 759 sepedicti
337 671 395 738 tilii
411 673 515 757 lleym
532 669 667 740 Comitis
693 672 833 759 propriis
850 673 1033 759 sumptibus
1051 678 1083 738 et
1109 671 1274 740 laboribus

148 781 221 848 suis
237 781 378 867 liberare
394 788 426 848 ct
436 779 590 868 expedire
606 789 801 849 tenerentur.
823 783 864 848 vt
874 788 981 848 autem
998 781 1092 848 huius
1108 782 1156 847 rei
1172 781 1273 848 series

149 889 247 955 iirrna
257 895 289 954 et
300 887 428 956 stabilis
438 895 639 975 permaneat,
650 888 693 955 ad
704 890 898 956 instanciam
909 895 941 955 et
950 888 1142 974 peticionem
1161 908 1271 976 supra·

149 995 313 1064 dictorum
337 996 477 1064 liliorum
500 998 607 1083 Heym
628 996 763 1065 Comitis
788 998 915 1065 litteras
940 993 1068 1064 nostras
1094 997 1272 1081 sigillorum

147 1112 335 1174 nostrorum
365 1106 542 1174 munimine
573 1107 791 1176 concessimus
827 1107 1009 1175 roboratas.
1043 1107 1161 1173 Datum
1188 1127 1273 1173 anno

147 1217 264 1300 gracie
279 1217 321 1282 M.
332 1215 394 1284 OG.
406 1216 471 1283 LV.

341 1413 483 1481 (Eredetie
496 1428 513 1464 a
525 1369 719 1481 pannenhulmi
732 1410 876 1481 sdepdtsrig
888 1409 1094 1480 levdltbrdbau.)
1168 1408 1171 1415 '

677 2229 754 2299 296.

146 2433 333 2521 Erzterpum
348 2436 440 2498 adres
455 2431 669 2518 dutdsdpdaalr
691 2431 960 2518 ttzmpcaptccete,
979 2433 1059 2518 kopp
1073 2429 1196 2496 Jotnat
1210 2431 1275 2516 aeje

147 2544 254 2607 orroei
277 2539 424 2626 ltdltae'pek
448 2545 647 2626 mepazcrze'ae
672 2539 859 2605 resumeret
887 2539 1046 2606 kdludroer'
1075 2539 1208 2630 birtokdt
1233 2541 1273 2605 cl·

609 2651 693 2715 udta.
717 2647 814 2715 1255.

259 2847 327 2914 Nos
342 2845 528 2931 Jakmynus
544 2845 648 2915 Maior
664 2845 750 2913 Ville
768 2848 929 2932 ceterique
946 2847 1035 2914 ciues
1051 2846 1092 2914 de
1107 2846 1178 2914 vieo
1194 2846 1273 2913 Stri-

19 2947 28 2966 “
149 2955 300 3040 geuriensi
319 2962 431 3022 tenere
456 2953 658 3042 presencium
674 2955 895 3038 significamus
912 2953 1083 3038 uniuersis,
1104 2953 1190 3039 qnod
1204 2952 1273 3020 tilia

149 3065 282 3149 Mathei,
297 3084 379 3132 uxor
392 3061 463 3148 Job,
482 3063 522 3130 de
537 3062 659 3130 Sancte
674 3063 778 3130 Panlo
793 3069 887 3129 extra
904 3061 1069 3148 fossatam,
1094 3060 1169 3128 dnm
1187 3063 1272 3129 intir-

150 3173 264 3240 mitate
279 3181 453 3240 nexaretnr
468 3180 628 3260 exoptans
644 3193 755 3240 enram
772 3171 980 3259 medicorum,
1003 3193 1063 3258 pro
1080 3171 1272 3238 necessariis

151 3281 306 3368 expensis
323 3287 443 3348 terram
459 3301 550 3348 suam
569 3289 661 3348 extra
676 3288 710 3349 et
724 3301 827 3369 prope
845 3280 983 3348 eandem
999 3279 1168 3363 fossatam,
1187 3287 1272 3346 terre

150 3391 294 3477 Capituli
320 3389 553 3474 strigoniensis
570 3390 713 3458 Ecclesia
738 3390 926 3475 contiguam
942 3399 974 3456 et
996 3389 1272 3471 conterminalern,

150 3498 212 3565 sub
228 3506 339 3566 nostro
354 3499 539 3568 testimonio
562 3499 821 3586 perambulatam
839 3507 872 3566 et
887 3499 1071 3582 iniuratum,
1097 3499 1190 3566 ouius
1206 3498 1273 3563 len-

150 3606 265 3692 gitude
281 3614 332 3676 est
358 3615 486 3676 centum
502 3608 620 3693 viginti
644 3614 782 3693 quatuor
801 3608 960 3692 ulnarum,
987 3616 1018 3674 et
1041 3605 1179 3674 latitudo
1204 3607 1273 3674 eius

149 3715 332 3800 nonaginta
346 3714 481 3784 duarum
498 3718 646 3784 ulnarum
663 3737 735 3784 cum
752 3717 832 3794 ulna
846 3714 888 3783 de
903 3715 986 3799 vico,
1012 3735 1073 3799 que
1090 3715 1189 3799 uulgo
1205 3718 1278 3801 repf

151 3822 324 3907 uocitatur,
351 3823 391 3890 de
408 3825 573 3892 uoluntate
591 3829 623 3891 et
638 3844 798 3893 consensu
816 3825 957 3891 omnium
977 3832 1186 3908 cognatorum
1202 3841 1273 3889 sno-

145 3949 229 4019 rum,
245 3949 369 3998 necnon
387 3931 536 3998 emnibus
565 3931 850 3999 conterminalibus
874 3951 932 3998 sen
948 3930 1063 3998 ricinis
1087 3930 1174 3997 dicte
1189 3937 1273 3996 terre

150 4037 432 4105 consencientibus
448 4047 481 4104 et
495 4039 584 4107 nulle
600 4037 838 4107 contradictore
854 4040 1022 4122 existente,
1040 4036 1189 4112 uendidit
1203 4056 1274 4122 pre-

148 4147 217 4211 lato
234 4145 396 4233 Oapitulo,
413 4155 567 4232 perpetuo
582 4149 654 4215 iure
670 4145 911 4234 possidendam,
938 4168 995 4233 pre
1012 4145 1138 4212 duabus
1155 4145 1273 4211 marcis

150 4259 183 4319 et
199 4252 334 4337 fertone,
361 4273 442 4338 quas
460 4253 557 4340 plene
573 4260 605 4320 et
629 4255 754 4340 integre
780 4255 938 4340 perselait
954 4251 1140 4339 Capitulum
1156 4271 1273 4319 memo-

149 4369 265 4428 ratum.
292 4361 334 4426 Vt
350 4361 451 4446 igitur
467 4361 561 4429 huius
578 4361 780 4430 uendicienis
805 4381 844 4428 ae
863 4361 1037 4447 empcionis
1053 4362 1154 4427 series
1179 4361 1273 4427 salua

150 4487 281 4556 semper
305 4474 337 4535 et
361 4469 556 4535 inconeussa
573 4477 773 4555 permaneat,
799 4487 859 4534 nec
877 4468 982 4553 possit
1005 4486 1063 4554 per
1086 4469 1271 4553 qnempiam
1309 4522 1311 4528 .

150 4577 315 4644 hominum
340 4577 374 4643 in
390 4577 516 4644 irritum
540 4577 699 4660 reuocari,
725 4578 964 4664 inperpetuum
989 4576 1200 4673 stabilitatem
1225 4579 1272 4643 rei

151 4692 243 4771 geste
267 4694 435 4772 presentes
466 4687 685 4753 concessimus
715 4683 842 4752 litteras
868 4683 1008 4770 duplicis
1039 4685 1142 4771 sigilli
1171 4687 1272 4754 nostri
