3162 5188
861 897 938 963 208.

331 1076 362 1140 A
379 1075 633 1161 azdkesfebe'rodrd
657 1077 872 1163 tapratannot
898 1078 986 1142 Peter
1009 1077 1165 1144 Zobusald
1177 1078 1294 1160 fidaak
1304 1127 1315 1158 ‚
1343 1086 1372 1142 de
1396 1078 1466 1162 neje

333 1185 506 1269 Aqoeenek,
524 1185 666 1270 lednyor'lr
681 1191 829 1250 saumuro
839 1197 891 1250 tett
904 1186 1100 1251 inte'zloede'ee't
1117 1188 1272 1272 tdrqyozd
1281 1187 1466 1272 bieonyeciq-

795 1292 1006 1358 loeta1249.

418 1487 910 1575 CapitulumEeelesieAlbensis
921 1488 1072 1557 omnibus
1082 1489 1264 1556 Christiane
1274 1489 1350 1555 fidei
1361 1490 1463 1558 eulto·

334 1597 422 1663 ribus
432 1599 639 1683 presentibus
649 1599 772 1684 pariter
781 1605 814 1664 et
824 1598 939 1664 futuris
950 1603 1118 1684 presentes
1128 1598 1255 1665 litteras
1265 1599 1462 1684 inspecturis

336 1706 474 1772 salutern
486 1705 1465 1792 inDomino.AduniuersitatisVestrenotioiarntenorepre-

335 1814 478 1879 sensium
496 1815 642 1880 volumus
658 1815 832 1899 peruenire
846 1839 852 1877 :
867 1811 962 1890 Quod
973 1813 1093 1881 nobilis
1109 1814 1158 1880 uir
1166 1814 1282 1881 Petrus
1296 1816 1382 1881 filius
1400 1816 1462 1880 Zo-

334 1923 429 1987 buslo
446 1941 511 1986 vna
527 1942 599 1987 oum
616 1942 716 1987 uxore
732 1942 793 1988 sua
809 1921 1077 2006 dominadgnete
1092 1942 1199 1989 eoram
1217 1923 1310 1989 nobis
1327 1944 1459 2009 eompa-

333 2029 434 2097 rendo
454 2035 520 2095 tres
541 2028 637 2093 villas
654 2049 741 2113 suas,
759 2029 909 2096 videlieet
930 2031 1072 2112 Turnua,
1089 2029 1209 2095 Winna
1227 2037 1260 2095 et
1275 2030 1457 2112 Zaluehka,

335 2157 418 2222 quas
440 2139 515 2222 jure
534 2136 732 2205 hereditario
753 2137 883 2203 dicebat
901 2158 937 2204 se
952 2139 1150 2224 possedisse,
1177 2138 1312 2205 eontulit
1329 2139 1459 2206 filiabus

334 2245 411 2332 suis,
419 2246 593 2312 Catharine
604 2245 755 2312 videlieet
765 2245 1119 2330 vxoriComitisJaeou,
1132 2248 1353 2313 etPetronelle
1363 2247 1459 2312 uxori

335 2352 469 2418 Comitis
480 2351 624 2438 Philippi
635 2361 791 2439 perpetuo
797 2355 871 2438 Jure
882 2355 1109 2439 possidendas.
1126 2358 1177 2420 lta
1188 2354 1360 2441 siquidem,
1372 2355 1459 2437 quod

334 2468 402 2526 tam
413 2460 470 2545 filij
489 2467 521 2526 et
536 2463 602 2527 filie
617 2461 747 2528 domiue
760 2463 954 2548 Petronelle,
966 2483 1061 2546 quam
1072 2462 1129 2548 filij
1141 2463 1270 2528 domine
1281 2461 1459 2529 Catharine

333 2589 397 2634 vna
413 2575 446 2634 et
462 2567 575 2634 eadem
592 2578 633 2634 e'x
650 2567 772 2634 eisdem
789 2569 1050 2653 possessionibus
1066 2569 1272 2656 perfruantur
1292 2571 1456 2655 porcione.

333 2678 403 2744 Hoo
419 2683 527 2742 tamen
544 2675 664 2761 addito,
686 2674 774 2757 quod
790 2677 819 2741 si
834 2675 999 2742 dominam
1014 2676 1230 2742 Petronellam
1249 2676 1388 2742 filiorum
1405 2678 1455 2742 uel

332 2785 473 2851 filiarum
498 2784 621 2852 solacio
639 2803 750 2850 earere
776 2784 988 2868 contingeret,
1014 2784 1168 2868 quamdiu
1193 2784 1313 2849 vixerit
1332 2785 1373 2850 de
1385 2786 1456 2869 jam

334 2891 429 2958 dietis
454 2892 716 2977 possessionibus
741 2891 899 2976 equaliter
915 2911 1039 2957 seeum
1064 2911 1175 2959 sorore
1192 2911 1253 2958 sua
1277 2898 1456 2957 memorata

334 3002 546 3085 sustentabit3
572 3000 606 3066 in
623 3001 676 3065 die
693 3020 769 3067 vero
795 3001 861 3066 vite
878 3021 937 3066 sue
953 3007 1097 3067 extremo
1123 2999 1163 3064 de
1179 2998 1275 3065 dietis
1292 2999 1381 3066 villis
1398 3021 1455 3066 nee

333 3111 449 3176 marito
466 3130 524 3177 suo
542 3109 738 3193 conferendi,
763 3128 824 3174 nee
841 3110 991 3193 cognatis
1008 3109 1075 3174 suis
1092 3107 1251 3192 tradendi,
1269 3127 1331 3174 nee
1351 3109 1455 3173 eeiam

332 3237 390 3301 pro
407 3217 550 3283 remedio
567 3217 676 3282 anime
686 3236 743 3282 sue
759 3217 910 3300 cuiquam
921 3217 1140 3282 Ecolesiarum
1158 3215 1301 3281 donandi
1319 3215 1455 3280 habebit

331 3324 539 3410 facultatem
567 3325 625 3389 sed
642 3323 712 3390 sine
729 3323 874 3406 qualibet
891 3322 1110 3390 diminucione
1133 3321 1337 3406 integraliter
1353 3322 1454 3406 injus

332 3438 365 3497 et
379 3433 613 3517 proprietatem
638 3433 777 3498 liliorum
794 3431 927 3498 Comitis
948 3434 1051 3498 Jaeou
1076 3433 1318 3516 inperpetuum
1343 3429 1451 3497 deuol-

335 3546 485 3604 uerentur
510 3539 716 3625 possidende.
743 3540 778 3604 Si
793 3559 869 3607 sero
886 3547 918 3604 et
933 3539 1023 3623 ipsos
1048 3538 1132 3606 filios
1149 3537 1306 3604 deeedere
1331 3539 1451 3604 eontin-

332 3652 432 3729 geret,
450 3655 525 3711 tune
541 3646 671 3713 demum
680 3646 809 3712 filiabus
820 3645 954 3713 Comitis
971 3647 1074 3712 Jaoou
1090 3667 1131 3713 ex
1147 3666 1248 3713 uxore
1267 3665 1327 3710 sua
1338 3645 1452 3711 Gatha-

331 3754 403 3818 rina
417 3754 597 3839 progenitis
613 3754 827 3820 remanebunt
841 3753 875 3819 in
891 3761 1080 3839 perpetuum
1103 3751 1301 3839 possideude
1316 3750 1451 3838 pacifice

331 3871 364 3927 et
379 3860 487 3945 quiete
500 3887 507 3947 ;
535 3863 581 3928 ita
598 3863 682 3946 quod
697 3862 818 3927 nemini
834 3869 1045 3947 cognatorum
1061 3882 1192 3928 suorum
1208 3861 1305 3927 lioeat
1320 3858 1452 3924 easdem

329 3989 483 4038 reuocare
499 3970 686 4038 ullomodo.
712 3972 781 4036 Nee
795 3972 857 4038 boe
873 3971 1146 4056 pretermittimus,
1170 3969 1258 4053 quod
1273 3969 1365 4055 ipsas
1383 3988 1452 4034 eas·

331 4079 403 4144 dem
420 4080 518 4146 villas
535 4059 651 4146 Comes
668 4081 793 4167 Petrus,
820 4081 975 4162 quamdiu
1001 4081 1129 4166 vixerit,
1155 4077 1353 4165 possidebit,
1380 4077 1450 4162 ipso

251 4237 255 4256 .
329 4207 407 4253 vero
423 4187 510 4254 uiam
526 4189 796 4255 uniuerseoarnis
813 4189 1018 4272 ingrediente
1031 4189 1218 4255 memoratis
1235 4188 1366 4253 filiabus
1383 4188 1449 4252 suis

330 4304 362 4361 et
378 4315 490 4363 earum
506 4296 693 4386 heredibus,
718 4297 937 4382 heredumque
962 4297 1204 4364 suecessoribus
1230 4296 1449 4379 relinquentur

328 4403 361 4468 in
376 4412 565 4490 perpetuum
583 4406 788 4494 possidende.
815 4407 857 4471 Vt
872 4407 971 4490 igitur
989 4404 1084 4471 huius
1111 4404 1299 4471 eollaoionis
1320 4409 1353 4467 et
1369 4401 1450 4468 ordi·
1470 4407 1477 4424 ’

327 4515 474 4582 nacionis
489 4515 591 4582 series
616 4515 713 4580 sebur
738 4516 884 4581 obtineat
907 4521 1061 4601 perpetue
1085 4512 1255 4595 firmitatis,
1282 4515 1449 4597 presentes

328 4623 455 4688 litteras
470 4625 570 4708 sigilli
587 4623 689 4690 nostri
714 4623 889 4689 munimine
905 4625 1076 4692 roboratas
1093 4623 1136 4690 ad
1151 4621 1348 4708 petioionem
1373 4617 1449 4684 dieti
