3162 5188
536 348 698 453 “u-rr-

30 550 157 617 arbitri
186 558 228 618 et
257 550 477 633 arbitraturus,
506 567 565 616 seu
589 546 786 616 amicabiles
815 542 1066 632 compositores,
1091 561 1189 631 super

32 659 297 747 questionibus,
322 677 386 744 que
411 658 620 726 vertebantur
646 673 705 723 seu
722 655 805 722 verti
830 659 964 740 possent
987 652 1074 721 iuter
1097 653 1189 740 ipsas

34 771 319 853 communitates,
344 786 404 835 eeu
418 769 504 836 inter
529 766 676 854 singulos
693 764 843 832 homiues
868 762 1089 851 predictarum
1104 761 1190 830 (liui-

35 883 146 946 utum
165 877 352 946 occasione
369 875 529 944 factarum
546 873 739 942 iniuriarum
754 890 813 939 seu
825 877 1047 940 conuectuum
1062 868 1191 940 babitu·

36 1005 111 1054 rum
129 1007 202 1074 pro
223 987 310 1056 boue
336 985 431 1072 pacis
448 989 481 1052 et
497 981 702 1066 concordiae,
731 987 766 1048 vt
782 978 825 1046 ab
844 975 992 1047 omuibus
1016 979 1190 1065 questioni·

39 1095 104 1163 bus
121 1101 159 1162 et
170 1093 338 1180 disordijs
355 1094 501 1180 ipsarum
518 1098 678 1160 terrarum
687 1091 769 1157 ortis
780 1088 832 1155 vel
843 1088 973 1159 orituris
992 1087 1190 1174 discedatur,

41 1202 208 1289 dicimus,
240 1201 477 1272 seutentiamus
503 1209 536 1271 et
561 1199 695 1268 firmiter
721 1197 934 1267 stabilimus:
960 1196 1055 1278 Quod
1080 1219 1191 1268 omues

40 1313 235 1401 sententie,
261 1331 345 1397 quas
361 1311 644 1398 pronuntiauimus
660 1310 694 1375 in
710 1308 958 1395 quibuscunque
978 1307 1097 1395 causis,
1121 1309 1192 1378 siue

42 1437 148 1509 super
165 1421 360 1506 maleficiis,
378 1419 449 1488 siue
464 1419 498 1487 in
514 1424 625 1488 mutuo
641 1437 699 1488 seu
716 1417 793 1505 alijs
809 1416 1039 1504 contractibus,
1050 1415 1193 1489 debeant

44 1529 244 1598 obseruari.
260 1531 343 1597 Item
359 1527 613 1598 determinamus
629 1525 763 1594 firmiter
778 1531 969 1611 statuentes,
990 1525 1077 1611 quod
1093 1528 1122 1596 si
1138 1527 1194 1595 ali-

46 1639 123 1722 quis
149 1637 424 1706 Sibeuiceusium
451 1636 640 1704 vulneratus
664 1633 762 1701 fuerit
787 1633 830 1700 ab
857 1633 968 1719 aliquo
998 1633 1194 1721 'l'ragurieu-

46 1745 148 1830 sium,
177 1745 239 1814 vel
265 1753 431 1832 econtra,
460 1742 661 1832 praelationis
688 1759 797 1826 causa,
826 1741 878 1808 rel
895 1740 960 1808 alic
977 1741 1092 1828 modo;
1117 1746 1196 1810 tune

51 1851 263 1936 bominibus,
290 1851 408 1939 quibus
434 1851 628 1934 obuiauerit,
654 1869 692 1917 se
708 1848 869 1932 ostendat,
895 1865 936 1914 ac
953 1844 1076 1916 eisdem
1091 1848 1192 1937 illum,

52 1959 108 2045 qui
126 1959 202 2027 sibi
214 1959 370 2028 iniuriam
386 1957 506 2045 intulit,
524 1957 720 2041 manifestet,
737 1962 770 2024 et
786 1952 991 2042 postmodum
1007 1973 1116 2024 coram
1133 1974 1195 2025 sua

10 2152 15 2161 Ι
53 2066 157 2138 (iuria
174 2065 303 2136 debeat
313 2085 514 2152 comparere,
531 2063 643 2150 ibique
654 2082 738 2150 eum,
756 2063 814 2149 qui
828 2061 892 2130 sibi
908 2061 1060 2130 iniuriam
1076 2062 1194 2154 intulit,

56 2175 258 2260 declarare3
284 2181 318 2243 et
332 2194 405 2243 eum
420 2172 469 2243 sic
485 2173 608 2257 fecerit,
634 2179 711 2240 tuuc
726 2169 825 2237 curia
838 2169 936 2256 illius,
963 2169 1017 2257 qui
1043 2171 1195 2240 iniuriam

56 2281 146 2370 fecit,
173 2281 279 2351 fidem
294 2281 452 2352 adhibeat
467 2283 646 2368 vulnerato,
672 2288 705 2346 et
721 2297 821 2367 super
836 2279 955 2348 damno
980 2280 1086 2350 eidem
1103 2280 1195 2349 illato

59 2411 81 2456 a
105 2391 229 2459 decem
254 2391 349 2459 libris
373 2390 510 2460 iuferius
541 2396 608 2458 tres
634 2388 754 2456 debeat
779 2389 1055 2458 sacramentarios
1086 2409 1195 2457 eoram

58 2499 162 2565 (luris
179 2500 350 2586 exhibere,
376 2506 409 2566 et
425 2519 447 2566 a
461 2497 579 2584 viginti
594 2496 729 2565 inferius
754 2514 814 2563 sex
832 2497 1011 2583 producere
1027 2503 1195 2587 teneatur,

62 2605 95 2671 iu
121 2607 246 2680 maiori
271 2626 349 2676 vero
376 2605 558 2691 quantitate
583 2603 721 2673 arbitrio
746 2602 845 2672 (luris
866 2604 1004 2673 dicimus
1020 2623 1095 2673 esse
1110 2616 1195 2675 stau-

62 2711 160 2798 dum;
180 2723 216 2782 et
233 2735 304 2784 cum
319 2719 559 2782 sacramentum
579 2712 724 2780 fecerunt
739 2732 812 2780 cum
828 2711 896 2782 suis
916 2717 1195 2804 sacramentarijs,

66 2821 250 2889 secuudum
274 2821 412 2890 formam
429 2819 608 2908 predictam
631 2821 717 2889 latro
732 2840 790 2889 seu
806 2819 908 2907 predo
923 2829 1074 2892 teneatur
1092 2823 1196 2892 eidem

66 2927 227 2996 damnum
242 2927 448 3014 integraliter
464 2937 659 3015 restaurare,
676 2929 834 2998 soluendo
850 2929 984 3017 insuper
1003 2949 1063 2999 suo
1079 2930 1197 2998 comiti

66 3056 123 3121 pro
139 3037 255 3106 banuo
281 3035 452 3106 duodecim
478 3044 686 3122 romanatos5
711 3036 740 3103 si
755 3054 833 3105 sero
857 3034 1012 3105 damnum
1038 3039 1198 3122 nequierit

69 3143 258 3229 emendare,
285 3153 361 3214 tunc
376 3164 439 3212 sua
455 3145 677 3214 communitas
692 3143 799 3230 ipsum
816 3143 935 3230 capiat,
956 3151 988 3212 et
1004 3163 1103 3231 passo
1119 3144 1198 3216 iniu-

69 3253 152 3319 riam
179 3252 377 3340 applicetur.
404 3255 486 3322 ltem
503 3253 533 3319 ei
558 3253 675 3321 furtum
692 3252 745 3321 vel
761 3252 914 3321 damnum
939 3251 1070 3337 aliquod
1086 3251 1197 3322 datum

69 3356 169 3424 fuerit
195 3359 297 3427 alicui
324 3358 508 3428 Sibeusauo
532 3360 574 3426 ab
600 3359 1001 3444 aliquorumque
1027 3367 1197 3450 econtra3

68 3471 145 3534 tuuc
157 3486 354 3552 unaqueque
369 3465 592 3536 communitas
609 3472 760 3535 teneatur
775 3467 938 3551 inquirere
954 3470 1121 3538 bonafide
1136 3493 1196 3560 pro

73 3593 171 3660 posse
187 3593 259 3660 suo,
287 3575 370 3641 sicut
394 3572 518 3643 faceret
542 3575 576 3641 in
591 3576 689 3642 rebus
706 3577 847 3662 proprijs
872 3575 1092 3666 inquirendis3
1117 3588 1150 3648 et
1169 3581 1199 3648 si

71 3680 191 3766 inquiri
207 3682 340 3770 poterit,
356 3683 413 3768 qui
429 3683 601 3769 commisit,
617 3689 693 3751 tuuc
711 3703 764 3750 res
780 3683 911 3753 dominc
928 3705 988 3757 suc
1004 3690 1198 3777 assignetur,

74 3789 122 3854 uel
150 3791 303 3876 capiatur
317 3792 352 3857 iu
366 3809 552 3878 personam,
579 3799 612 3857 et
634 3808 792 3878 perpesso
817 3793 972 3861 iniuriam
996 3797 1198 3884 sceleratum

75 3896 103 3962 si
118 3917 198 3966 uero
213 3897 300 3966 iufra
315 3903 452 3986 tempus,
469 3899 503 3966 iu
519 3917 582 3984 quo
599 3900 727 3984 questio
742 3899 939 3985 ventillatur,
961 3903 1152 3972 malefactor
1166 3908 1199 3973 in

75 4001 183 4087 fugam
201 4025 376 4074 conuersus
402 4006 507 4093 fuerit,
524 4027 718 4094 unaqueque
733 4005 956 4077 Gommuuitas
983 4030 1041 4096 pro
1057 4031 1096 4081 co
1113 4013 1200 4082 iuue-

77 4111 194 4183 uieudo
218 4121 369 4183 teneatur
385 4135 445 4203 pro
461 4115 585 4184 uiribus
600 4116 772 4202 laborare,
797 4116 928 4202 quodsi
945 4117 1135 4188 malefactor
1158 4125 1201 4191 ad

77 4238 165 4291 suam
183 4223 361 4291 ciuitatem
386 4231 558 4311 remearet,
575 4222 702 4292 (diuites
717 4224 801 4310 ipsa,
827 4243 890 4310 que
906 4225 1012 4312 ipsum
1030 4233 1199 4317 receperit,

80 4329 388 4400 teneaturdsmnum
398 4331 604 4419 integraliter
613 4329 782 4400 resarcire.
800 4333 881 4398 ltem
892 4333 1097 4424 precipimus,
1114 4339 1201 4424 quod

80 4435 219 4506 siulieui
235 4437 442 4508 Sibenicensi
456 4439 509 4507 vel
529 4439 741 4525 uragesenst
768 4437 920 4506 damnum
941 4439 1068 4511 illatum
1093 4443 1201 4534 buerit,

82 4549 111 4612 et
124 4543 266 4616 latrones
282 4565 340 4614 seu
356 4547 518 4634 predones
535 4545 747 4616 transiuerint
762 4563 821 4632 per
835 4547 1032 4618 territorium
1042 4551 1201 4639 predicta.

83 4665 146 4722 rum
161 4661 334 4742 terrarum,
362 4662 393 4723 et
408 4655 460 4722 illi
475 4675 533 4722 seu
548 4655 614 4741 ille,
633 4653 688 4740 qui
705 4655 794 4740 passi
810 4663 890 4722 suut
907 4655 1067 4750 iniuriam,
1095 4671 1202 4740 excla-
