3210 5194
587 301 744 404 Q

110 499 261 589 presenti,
288 518 389 583 qnam
413 517 476 583 qne
499 499 543 565 ab
567 497 640 584 ipso
665 496 867 583 suseepimus
883 495 1056 564 indeoidne
1070 498 1238 570 fidelitatis

110 629 147 676 ae
161 607 378 675 eminentium
394 605 603 673 seruioiorum
618 623 753 672 munera
768 603 984 690 frequentata,
1000 607 1035 672 in
1049 612 1237 694 perpetuum

19 699 21 790 ῗ
111 715 313 800 eontulimus,
329 714 428 801 pleno
444 715 514 781 iure
530 715 592 780 snb
603 713 727 782 eisdem
737 714 842 799 metis,
853 717 886 780 et
901 714 1059 800 terminis,
1076 721 1109 782 et
1120 715 1236 804 signis,

19 809 20 814 ἵ
110 825 223 906 quibus
241 823 349 890 dietus
366 822 526 890 Puobnna
540 842 598 889 eas
613 821 758 890 noscitur
772 822 926 888 tenuisse.
951 821 1002 888 Ne
1018 822 1118 906 igitur
1134 824 1167 890 in
1183 846 1237 911 po-

109 939 224 1000 sterum
241 933 368 1000 dietum
388 932 583 1001 lliehaelem
601 930 655 997 vel
670 950 747 999 suos
771 930 909 998 heredes
934 931 1153 1018 heredumque
1169 955 1238 1002 sue-

107 1058 249 1108 oessores
269 1057 371 1125 super
386 1035 510 1106 eisdem
526 1036 789 1124 possessionibus
813 1037 975 1124 quispiam
991 1040 1102 1108 ualeat
1116 1040 1238 1127 inquio·

107 1153 171 1214 tare
186 1146 241 1214 uel
259 1147 470 1230 aliquatenus
490 1147 675 1225 molestare,
701 1143 761 1211 sed
777 1145 825 1211 eis
840 1145 990 1213 omnibus
1006 1146 1157 1215 fidelibus
1174 1167 1237 1216 sor-

107 1256 194 1339 uioijs
220 1255 390 1338 aequisita
413 1261 569 1341 perpetuo
596 1259 630 1320 et
654 1253 913 1320 irreuoeabiliter
930 1264 1152 1341 perseuerent,
1166 1277 1236 1344 pre·

106 1371 208 1430 sentes
224 1364 261 1429 in
281 1370 472 1449 perpetuam
488 1361 584 1428 huius
600 1362 647 1426 rei
667 1361 856 1430 memoriam
871 1363 1094 1430 oonoessimus
1109 1363 1237 1431 litteras

106 1469 243 1557 dnplieis
272 1469 375 1553 sigilli
400 1469 503 1537 nostri
528 1469 704 1536 munimine
729 1468 799 1536 iure
813 1477 969 1555 perpetuo
985 1476 1019 1536 et
1033 1470 1237 1556 irrefragabi-

106 1577 173 1644 liter
190 1579 378 1646 roboratas.
404 1578 526 1642 Datum
550 1581 630 1662 aput
645 1583 785 1642 oestrum
803 1575 886 1642 Zale
902 1596 986 1644 anno
1002 1578 1173 1644 Dominioe
1188 1579 1238 1644 ln-

19 1719 20 1722 *
106 1685 313 1752 ramaoionis
324 1683 496 1751 millesimo
509 1682 732 1750 ducentesimo
748 1682 1001 1766 quadragesimo
1011 1691 1138 1770 quarto,
1149 1684 1237 1769 quin-

19 1823 20 1826 ¹
106 1790 227 1860 toldus
245 1789 411 1867 Octobris,
428 1789 535 1873 Regni
551 1798 661 1856 antem
676 1789 779 1858 nostri
794 1809 880 1856 anno
898 1809 994 1856 nono.

207 1935 321 1998 Kiebl.
348 1935 454 2019 Super
479 1933 659 2000 eollaoione
688 1933 931 2019 possessionum
957 1933 1073 2016 Lobur,
1100 1933 1236 2015 Welioa,

19 2101 20 2104 ,
106 2040 265 2108 Olenonik
284 2049 317 2106 et
333 2041 482 2126 Zlogona
498 2041 650 2109 Michaeli
669 2041 787 2108 Comiti
803 2040 843 2108 de
859 2041 997 2110 Vorosd.

105 2239 239 2303 (Eredetie
252 2237 433 2305 bb'rhtrtytn,
447 2255 465 2291 a
474 2237 566 2306 peestt
575 2241 722 2300 olresrottr
736 2239 845 2290 abudai
857 2241 907 2292 kir.
920 2241 1041 2292 kamarat
1050 2237 1236 2306 levbltairban.)

549 2538 804 2552 *h-

638 3037 716 3104 lot.

107 3220 127 3283 l
132 3219 163 3282 V.
181 3220 264 3285 Be'la
282 3219 388 3303 kirtly
404 3216 639 3282 Falso-Zoster
660 3218 792 3307 birtokdt
807 3222 958 3302 tdrpyazo
972 3216 1141 3302 meptjtrors
1160 3217 1237 3280 ado·

357 3330 474 3410 metopo
490 3324 712 3406 Deoecberfiai
727 3330 883 3390 saumuro.
901 3323 997 3386 1244.

210 3521 298 3588 Bela
323 3520 387 3585 Dei
411 3519 526 3604 graeia
540 3519 718 3602 Hungarie,
742 3519 923 3600 Dalmseie,
942 3517 1109 3603 Crousoie,
1126 3521 1238 3602 Rome,

106 3627 229 3712 Seruio,
247 3625 403 3709 Gallioie,
420 3626 613 3695 Lodomerie
635 3625 853 3710 Oomauieque
868 3627 938 3691 Rex
954 3627 1104 3693 omnibus
1120 3627 1240 3694 Christi

108 3734 257 3803 fidelibus
283 3739 470 3821 presentem
495 3735 651 3819 paginam
676 3733 881 3819 inspecturis,
907 3734 1046 3800 salutem
1071 3737 1105 3800 in
1129 3755 1168 3802 eo
1184 3737 1239 3821 qui

107 3843 250 3928 Regibus
268 3841 329 3907 dat
344 3840 493 3908 salntem.
521 3842 625 3909 Justis
642 3839 824 3926 petenoium
840 3838 1013 3926 desiderijs
1028 3841 1156 3909 faeilem
1172 3861 1241 3925 pre·

109 3950 183 4016 bere
192 3968 393 4017 eonsensum
404 3946 588 4035 (uidelicet)
598 3949 687 4015 raoio
697 3948 892 4034 expostulat,
909 3955 941 4014 et
950 3948 1082 4031 Regalis
1098 3947 1241 4013 sublimi-

108 4065 157 4126 tas
173 4060 380 4142 exhortatur,
401 4058 486 4142 inijs
496 4058 660 4144 preoipne,
677 4055 793 4140 quoad
804 4057 1021 4123 subiectorum
1038 4054 1240 4123 oommodum

109 4173 260 4251 spectent
276 4164 403 4250 pariter
419 4171 452 4232 et
467 4163 655 4251 protentum.
679 4165 860 4251 Eapropter
886 4164 928 4230 ad
948 4164 1171 4231 uniuersorum
1186 4186 1240 4232 no·

109 4272 218 4340 tioiam
245 4274 366 4339 barum
391 4272 475 4339 serie
501 4272 648 4340 uolumus
671 4273 853 4359 peruenire,
880 4273 967 4357 qnod
991 4271 1183 4339 sooedentes
1199 4274 1242 4339 ad

109 4386 217 4447 nostre
226 4381 416 4446 Maiestatis
425 4381 630 4465 presenciam
639 4381 788 4466 Samson,
805 4378 975 4463 Georgius,
986 4377 1065 4443 Wlk
1076 4380 1242 4448 ethohe·

111 4495 143 4555 tn
158 4487 218 4572 filij
229 4485 416 4569 Deneoher,
432 4486 527 4553 nobis
537 4485 703 4554 humiliter
711 4487 945 4572 supplicarunt,
962 4490 998 4550 nt
1008 4483 1131 4552 eisdem
1141 4505 1240 4570 quan-

110 4593 183 4661 ‹larn
201 4594 450 4681 possessionem
466 4595 674 4680 Superiorem
683 4593 815 4662 Zdeneh
832 4597 991 4674 noestam,
1007 4611 1106 4674 quam
1120 4596 1241 4682 hijdem
