3162 5188
870 911 948 980 230.

349 1095 382 1160 A
400 1099 477 1161 riceii
490 1095 702 1182 kdptolaanole
717 1095 984 1181 &aaraysdpleoela
1002 1095 1085 1180 kopp
1100 1092 1250 1177 Nauigia,
1258 1091 1310 1173 pia
1326 1086 1490 1154 Feliauulr

352 1204 562 1290 azabadedpdt
585 1227 605 1267 α
620 1203 757 1268 lotoosoi
779 1203 989 1290 lrdptalaumil
1012 1202 1125 1287 Babey
1148 1200 1271 1286 helyse'q
1295 1199 1377 1264 ebat
1399 1217 1489 1280 noeq-

787 1311 926 1377 euboea
945 1309 963 1374 i
967 1309 1031 1374 251
1036 1361 1045 1380 .

459 1511 528 1578 Nos
544 1510 701 1597 Magister
725 1505 874 1576 Andreas
889 1507 1080 1594 Propositus
1099 1503 1301 1594 Tytnliensis
1326 1509 1361 1571 et
1377 1507 1483 1570 totum

349 1618 495 1686 eiusdem
520 1616 583 1688 loei
600 1616 785 1704 Capitulum
812 1615 962 1684 omnibns
978 1613 1099 1683 Christi
1114 1612 1266 1682 fidelibus
1288 1617 1482 1698 presentem

349 1724 904 1814 pagiuaminspeeturisselutemin
919 1723 1247 1796 omniumsuluatere.
1268 1721 1480 1804 Quamquam

349 1835 556 1902 aeonditore
580 1834 711 1920 generis
736 1834 868 1902 humuni
892 1852 1005 1902 omnes
1031 1831 1179 1900 homines
1204 1850 1288 1914 equo
1311 1827 1478 1896 libertatis

348 1941 522 2028 priuilegio
538 1940 603 2009 sint
618 1941 735 2028 ganisi,
760 1948 794 2008 et
807 1962 867 2028 pro
885 1940 964 2008 iuris
979 1939 1140 2008 naturalis
1154 1937 1311 2006 benedeio
1328 1935 1477 2021 gaudere

348 2049 507 2134 debeant3
523 2057 633 2117 temen
650 2048 829 2118 seeundum
847 2049 937 2118 iuris
951 2047 1067 2116 Ciuilis
1082 2051 1206 2115 statuto
1230 2044 1353 2114 diuersi
1370 2044 1476 2112 diuer-

348 2153 473 2224 simode
488 2153 532 2224 od
548 2157 720 2226 seruitutes
736 2156 938 2244 rediguntur,
963 2158 1125 2226 nonnulos
1138 2155 1243 2224 mum
1268 2152 1399 2223 oblaeie
1418 2173 1474 2240 pa-

347 2271 441 2332 terna
455 2283 630 2334 eonuersos
646 2264 725 2334 iaeit
739 2273 772 2334 et
787 2265 951 2334 subiectos
960 2265 1120 2334 seruituti.
1135 2263 1277 2332 Proinde
1292 2262 1337 2330 ad
1346 2261 1474 2329 uniuer-

346 2391 455 2442 sorum
471 2373 626 2443 uotieium
652 2375 764 2442 barum
781 2372 866 2442 serie
891 2375 1040 2442 volumus
1059 2372 1242 2461 peruenire,
1267 2371 1356 2457 quod
1382 2389 1472 2438 soue-

347 2482 427 2550 dens
444 2479 488 2548 ad
513 2481 719 2568 preseneitm
735 2489 878 2551 nostram
894 2483 1042 2568 Nembyu
1058 2482 1099 2550 de
1114 2481 1243 2566 Babay,
1269 2479 1406 2567 prestito
1422 2499 1471 2546 eo

346 2610 417 2658 ram
433 2591 529 2659 nobis
545 2591 708 2678 eorporali
733 2599 939 2661 saoromouto
953 2592 1097 2660 asseruit
1112 2597 1145 2660 et
1160 2589 1244 2658 dixit
1264 2587 1471 2677 presentibus

346 2699 608 2785 procuratoribus
634 2697 778 2785 Capituli
794 2697 1016 2785 Coloebensis,
1040 2698 1196 2767 videlieet
1210 2697 1286 2765 Elia
1300 2694 1470 2764 Arebidio·

344 2825 426 2875 eone
442 2804 589 2874 eiusdem
605 2806 678 2892 leui,
695 2813 728 2874 et
743 2807 852 2876 Pouse
866 2808 1068 2894 presbytero,
1086 2807 1127 2875 N.
1144 2808 1279 2874 Deeauo
1295 2811 1328 2871 et
1343 2803 1467 2872 Jaoobo

345 2912 522 3000 Canonieo,
548 2915 706 2984 eanoniee
730 2921 763 2982 et
779 2915 925 3000 legitime
949 2916 1116 3001 institutis,
1142 2913 1229 3001 qood
1253 2913 1355 2980 filium
1375 2931 1466 2979 suum

345 3023 476 3091 nomine
490 3022 583 3090 l'elix
597 3022 714 3092 obtulit
737 3022 782 3091 ad
796 3025 903 3091 ultore
918 3023 1033 3094 Sanoti
1048 3023 1144 3092 Pauli
1168 3023 1228 3091 tuli
1243 3020 1374 3090 odiente
1395 3040 1464 3088 oon-

343 3131 480 3218 dieione,
497 3130 584 3218 quod
601 3129 756 3219 quamdiu
771 3131 858 3202 iilius
874 3152 953 3202 suus
969 3133 1090 3201 vixerit
1107 3131 1301 3218 antedictus,
1325 3131 1463 3200 offitium

295 3289 297 3293 -
342 3239 520 3326 pulsatoris
545 3240 665 3309 debeat
690 3259 851 3309 exeruere.
884 3241 951 3309 Sed
974 3240 1139 3329 predictus
1164 3259 1285 3328 parens
1309 3240 1463 3308 antedicti

343 3350 435 3434 pueri
451 3349 577 3434 videns,
604 3349 705 3418 filium
720 3367 815 3416 suum
830 3349 987 3436 profieere
1002 3349 1036 3417 in
1052 3355 1140 3420 etate
1163 3355 1197 3418 et
1211 3368 1332 3436 genere
1346 3349 1462 3416 litters·

343 3460 424 3540 ture,
449 3455 633 3543 posteritati
647 3455 780 3544 proprie
799 3476 988 3545 preoauons,
1015 3477 1088 3526 eum
1104 3456 1225 3526 dileetu
1244 3456 1382 3543 coniuge
1396 3477 1460 3540 suu,

344 3567 447 3628 metro
462 3562 601 3649 prodisti
617 3563 720 3649 Felix,
745 3565 884 3634 aeeessit
907 3569 941 3632 et
957 3565 1109 3653 Capitulo
1125 3564 1320 3636 Coloebeusi
1341 3564 1460 3632 bumili-

343 3677 393 3736 ter
419 3671 603 3760 supliouuit,
627 3672 714 3759 quod
730 3693 802 3741 eum
827 3672 1006 3761 pretiosior
1028 3695 1093 3744 non
1119 3675 1241 3744 sitnisi
1265 3673 1461 3761 posteritatis

342 3777 489 3865 libertas,
505 3780 623 3850 obtulit
633 3799 793 3850 eonsensu
802 3784 913 3851 uxoris
928 3783 1321 3854 suerltrouearoluntate
1339 3801 1380 3850 ae
1394 3781 1459 3849 sine

343 3888 528 3974 ooaeeiene,
554 3889 796 3977 possessiouem
812 3909 915 3978 suam,
941 3897 1061 3959 terram
1078 3891 1233 3962 videlieet
1247 3892 1364 3979 Babuy
1389 3910 1458 3960 uuu-

342 4004 494 4086 eupatam
519 3999 553 4066 in
578 3997 836 4088 redemptionem
861 4001 1026 4070 seruitutis
1052 4001 1208 4089 prediete.
1239 4003 1283 4070 bt
1306 3999 1384 4069 lieet
1407 4019 1457 4086 pre

342 4105 457 4174 ualere
471 4105 690 4193 possessionis
705 4113 878 4195 pretaxate
901 4107 1042 4176 seruitus
1060 4107 1153 4196 pueri
1174 4108 1344 4176 memorati
1363 4109 1456 4175 multo

339 4213 545 4298 prestantior
570 4219 603 4282 et
618 4213 759 4284 validior
781 4215 981 4302 habebatur;
1010 4215 1089 4301 quia
1105 4223 1213 4284 tameo
1242 4213 1455 4284 ecelesiastiee

342 4321 512 4388 eousueuit
526 4321 775 4407 mansuetudini,
786 4341 963 4410 oppressos
979 4321 1186 4391 aseruuitute
1202 4323 1377 4412 exbimere,
1392 4343 1453 4389 ma-

343 4429 431 4497 xime
447 4429 531 4517 illos,
545 4431 602 4516 qui
616 4451 638 4498 a
654 4429 816 4500 nobilibus
827 4429 1074 4517 descenderunt,
1093 4432 1201 4520 ipsam
1210 4413 1452 4520 possessionem,

339 4555 450 4622 ymmo
466 4537 630 4622 terrulam,
657 4544 805 4625 respeotu
819 4536 984 4605 seruitutis
1004 4537 1228 4625 prenominato
1243 4537 1278 4606 in
1293 4539 1452 4626 presencia

337 4649 450 4718 nostra
465 4643 665 4740 sepedietum
682 4643 868 4742 Capitulum
884 4645 918 4718 in
928 4645 1141 4717 renuentium
1159 4643 1282 4737 reeepit
1295 4644 1448 4715 seruitutis
