3226 5194
359 1049 379 1116 Ι
385 1049 418 1114 V.
435 1049 515 1117 Bs'lu
524 1050 689 1138 tsrdyoot
698 1050 846 1118 Zalecben
854 1052 987 1120 birtolcdt
1000 1053 1153 1138 tdrppotd
1163 1051 1343 1136 cdonsdcya
1355 1049 1485 1115 chbed
1537 1067 1544 1084 ·

532 1179 630 1224 comes
645 1161 679 1224 ie
694 1158 828 1244 Smjee'l
846 1157 948 1226 Cocta
954 1159 1021 1244 fiai
1035 1164 1192 1226 sacima'ru.
1213 1157 1309 1223 1258.

465 1352 533 1422 Nos
549 1353 585 1420 Β.
594 1355 657 1422 Dei
673 1354 786 1440 gracia
801 1357 872 1424 Rex
882 1355 1027 1443 Vngarie
1044 1355 1198 1424 memorie
1218 1353 1486 1424 commendantes

358 1464 578 1550 significamus
605 1464 775 1550 uniuersis,
801 1463 887 1552 quod
903 1462 1096 1534 accedentes
1121 1465 1165 1533 ad
1180 1471 1327 1534 nostram
1351 1481 1486 1550 presen-

221 1587 225 1596 '
357 1571 442 1646 ciam
457 1571 570 1640 fideles
595 1573 697 1642 nostri
713 1575 830 1642 sones
846 1573 979 1642 Zoohnd
1005 1581 1038 1640 et
1057 1555 1210 1658 Sereteel,
1235 1592 1275 1640 ac
1291 1570 1414 1638 fratres
1435 1588 1486 1635 eo·

356 1679 492 1752 metm
505 1680 563 1767 filij
582 1680 687 1748 Gnnta
713 1681 807 1751 nobis
823 1687 1053 1770 exposuerunt,
1079 1682 1167 1768 quod
1183 1680 1246 1770 ipsi
1266 1681 1488 1748 instrumenta

349 1806 414 1858 'sau
428 1787 565 1874 litteras,
592 1809 676 1874 quas
691 1790 857 1858 habebant
882 1810 979 1878 super
1004 1790 1090 1858 iacto
1117 1798 1201 1856 terre
1216 1788 1365 1872 Buguna,
1385 1805 1486 1870 quam

353 1909 416 1986 Der
430 1897 570 1970 eunom
585 1905 711 1985 patrem
727 1899 872 1986 ipsorum
889 1919 909 1965 u
926 1897 1046 1968 Oosma
1062 1905 1093 1966 et
1109 1899 1205 1966 Petro
1221 1896 1297 1982 filijs
1314 1893 1484 1980 Hemyrub

356 2005 398 2076 de
415 2005 493 2074 vilia
508 2006 671 2074 Zelechen
697 2006 849 2075 dicebant
863 2009 948 2075 iusto
964 2007 1143 2095 empcionis
1158 2004 1252 2074 tituto
1276 2003 1381 2072 tuisse
1396 2023 1483 2070 com·

357 2122 517 2203 paratum,
534 2134 632 2204 super
646 2136 712 2201 qua
729 2115 898 2202 empcione
912 2121 1057 2185 nostrum
1073 2115 1280 2204 priuilegium
1306 2133 1343 2182 se
1359 2111 1483 2178 habere

356 2223 558 2308 asserebant,
576 2224 754 2293 casualiter
778 2225 976 2310 amisissent,
993 2235 1143 2314 petentes
1159 2247 1181 2294 a
1195 2223 1300 2306 nobis,
1331 2229 1366 2288 nt
1382 2219 1481 2288 homi·

355 2352 429 2400 nem
451 2337 598 2400 nostrum
613 2333 778 2418 ydoneum
803 2353 901 2420 super
917 2333 1022 2421 ipsam
1042 2343 1161 2402 terram
1187 2334 1399 2415 mitteremns,
1426 2329 1480 2416 qni

356 2439 492 2526 uideret,
516 2447 622 2508 uuum
637 2439 774 2528 predicti
790 2442 926 2510 Zoehud
951 2447 983 2510 et
999 2441 1114 2512 tratres
1134 2443 1185 2510 sni
1209 2447 1320 2512 essent
1345 2441 1380 2508 in
1394 2437 1480 2527 paci-

354 2550 417 2617 toa
441 2549 652 2635 possessione
677 2556 761 2620 terre
786 2557 973 2620 memorate.
1000 2553 1069 2622 Nos
1093 2553 1193 2638 igitur
1217 2551 1262 2618 ad
1286 2547 1480 2638 peticionem

355 2656 531 2726 eorundem
543 2657 694 2727 fidelibus
711 2661 830 2729 nostris
841 2661 1157 2749 CapituloNitricnsi
1174 2661 1324 2730 dedimus
1341 2657 1375 2726 in
1392 2676 1479 2724 man-

356 2762 452 2852 datis,
468 2773 503 2834 ut
519 2766 602 2837 duos
618 2787 659 2836 ex
675 2767 768 2855 ipsis,
784 2787 942 2856 personas
950 2768 1108 2858 ydoneus,
1124 2789 1222 2854 super
1236 2769 1344 2856 ipsam
1360 2773 1479 2834 terram

356 2875 621 2964 transmitterent,
647 2877 703 2960 qui
717 2877 876 2966 uiderent,
902 2886 1008 2946 utrum
1025 2879 1141 2966 prefati
1158 2877 1293 2948 Zochnd
1308 2883 1342 2945 et
1361 2873 1479 2941 fratros

355 2983 407 3050 sui
422 2983 535 3051 sintin
551 2985 692 3073 pacifica
715 2986 922 3074 possessione
937 2986 1041 3074 ipsius
1056 2994 1150 3075 terre,
1176 2993 1209 3054 et
1223 2985 1256 3053 id
1272 2983 1368 3054 nobis
1391 2987 1479 3068 post·

355 3090 497 3179 modum,
516 3111 556 3160 ac
575 3111 704 3163 eorsum
724 3103 884 3164 meterem
909 3095 1054 3163 eiusdem
1078 3105 1164 3163 terre
1187 3095 1330 3163 debeant
1354 3107 1480 3158 reman-

354 3198 444 3267 dsre.
469 3197 573 3286 deem
590 3199 702 3285 itaque
725 3197 838 3270 tideles
866 3203 969 3271 nostri
994 3201 1178 3288 Capitulum
1204 3197 1404 3268 antedictum
1429 3215 1478 3262 re-

354 3308 553 3394 scripserunt
567 3307 672 3395 nobis,
697 3308 784 3395 qnod
801 3309 882 3378 dnos
898 3330 940 3376 ex
955 3308 1003 3376 eis
1018 3309 1165 3396 ydoneos
1182 3328 1281 3395 snper
1294 3308 1403 3395 ipsam
1417 3310 1479 3372 ter·

353 3435 424 3482 ram
441 3414 708 3502 transmisissent,
732 3415 788 3502 qui
806 3417 1011 3504 presentibus
1029 3417 1179 3486 omnibus
1195 3415 1431 3486 commetaneis
1447 3419 1481 3479 et

353 3521 482 3608 uicinis,
507 3523 596 3592 nullo
613 3524 848 3594 contradictore
863 3525 1033 3612 existente,
1053 3527 1254 3595 inuenissent
1269 3523 1403 3594 eosdem
1418 3523 1479 3589 Zo-

354 3629 439 3700 chud
455 3637 487 3698 et
501 3630 621 3700 tratres
647 3651 723 3700 suos
739 3632 770 3699 in
787 3633 925 3721 pacifica
939 3635 1148 3720 possessione
1169 3641 1254 3701 terre
1279 3631 1478 3720 supradicte.

354 3736 454 3806 Ouios
478 3739 607 3824 quidem
633 3746 718 3808 terre
744 3747 838 3826 mete,
864 3749 960 3827 prout
975 3742 1006 3809 in
1023 3741 1139 3810 titteris
1164 3741 1308 3810 eiusdem
1332 3740 1479 3828 Capituli

354 3847 511 3917 coutiueri
520 3847 671 3934 uidimus,
689 3849 751 3917 hoe
766 3850 880 3919 ordine
888 3849 1127 3937 distinguntur:
1148 3852 1258 3919 Prima
1268 3859 1356 3920 meta
1364 3852 1480 3939 incipit

354 3963 486 4043 aparte
511 3956 704 4025 occidentali
730 3957 763 4024 in
781 3978 867 4044 aqua
883 3960 1009 4029 Baluva
1024 3961 1164 4047 nomine,
1191 3969 1224 4029 et
1240 3961 1286 4028 ibi
1312 3968 1389 4029 sunt
1415 3958 1478 4027 due

354 4069 439 4132 mete
464 4065 605 4151 antique,
633 4073 667 4133 et
690 4065 753 4133 dne
778 4064 820 4134 de
845 4087 929 4135 nouo
946 4075 1071 4156 erecte,
1097 4076 1129 4136 et
1153 4069 1229 4137 inde
1253 4067 1476 4138 asscendendo

354 4174 471 4241 transit
495 4195 648 4262 magnam
673 4175 762 4242 uiam
787 4175 1036 4246 descendentem
1057 4199 1079 4245 a
1103 4179 1184 4246 uitlu
1202 4178 1314 4266 Degce
1340 4184 1476 4263 noeatu;

354 4280 473 4349 deinde
488 4281 579 4350 uadit
605 4302 715 4351 sersus
733 4283 888 4350 orientem
914 4284 1006 4353 iuxta
1030 4293 1148 4353 terram
1175 4285 1309 4354 ulterius
1327 4287 1475 4372 Baguna,

354 4386 465 4454 villum
481 4387 631 4457 videlicet
647 4390 895 4478 erveiierorum;
916 4401 948 4460 et
963 4391 1039 4460 inde
1053 4397 1173 4462 transit
1189 4415 1248 4482 per
1263 4403 1385 4464 terram
1400 4415 1474 4462 ara-

355 4495 463 4581 bilem,
489 4507 521 4563 et
536 4501 625 4567 uenit
640 4519 743 4584 usque
768 4501 866 4568 aliam
890 4521 1042 4589 magnam
1068 4505 1156 4571 uiam
1182 4503 1364 4572 uenientem
1382 4525 1404 4572 a
1419 4504 1475 4572 Ui·

354 4603 491 4692 tuuche;
509 4624 606 4692 quam
622 4608 821 4678 transeundo
832 4609 931 4678 intrat
941 4609 1147 4697 tructeccnm,
1168 4611 1256 4698 quod
1266 4612 1354 4698 wigo
1370 4613 1475 4678 taras
