3252 5198
891 301 1044 398 „Q

408 516 482 560 oum
499 493 622 561 eisdem
639 494 730 561 uadit
745 493 789 560 ad
799 497 948 563 arborem
966 516 1106 580 magnae
1115 497 1211 582 ilicis,
1229 499 1290 564 sub
1306 505 1431 580 quaest
1447 505 1540 563 meta

407 623 493 670 noua
509 612 545 672 et
566 606 718 690 antiqua;
745 605 865 671 abhinc
881 603 973 670 uadit
990 625 1103 672 uersus
1129 606 1340 690 occidentem,
1367 608 1538 672 etiterum

406 708 522 797 incipit
537 718 642 778 metas
657 718 768 778 tenore
778 732 850 778 oum
861 711 986 779 Gemite
1002 713 1042 778 Η.
1055 738 1063 798 5
1080 713 1156 780 indo
1166 714 1314 798 procedit
1324 713 1367 780 ad
1384 713 1536 780 arborem

402 818 585 905 parricejo,
611 819 653 885 de
678 839 743 904 qua
759 819 898 887 flectitur
921 839 1035 887 uersus
1060 821 1228 888 meridiem
1254 821 1299 887 ad
1323 826 1391 888 tres
1414 829 1536 906 metas,

405 946 541 1009 quarum
567 946 634 992 una
653 931 703 993 est
728 927 806 992 ville
829 926 1011 1011 Pulchuua,
1037 926 1181 994 secunda
1205 927 1283 993 ville
1310 925 1402 1012 chal,
1427 928 1537 994 tercia

406 1031 541 1101 Comitis
556 1035 617 1120 H.;
639 1035 759 1101 abhinc
774 1034 912 1102 flectitur
929 1054 1043 1104 versus
1060 1035 1245 1120 aquilonem
1262 1035 1408 1121 procedit
1424 1041 1534 1102 metas

404 1142 542 1210 tenendo
558 1163 632 1209 cum
657 1142 772 1209 eadem
795 1142 875 1210 villa
893 1140 953 1208 cal
970 1142 1013 1208 cd
1038 1143 1209 1209 terminum
1232 1151 1301 1210 tere
1324 1141 1532 1224 comitioli„

405 1269 503 1333 quam
518 1250 596 1316 emit
612 1272 633 1316 a
647 1252 814 1336 Stephano
829 1250 895 1318 filio
912 1248 1060 1336 Sarynd3
1079 1256 1110 1317 et
1125 1258 1229 1318 metas
1245 1249 1385 1316 tenendo
1402 1269 1475 1316 oum
1493 1269 1533 1315 eo

403 1357 486 1441 dem,
503 1357 646 1425 vaditad
662 1358 802 1444 priorem
811 1360 918 1426 locum
927 1358 1012 1425 vnde
1028 1359 1204 1446 inceperat,
1221 1364 1254 1424 ct
1268 1358 1314 1424 ibi
1324 1358 1529 1424 terminatur.

402 1539 436 1603 (A
449 1536 596 1605 veszpremi
611 1536 796 1606 kaptalanualr
822 1541 933 1591 1238-ki
954 1538 1181 1607 expeditidjibdh
1204 1541 1271 1591 mint
1283 1535 1365 1592 altbb
1378 1540 1421 1589 tl.
1437 1555 1474 1588 sz.
1490 1537 1529 1604 a.)

833 1795 1089 1806 ma<

937 2246 991 2312 39.

397 2407 457 2476 IV.
475 2408 557 2472 Belo
572 2409 745 2495 kirrilynalc
761 2401 854 2494 Fepcl
872 2411 952 2472 nevil
967 2407 1121 2472 birtolrbo'l
1136 2431 1191 2492 epp
1217 2407 1327 2492 ekeayi
1337 2404 1446 2492 fb'ldet
1464 2407 1530 2467 tcir-

396 2517 496 2602 pyczo
509 2516 687 2603 udomrinyc
703 2517 821 2582 Mittas
847 2539 943 2581 cornea
964 2517 1081 2602 Upolt'a
1097 2517 1224 2580 tcatvdre
1243 2516 1398 2578 auctorare.
1427 2513 1527 2575 1238.

502 2694 582 2761 Bela
598 2693 660 2762 Dei
677 2697 791 2778 gracia
808 2698 877 2763 Rex
893 2696 1039 2781 Vngarie
1054 2693 1215 2761 uniuersis
1231 2690 1353 2757 Christi
1373 2689 1530 2756 fidelibus

397 2810 580 2889 presentem
596 2804 752 2888 paginam
769 2799 962 2890 inspecturis
980 2803 1120 2869 salutem
1135 2802 1168 2867 in
1179 2819 1257 2866 uero
1275 2798 1423 2866 salutari.
1442 2796 1530 2862 Cum

397 2916 472 2975 ante
488 2911 600 2978 oculos
618 2909 720 2994 Regie
731 2911 915 2978 Maiestatis
932 2911 995 2976 sibi
1016 2909 1154 2976 fideliter
1170 2905 1393 2974 assistencium
1411 2908 1531 2972 merita

397 3017 639 3102 ingratitudinis
657 3018 792 3085 silencio
810 3040 876 3086 non
897 3019 1037 3085 debeant
1053 3017 1214 3105 preteriri,
1241 3015 1284 3082 ad
1300 3015 1528 3081 uniuersorum

397 3133 463 3193 tam
478 3126 719 3212 modemorum‚
747 3148 845 3212 quam
860 3133 1063 3215 posterorum
1081 3126 1236 3193 noticiam
1260 3130 1373 3189 tenore
1393 3141 1529 3206 presen-

395 3234 479 3301 cium
494 3236 644 3303 uolumus
661 3236 842 3322 peruenire,
872 3235 959 3321 quod
975 3255 1048 3302 curu
1064 3233 1203 3301 dilectus
1229 3238 1261 3298 et
1279 3231 1385 3298 fidelis
1411 3235 1528 3296 noster

395 3341 553 3411 Nicolaus
567 3342 684 3411 Comes
708 3344 810 3412 frater
825 3343 955 3429 Vgolini
971 3342 1067 3410 nobis
1091 3342 1230 3408 fideliter
1246 3349 1279 3408 et
1299 3339 1526 3407 indesinenter

397 3449 597 3534 seruiuisset‚
621 3471 681 3519 nos
698 3453 739 3519 ob
757 3472 888 3518 suorum
914 3451 1058 3518 fidelium
1084 3457 1116 3516 et
1131 3449 1345 3515 laudabilium
1371 3447 1528 3514 seruicio-

395 3578 468 3624 rum
478 3559 594 3626 merita
606 3560 640 3625 iu
650 3559 811 3626 Parochia
821 3558 1018 3626 Genadiensi
1034 3560 1076 3625 dc
1084 3564 1173 3624 terra
1188 3558 1301 3642 Fegel,
1318 3575 1528 3642 superquam

395 3665 493 3733 habet
509 3666 680 3733 eeclesiam
707 3666 882 3752 ebdomas,
909 3667 1103 3733 contulimus
1120 3665 1163 3731 ad
1179 3683 1277 3731 unum
1294 3670 1437 3729 aratrum
1455 3667 1528 3728 tam

392 3776 435 3840 ab
449 3775 534 3860 ipso,
551 3793 647 3858 quam
667 3795 688 3841 a
702 3775 771 3841 suis
788 3774 1033 3842 successoribus
1047 3777 1202 3859 perpetuo
1215 3768 1460 3858 possidendam.
1482 3772 1529 3836 Vt

390 3883 491 3967 igitur
506 3882 600 3950 huius
630 3890 740 3951 nostre
758 3883 948 3953 collacionis
974 3882 1075 3949 sorios
1092 3879 1188 3947 salua
1213 3897 1341 3964 semper
1357 3885 1389 3944 et
1415 3877 1529 3944 incon-

392 4009 489 4057 cussa
514 3998 701 4076 perseueret
719 3992 754 4057 in
778 3999 943 4078 posterum
955 4041 963 4075 ‚
989 3997 1174 4076 presentem
1198 3985 1356 4074 paginam
1379 3983 1528 4070 duplicis

263 4097 264 4100 ’
393 4097 494 4184 sigilli
508 4100 609 4168 nostri
628 4100 804 4168 munimine
819 4099 956 4166 lecimus
972 4098 1129 4166 roborari.
1155 4097 1275 4162 Datum
1287 4095 1385 4180 juxta
1401 4113 1527 4178 aquam

393 4212 467 4298 Ipul
492 4231 577 4278 anno
604 4211 647 4277 ab
672 4213 907 4278 Incamacione
927 4209 1061 4278 Domini
1087 4204 1257 4276 millesimo
1274 4203 1340 4270 00⁰
1355 4204 1526 4270 tricesimo

392 4327 507 4387 octauo
523 4321 564 4386 X.
581 4320 747 4386 kalendas
771 4319 871 4404 Junij‚
899 4317 1005 4401 Regni
1033 4322 1142 4382 autem
1167 4313 1271 4380 nostri
1296 4333 1384 4379 anno
1407 4314 1525 4380 tercio.

425 4481 475 4546 (Aa
489 4483 589 4536 eredcti
603 4479 670 4534 nti-n
683 4481 756 4534 Rath
768 4479 879 4546 Kdroly,
892 4482 976 4546 Gyb'ri
987 4478 1152 4532 Ttlrtbnelmi
1166 4475 1194 4528 es
1205 4474 1348 4542 Rbgbszoti
1362 4476 1486 4526 Ftiaetsk

835 4572 885 4623 Ill.
899 4573 956 4622 kbt.
970 4572 1031 4620 298.
1044 4569 1074 4624 Ι.)

1065 4625 1070 4634 ι
