3252 5198
937 331 981 398 64

393 529 512 599 Ferreo
529 529 644 597 (laeuo
668 529 837 596 existente.
863 531 934 596 Hoc
949 537 1192 597 sacramentum
1216 529 1389 617 prestitum
1404 537 1456 598 est
1474 549 1529 596 co-

392 659 463 704 ram
488 637 618 706 homine
633 637 777 722 Capituli
793 639 906 703 Sancti
922 637 1097 704 Michaelis
1120 635 1161 703 dc
1177 640 1297 706 Ferreo
1314 636 1442 721 (lustro,
1460 637 1531 704 An-

393 746 473 812 drea
488 743 643 812 videlicet
666 743 854 826 sacerdote;
882 751 986 811 metas
1015 751 1125 812 autem
1150 766 1266 813 uersus
1292 753 1413 813 terram
1437 747 1535 814 Buza

394 852 582 937 existentes,
608 873 691 936 quas
707 853 819 938 populi
845 853 885 918 de
902 852 1064 919 Curmend
1079 873 1156 921 suas
1185 874 1258 922 esse
1280 854 1441 940 dicebant,
1468 875 1533 942 per

393 980 476 1044 quas
492 966 579 1028 terra
596 981 656 1026 sua
672 960 803 1027 ateiris
828 967 1037 1044 cognatorum
1053 981 1183 1031 suorum
1215 968 1397 1049 separatur,
1423 961 1532 1028 mani-

393 1069 477 1137 feste
493 1068 726 1156 conprobauit.

393 1263 529 1336 (Eredetic
542 1263 714 1332 blirhtrtytn,
728 1283 745 1317 a
762 1265 985 1336 hdrtyaminegen
1005 1270 1112 1336 fllgg'dtt
1130 1267 1223 1335 penset
1239 1271 1377 1334 elveszett,
1390 1285 1406 1322 a
1420 1265 1531 1320 llimdlt.

663 1356 778 1422 herczeg
787 1357 932 1424 Batthytni
946 1357 1036 1412 multu
1049 1354 1254 1428 leveltdrdban.)

825 1651 1086 1660 ——--———

931 2107 988 2176 lu.

397 2285 425 2352 A
442 2288 533 2374 pydn'
549 2287 771 2372 kdptalancak
781 2285 1049 2374 bizouysdplevele,
1069 2286 1148 2372 luopy
1164 2309 1203 2350 az
1217 2287 1283 2350 orsi
1297 2288 1434 2351 cemesek
1446 2273 1524 2352 ὄνε-

396 2397 454 2462 bec
470 2397 540 2461 teos
562 2396 741 2461 biutolcultct
766 2419 804 2460 aa
826 2396 881 2462 oo
903 2393 1230 2481 nemaetsdpbelielcuek
1255 2392 1394 2458 elodtcik.
1423 2398 1527 2460 1238.

756 2555 1167 2622 ABODE

505 2717 676 2784 Vniuersis
692 2738 828 2804 presens
850 2717 1004 2802 scriptum
1029 2715 1223 2800 inspecturis
1239 2713 1425 2802 Capitulum
1443 2715 1527 2785 Geu-

399 2823 515 2890 riensis
525 2825 674 2889 Ecclesie
690 2825 829 2890 salutem
845 2825 879 2889 in
890 2823 1039 2891 Domino.
1061 2822 1112 2888 Ad
1128 2824 1351 2890 uniuersorum
1370 2825 1525 2892 noticiam

399 2933 548 2997 volumus
564 2931 745 3017 peruenire,
770 2931 856 3015 quod
871 2930 1085 2996 accendentes
1101 2931 1143 2996 ad
1160 2937 1302 2996 nostram
1319 2933 1526 3017 presenciam

401 3045 459 3112 Osl
480 3047 606 3128 Comes,
624 3046 739 3112 Comes
759 3045 947 3128 Nicholaus,
965 3043 1082 3111 Comes
1102 3044 1292 3110 (iconiensis
1308 3045 1469 3126 Herbotlnss.
1495 3049 1530 3106 et

398 3152 564 3219 Johannes
590 3172 662 3217 cum
679 3151 754 3217 liliis
771 3150 874 3216 Belud
891 3149 1027 3216 Comitis
1053 3171 1093 3216 ex
1119 3159 1302 3236 partemne,
1329 3160 1362 3217 et
1377 3150 1525 3219 Theodo-

397 3261 475 3344 rius,
492 3260 648 3340 ihomas,
666 3257 807 3341 'l'hyuka
833 3258 873 3322 de
889 3258 969 3323 villa
984 3257 1046 3323 Vrs
1071 3278 1111 3322 ex
1137 3265 1230 3343 parte
1255 3257 1361 3323 altera
1385 3257 1528 3324 confessi

400 3376 476 3435 sunt
491 3389 599 3434 coram
614 3367 720 3451 nobis,
745 3366 832 3451 quod
848 3365 926 3432 dicti
942 3365 1155 3451 Theodorins,
1170 3365 1314 3433 Thomas
1334 3372 1366 3432 et
1382 3368 1529 3452 Thyulsa

401 3474 626 3542 vendidissent
636 3475 822 3541 memoratis
834 3475 902 3560 Osl,
919 3473 1216 3558 ComitiNicholao,
1233 3473 1350 3542 comiti
1366 3474 1527 3562 Herboth,

399 3588 431 3648 et
447 3582 591 3649 Johanni
617 3602 689 3647 cum
705 3582 781 3648 filiis
797 3581 901 3647 Belud
926 3603 984 3668 pro
1002 3581 1117 3666 viginti
1132 3589 1164 3648 et
1181 3601 1238 3647 sex
1263 3579 1383 3648 marcis
1397 3583 1465 3649 iam
1483 3583 1527 3648 ad

399 3691 530 3777 plenum
557 3690 620 3756 sibi
638 3688 823 3774 persolutis,
850 3689 933 3756 sicut
950 3691 1113 3774 dicebant,
1140 3698 1260 3756 terram
1287 3692 1454 3775 quandam
1470 3693 1527 3759 du-

398 3806 495 3867 centa
520 3805 552 3864 et
577 3801 752 3882 sexaginta
775 3797 890 3880 iugera
916 3798 1152 3880 continentem,
1180 3818 1276 3882 quam
1303 3799 1337 3863 in
1361 3799 1527 3869 territorio

398 3906 622 3995 prenominate
638 3906 716 3972 ville
732 3907 794 3972 Vrs
820 3914 977 3990 tanquam
993 3926 1085 3972 suam
1103 3903 1310 3994 (habebant),
1337 3907 1372 3972 in
1387 3929 1472 3994 pace
1497 3915 1529 3975 et

398 4018 523 4099 absque
548 4014 617 4080 ulla
644 4014 832 4100 calumpnia
851 4023 1008 4100 perpetuo
1035 4013 1276 4100 possidendam.
1304 4013 1341 4079 In
1362 4015 1455 4082 cuins
1480 4017 1527 4082 rei

398 4123 618 4190 testimonium
645 4144 704 4189 nos
722 4123 764 4188 ad
778 4123 972 4209 peticionem
989 4123 1156 4208 utriusque
1182 4124 1287 4210 partis
1308 4127 1528 4192 concessimus

396 4241 564 4322 presentes
580 4231 706 4298 litteras
732 4231 841 4316 sigillo
859 4231 1002 4319 Capituli
1021 4233 1123 4299 nostri
1139 4233 1320 4300 roboratas.
1350 4233 1446 4300 Anno
1465 4237 1528 4301 Do-

398 4342 476 4409 mini
493 4343 538 4408 Μο
549 4338 613 4407 00⁰
623 4339 733 4408 XXX⁰
743 4345 869 4407 octavo

500 4522 550 4586 (Aa
564 4523 664 4572 eredeti
678 4519 742 4572 utin
756 4523 835 4586 Nagy
849 4523 926 4584 linco,
940 4521 1028 4572 Huzai
1042 4518 1213 4588 Okmanytdr
1226 4524 1248 4572 1.
1263 4523 1318 4574 lot.
1334 4525 1378 4572 20.
1394 4525 1422 4590 l.)

836 4699 921 4708 -.—...
