3252 5198
611 297 759 396 —29-

113 493 152 559 ad
174 493 357 559 claustrum
383 492 444 558 tali
459 490 567 575 modo,
593 490 681 575 quod
696 493 808 559 vinum
833 511 968 578 purum,
995 495 1095 579 quod·
1107 496 1246 582 pedibus

112 605 191 670 bane
216 599 359 684 exprimi
375 605 502 684 potest,
531 599 670 686 recipiat
688 601 851 684 Ecclesia,
877 607 911 666 et
925 602 1012 685 quod
1031 602 1066 667 in
1090 604 1246 672 torculari

111 709 323 794 torquebitur,
340 707 486 774 babeant
500 707 603 790 ijdem
617 707 785 774 vinitores.
804 707 1007 776 Contulimus
1018 711 1123 776 eciam
1140 710 1246 778 eidem

112 817 258 884 Ecclesie
274 815 309 880 in
326 815 449 882 Sirmia
463 816 602 900 vineam,
632 836 730 899 quam
746 817 882 882 eruimur
897 817 1033 902 propria
1047 819 1188 903 pecunia
1205 818 1246 886 de

110 925 284 1011 Mychaele
294 922 427 988 officiali
443 922 551 1004 Botez,
575 941 638 1006 que
654 923 795 989 vineaiu
811 929 899 990 terra
909 923 1050 990 Abbatis
1067 923 1108 992 de
1118 927 1247 994 Dombo

111 1035 175 1103 sita
191 1040 253 1100 est.
280 1033 463 1117 Cybriones
489 1049 567 1099 vero
584 1033 624 1098 de
648 1031 763 1098 eadem
782 1032 880 1098 vinea
902 1035 1141 1118 provenientes,
1169 1036 1246 1120 quia

112 1164 177 1210 nou
194 1141 239 1206 ad
254 1140 429 1222 Abbatem‚
445 1138 504 1206 sed
516 1138 559 1204 ad
569 1139 707 1222 Regiam
716 1138 923 1207 Maiestatem
933 1142 1150 1227 pertinebant,
1171 1164 1244 1210 con·

114 1251 294 1332 cessimus,
325 1255 362 1314 ut
385 1247 507 1313 nemini
531 1247 660 1314 soluere
684 1253 843 1314 teneatur.
874 1251 955 1315 Item
980 1250 1176 1318 contulimus
1202 1253 1244 1318 ci-

111 1359 185 1425 dem
201 1355 351 1422 Ecclesie
367 1354 453 1420 vltra
467 1353 655 1419 Danubium
676 1355 928 1440 possessionem,
953 1374 1016 1439 que
1032 1366 1168 1425 vocatur
1183 1361 1243 1424 Pe·

108 1464 288 1550 turwarad,
315 1468 347 1528 et
362 1463 487 1545 Regale
502 1462 668 1548 palacium
683 1460 807 1528 ibidem
828 1464 1037 1530 constitutum
1053 1484 1126 1530 cum
1142 1467 1244 1532 omui·

80 1581 81 1584 ’
110 1573 172 1639 bns
188 1570 401 1658 pertinenciis
417 1570 497 1652 suis,
517 1569 643 1636 scilicet
661 1569 765 1654 silvis,
784 1570 887 1655 aquis,
913 1570 1050 1656 piscinis
1069 1578 1102 1638 et
1116 1572 1243 1657 insulis,

109 1681 209 1747 terris
225 1678 324 1744 cultis
342 1683 375 1744 et
389 1677 531 1759 incultis,
557 1695 629 1743 curu
645 1678 749 1744 tribus
764 1677 863 1761 villis,
892 1697 1029 1762 quarum
1046 1677 1108 1745 due
1127 1699 1243 1747 vocan-

109 1795 162 1854 tur
170 1787 264 1872 Zoyl,
284 1793 317 1852 et
332 1783 435 1851 tercia
445 1784 613 1869 Bywolon,
630 1784 723 1870 ipsas
739 1783 927 1851 eciamcum
947 1785 1042 1852 terris
1058 1785 1106 1853 eis
1122 1805 1243 1872 appen-

111 1895 274 1977 dentibus,
300 1891 423 1977 quade
448 1892 713 1978 possessionibus
737 1890 867 1958 fuerant
889 1893 979 1958 Petri
1005 1893 1045 1960 de
1070 1901 1243 1980 prenotato

111 2002 246 2070 erirnine
273 2000 489 2068 condemnati.
514 2002 629 2066 Preter
643 2001 756 2066 villam
781 2000 1053 2090 uduornicorum,
1080 2003 1135 2087 qui
1155 2005 1242 2070 ultra

110 2111 272 2180 fossatum
289 2115 537 2194 commorantur,
558 2113 591 2174 et
605 2107 690 2175 inter
703 2108 819 2176 villam
834 2107 979 2194 ipsorum
994 2115 1027 2176 ct
1038 2109 1179 2178 Abbatis
1194 2119 1244 2179 est

113 2225 303 2288 constructa
328 2217 468 2284 ecclesia
492 2215 605 2282 Sancti
630 2217 728 2283 Petri.
761 2215 965 2284 Contulimus
990 2220 1094 2286 eciam
1122 2229 1243 2288 terram

112 2325 258 2412 Ohcmey
284 2325 391 2393 eidem
405 2324 563 2411 Ecclcaie,
590 2344 689 2408 quarn
717 2327 851 2412 propria
874 2327 1014 2412 pecunia
1038 2329 1176 2394 emimus
1200 2331 1243 2396 ab

111 2433 244 2500 Andrea
269 2433 339 2499 tilio
355 2432 548 2516 Mychaclis.
575 2434 658 2500 Item
681 2433 877 2500 contulimus
901 2433 1008 2501 eidem
1023 2433 1171 2502 Ecclesia
1186 2437 1244 2503 ril-

110 2543 177 2608 lam
193 2543 291 2623 Bata,
319 2559 382 2624 quc
397 2538 459 2605 luit
473 2540 657 2624 Mycbaclis
675 2541 736 2607 filii
752 2540 897 2627 Opudiui
911 2562 971 2628 pro
1000 2563 1050 2628 eo,
1075 2543 1164 2628 quod
1179 2565 1243 2612 scr-

110 2653 204 2718 niens
220 2649 364 2716 Abbatis
379 2656 430 2715 est
447 2647 568 2715 ibidem
583 2649 781 2729 interiectus,
806 2656 840 2716 et
855 2651 1062 2736 postmodum
1078 2651 1119 2720 dc
1133 2653 1243 2720 iulide
1285 2649 1289 2658 ’

112 2760 206 2826 litate
221 2776 335 2824 eorum
350 2754 456 2838 Regni
472 2755 682 2840 Magnetibus
700 2764 751 2823 est
766 2758 942 2842 conuictus,
963 2760 1137 2826 cumomni
1154 2766 1243 2828 terra

112 2868 155 2934 ad
170 2868 280 2953 ipsum
288 2863 482 2950 pertinente.
499 2862 702 2932 contulimus
719 2866 823 2932 eciam
839 2865 945 2933 eidem
956 2867 1104 2934 Ecclesia
1113 2869 1239 2955 villam,

113 2994 175 3060 que
189 2979 328 3042 vocatur
341 2974 466 3054 Sawar,
483 2992 505 3037 a
521 2980 629 3040 castro
645 2973 829 3058 Baobyensi
850 2980 1045 3059 exemptam,
1064 2993 1137 3040 cum
1152 2982 1241 3042 terra

115 3083 175 3150 sibi
190 3079 402 3167 appendente
417 3079 451 3144 in
468 3079 569 3162 silvis,
595 3085 627 3144 ct
643 3080 676 3144 in
692 3081 810 3165 pratis,
827 3087 860 3146 et
875 3077 909 3143 in
924 3077 1019 3144 terris
1035 3079 1131 3146 cultis
1146 3087 1179 3146 et
1194 3081 1240 3146 in·

114 3190 218 3273 cultis,
236 3197 270 3254 et
284 3188 423 3271 triginta
434 3187 659 3254 mansionibus
670 3194 847 3271 aratorum,
864 3187 980 3272 quibus
990 3185 1142 3252 Ecclesia
1151 3186 1241 3256 Bele-

113 3299 209 3368 tontis
224 3295 532 3364 modumseruiendi
548 3296 713 3362 ordinauit
728 3296 761 3362 in
771 3298 858 3362 hunc
874 3295 1024 3361 modum:
1041 3296 1128 3380 quod
1147 3296 1241 3363 liberi

113 3408 176 3474 sint
192 3425 213 3470 a
229 3404 371 3472 servicio
386 3403 499 3485 aratri,
528 3403 588 3470 sed
603 3405 748 3487 quelibet
771 3402 900 3471 mansio
920 3407 1047 3470 tenetur
1072 3405 1240 3472 aunuatim

113 3517 240 3582 solvere
254 3512 404 3580 Ecclesie
433 3531 531 3578 vnum
556 3512 726 3598 fertonem,
752 3517 785 3578 et
809 3510 1029 3596 quadraginta
1053 3531 1173 3579 aeones
1200 3514 1240 3582 dc

114 3642 245 3692 annona
260 3642 326 3688 nou
342 3621 485 3706 propria,
514 3621 573 3688 aed
588 3621 730 3689 Abbatis
754 3622 846 3688 etad
872 3620 1103 3688 monasterium
1128 3621 1240 3707 depor-

112 3743 189 3816 tare,
206 3737 240 3797 et
254 3736 407 3796 tenentur
421 3729 579 3812 gallinam
591 3749 690 3796 unam
706 3728 786 3795 darc
802 3729 930 3814 singule
947 3728 1142 3795 mansiones.
1158 3731 1241 3794 Item

112 3838 307 3908 contulimus
323 3837 429 3902 eidem
445 3837 593 3904 Ecclesie
618 3843 686 3902 tres
703 3835 801 3902 villas
823 3837 858 3901 in
874 3833 1038 3902 comitatu
1054 3833 1241 3918 Baehyensi

111 3949 313 4031 constitutas,
345 3943 406 4011 scd
430 3945 473 4009 ad
498 3952 641 4011 castrum
659 3943 907 4028 Budruginense
933 3942 1152 4027 pertinentes,
1179 3961 1242 4026 que

112 4061 245 4142 propter
260 4055 408 4119 locorum
425 4051 622 4118 distauoiam
638 4052 743 4118 eidem
760 4051 855 4136 quasi
873 4050 1006 4116 inutiles
1015 4047 1239 4132 habebantur,

112 4181 247 4248 quarum
263 4179 333 4224 una
347 4163 483 4225 vocatur
499 4156 645 4243 Oronati,
667 4158 734 4224 alia
750 4158 917 4247 Oooohka,
933 4157 1036 4222 tercia
1047 4159 1152 4239 Pyros
1168 4175 1241 4222 cum

111 4271 258 4338 omuibus
285 4265 383 4334 terris
400 4285 523 4349 earum,
550 4285 688 4349 quarum
706 4266 913 4333 habitatores
939 4264 981 4329 ab
997 4261 1145 4328 Ecclesia
1170 4263 1242 4328 sub-

111 4380 253 4447 ieccione
277 4396 346 4444 nou
372 4381 510 4460 possunt
534 4375 696 4458 recedere,
724 4393 784 4440 neo
800 4371 949 4438 Ecclesia
972 4370 1062 4436 valet
1083 4389 1141 4436 eos
1156 4370 1242 4439 vltra

110 4498 297 4556 consuetum
326 4484 474 4550 debitum
499 4501 693 4568 aggrauare‚
721 4481 808 4548 omni
833 4487 943 4546 autom
968 4499 1073 4561 anno,
1099 4477 1242 4563 quelibet

109 4598 231 4664 mansio
250 4599 384 4660 tenetur
401 4589 481 4656 dare
491 4596 563 4658 octo
580 4609 699 4658 aeones
715 4591 789 4675 puri
804 4587 966 4671 frumenti,
987 4591 1019 4651 et
1035 4585 1173 4670 quilibet
1182 4609 1241 4656 aco
