3226 5194
608 257 761 362 juo-

119 455 179 540 qui
193 452 362 522 venientes
387 473 445 540 per
459 461 582 523 terram
596 453 698 524 Sudal
724 453 883 542 captivati
898 461 974 523 sunt
988 456 1118 523 e‘Duee
1136 455 1252 543 Sudel,

120 568 156 630 et
179 563 307 630 litteras
329 561 413 648 Regi
438 562 559 632 missas
575 564 651 629 Dux
676 562 733 630 ille
748 562 874 650 reeepit
899 563 944 630 ab
969 562 1037 648 eis;
1064 569 1097 630 et
1123 565 1253 649 legatos

121 671 215 754 ipsos
230 689 304 736 eum
319 669 418 738 soeiis
443 669 523 736 mibi
537 668 701 756 deputatis
718 669 816 738 etiam
832 669 912 736 vidi.
936 669 1106 737 Prediotas
1123 671 1249 738 litteras

122 797 145 843 a
155 778 360 844 DooeSndal
376 776 455 844 mibi
471 776 568 845 datas
584 775 628 842 ad
637 778 761 860 Regem
772 778 917 862 ngarie
937 777 1118 862 deportavi.
1131 776 1253 844 Littera

123 893 235 952 autem
261 885 381 969 seripte
408 892 483 952 sunt
508 884 624 952 litteris
650 883 801 971 paganis,
827 883 887 951 sed
911 883 1024 968 lingua
1047 885 1251 951 Tharlariea.

123 991 221 1058 Unde
236 994 307 1059 Rex
323 1011 392 1076 eae,
416 993 471 1076 qui
488 991 614 1077 possint
632 991 742 1074 legere
756 993 875 1061 multos
890 991 1033 1075 invenit,
1058 992 1117 1059 sed
1131 989 1252 1059 intelli·

124 1104 241 1182 gentes
266 1098 376 1164 nullos
391 1097 525 1166 invenit.
552 1098 621 1167 Nos
638 1105 837 1165 autemeam
862 1099 1074 1166 transiremus
1098 1118 1158 1184 per
1172 1096 1249 1164 Gar·

124 1203 339 1290 maniamff),
355 1204 522 1272 eivitatem
546 1225 700 1289 magnam
725 1225 902 1292 paganam,
927 1206 1100 1292 quemdam
1128 1203 1252 1274 inveni-

125 1333 210 1399 mus,
236 1312 292 1396 qui
317 1332 375 1381 eas
399 1313 494 1382 nobis
519 1320 570 1381 est
592 1314 834 1401 interpretatus.
860 1317 921 1382 list
945 1321 1054 1383 autem
1077 1313 1137 1380 heo
1154 1315 1253 1381 iuter-

126 1419 289 1506 pretatio:

240 1527 331 1615 ,Ego
348 1527 473 1614 Ohaym
500 1531 634 1597 nuntius
653 1531 753 1614 Regis
776 1528 926 1614 celeste,
953 1529 1006 1597 eui
1030 1528 1121 1597 dedit
1144 1535 1254 1615 poten·

127 1635 211 1702 tiam
235 1639 478 1721 superterram
503 1636 700 1706 subicientes
726 1639 760 1705 in
776 1658 813 1705 se
838 1638 989 1722 exaltari,
1016 1645 1050 1704 et
1073 1637 1257 1724 deprimere

129 1740 356 1810 adversantes.
372 1742 472 1810 Miror
487 1743 529 1810 de
544 1750 586 1828 te,
606 1745 677 1812 Rex
691 1744 848 1830 Ungerie,
864 1745 952 1828 quod
964 1763 1037 1810 oum
1053 1743 1197 1810 miserim
1212 1745 1256 1810 ad

129 1857 163 1918 te
189 1851 257 1918 iam
274 1850 440 1918 trieesima
454 1851 526 1918 viee
542 1851 681 1936 legatos,
707 1870 810 1936 quare
833 1848 946 1919 adme
970 1850 1094 1918 nullum
1118 1851 1257 1918 remittis

130 1977 173 2024 ex
199 1955 351 2026 eisdem?
375 1957 436 2026 sed
449 1977 511 2024 nee
530 1958 661 2025 nuntios
686 1965 760 2026 tuos
774 1957 828 2026 vel
852 1958 980 2026 litteras
1006 1957 1085 2024 mibi
1108 1956 1255 2026 remittis.

130 2064 218 2150 Seio,
244 2063 332 2151 quod
348 2067 418 2133 Rex
442 2066 536 2134 dives
561 2086 597 2134 es
622 2073 655 2134 el·
670 2073 797 2153 potens,
824 2072 857 2132 et
874 2066 994 2134 multos
1020 2065 1082 2132 sub
1097 2071 1130 2133 te
1154 2065 1257 2132 habes

131 2173 264 2257 milites,
280 2173 609 2258 solusquegubernes
625 2192 778 2255 magnum
788 2174 947 2256 Regnum.
964 2171 1107 2256 Ideoque
1123 2169 1257 2238 dillieile

132 2287 249 2366 sponte
266 2287 298 2348 te
313 2280 393 2347 mihi
407 2279 549 2366 subiois;
568 2280 682 2347 melius
691 2279 751 2346 tibi
765 2286 875 2346 tamen
891 2285 977 2348 esset
992 2286 1025 2346 et
1033 2279 1210 2364 salubrius,
1226 2281 1255 2345 si

130 2393 164 2453 te
180 2385 347 2454 subicerer
371 2395 487 2474 sponte
509 2386 600 2455 mihi.
625 2387 776 2456 Intellexi
802 2387 944 2474 insuper,
970 2385 1058 2470 quod
1083 2385 1256 2470 Cumanos,

132 2512 243 2562 servos
260 2513 360 2579 meos,
387 2495 448 2562 snb
464 2502 521 2560 tua
535 2494 736 2580 proteetione
751 2493 920 2575 detineas3
947 2493 1034 2560 unde
1048 2494 1168 2560 mando
1184 2493 1256 2577 tibi,

132 2621 173 2668 ne
192 2618 248 2665 eos
265 2599 307 2664 de
323 2605 431 2666 eetero
456 2598 543 2684 apud
560 2607 593 2665 te
609 2618 672 2666 non
688 2608 813 2683 teneas,
838 2605 871 2665 et
886 2618 937 2664 me
951 2598 1176 2666 adversarium
1195 2599 1256 2665 tibi

133 2725 198 2773 non
214 2704 338 2772 habeas
348 2711 481 2791 propter
493 2705 605 2791 ipsos;
622 2704 754 2772 iaeilius
770 2705 915 2771 estenim
932 2707 980 2771 eis
992 2702 1143 2788 evadere,
1159 2723 1256 2787 quam

131 2813 214 2898 tibi3
231 2811 309 2896 quia
324 2812 372 2878 illi
388 2815 459 2878 sine
474 2812 623 2882 domibus
639 2833 711 2879 eum
727 2812 876 2880 tentoriis
892 2810 1097 2878 ambulantes
1119 2819 1257 2897 possunt

131 2920 270 2987 forsitan
280 2919 431 3005 evadere,
447 2926 481 2986 tu
497 2927 607 2988 autem
617 2922 651 2986 in
668 2921 818 2986 domibus
835 2918 997 3001 babitans,
1014 2917 1258 2986 heberaeostre

133 3033 167 3094 et
183 3026 345 3113 civitates,
362 3027 501 3110 qualiter
516 3027 655 3112 effugies
672 3046 786 3094 manus
807 3025 962 3093 meas?1“

242 3131 308 3200 Sed
322 3134 384 3201 hee
399 3153 465 3200 nou
480 3133 728 3219 pretermittam.
754 3133 874 3200 Iterum
890 3130 966 3199 dum
981 3150 1043 3216 ego
1065 3135 1206 3200 remansi
1222 3135 1256 3202 in

132 3243 393 3328 ouriaRomana,
410 3249 636 3329 precesserunt
645 3262 697 3309 me
711 3242 755 3308 ad
764 3241 918 3324 Magnam
928 3239 1108 3325 ngariam
1117 3249 1258 3325 quatuor

131 3352 252 3417 iratres
277 3350 352 3434 mei,
378 3351 433 3432 qui
457 3351 713 3435 pertransientes
737 3367 797 3432 per
812 3351 931 3412 terram
951 3346 1063 3431 Sudal,
1089 3347 1257 3415 infinibus

133 3456 239 3541 Regni
255 3457 324 3524 eius
339 3462 546 3523 amnuerunt
569 3453 765 3537 quibusdem
780 3453 922 3539 Ungeris
940 3453 1082 3539 paganis
1106 3454 1256 3539 fugienti-

134 3567 196 3631 bus
212 3585 234 3629 a
247 3564 332 3630 faeie
347 3564 589 3646 Thertarorum,
613 3562 670 3645 qui
684 3561 825 3629 libenter
840 3562 937 3628 iidem
952 3559 1155 3630 Catholieem
1171 3584 1258 3633 reee-

134 3674 271 3760 pissent.
310 3673 352 3737 Et
379 3669 455 3739 dum
487 3691 600 3738 versus
626 3669 807 3753 Ungariam
832 3668 1050 3737 Christianam
1081 3672 1256 3757 venissent,

133 3780 272 3846 audieus
289 3781 364 3846 Dux
381 3777 547 3864 prediatus
563 3778 604 3844 de
620 3776 735 3862 Sudal,
750 3776 940 3860 indignatus
961 3777 1117 3845 fratribus
1132 3777 1257 3862 predio·

133 3888 176 3953 tis
192 3887 353 3954 revocatis
365 3885 514 3970 inhibuit,
530 3906 573 3952 ne
587 3885 696 3970 legem
706 3886 886 3951 Romanam
897 3884 1102 3970 predicarent
1112 3885 1256 3970 ngaris

134 3995 330 4078 memoratis,
356 3997 389 4059 at
404 3998 537 4077 propter
551 3993 613 4058 hoo
629 3990 754 4075 expulit
778 3989 897 4057 fratres
919 3988 1084 4076 prediatus
1109 3992 1151 4058 de
1167 3999 1256 4059 terra

135 4123 215 4188 sua;
241 4109 350 4168 tamen
374 4100 500 4182 absque
525 4097 687 4182 molestia,
713 4097 770 4181 qui
794 4097 942 4165 nolentes
965 4096 1082 4180 redire,
1110 4105 1143 4164 et
1168 4099 1256 4166 viam

134 4210 255 4276 laetam
273 4209 369 4274 faeile
386 4205 559 4291 dimittere,
576 4203 824 4273 declinaverunt
838 4203 882 4271 ad
898 4204 1062 4271 civitatem
1083 4205 1255 4294 Renessue,

134 4321 164 4387 si
179 4319 267 4386 uiam
282 4317 452 4402 haberent,
477 4322 514 4382 ut
528 4315 561 4385 in
578 4315 731 4400 Magnam
746 4315 938 4402 Ungarlam,
955 4314 1008 4380 vel
1024 4313 1068 4379 ad
1083 4312 1256 4383 Morduea·

135 4448 205 4513 uos,
222 4425 277 4493 uel
291 4424 335 4491 ad
349 4423 440 4509 ipsos
455 4423 634 4490 'l'hertaros
650 4423 894 4508 pertransirent.
920 4421 1054 4490 Duobus
1071 4427 1180 4488 autem
1195 4421 1257 4491 ira·

136 4535 238 4606 tribus
262 4532 308 4599 ibi
325 4531 457 4616 relictis,
484 4550 525 4598 ex
541 4531 634 4616 ipsis,
660 4530 827 4599 eonduetis
853 4529 1093 4616 interpretibus,
1119 4529 1153 4594 in
1173 4529 1258 4600 leste
