3252 5198
708 361 730 425 3

634 448 786 461 *a

148 575 217 622 oum
232 555 382 622 Albense
408 553 598 639 capitulum
615 553 738 620 debent
761 552 925 620 adducere
939 553 983 620 ad
1007 554 1115 621 looum
1133 561 1288 640 prenota-

148 669 234 748 tum;
250 667 283 728 et
297 681 389 749 pars,
406 680 471 744 que
486 660 528 727 de
543 667 688 728 uestrum
700 659 854 744 omnium,
870 660 923 728 uel
939 679 1060 745 eorum,
1081 663 1137 746 qui
1153 681 1282 748 presen-

147 778 197 837 tes
212 789 285 837 osse
302 773 458 855 poterunt
483 768 524 834 de
541 768 648 851 uobis,
673 787 731 854 per
746 785 884 852 quorum
900 766 1070 836 arbitrium
1089 767 1125 834 in
1140 769 1213 855 ipso
1228 787 1283 835 ne·

148 876 242 962 goeio
267 876 414 943 finaliter
428 873 563 961 prooodi
589 874 750 958 uolumus,
776 875 861 942 siout
883 881 996 960 partes
1021 882 1285 962 assumpserunt,

148 983 283 1050 arbitrio
298 982 465 1066 resilierit,
482 999 567 1068 pena
582 980 680 1047 trium
695 1000 879 1048 marearum
895 980 1091 1068 subiambit,
1111 981 1154 1050 do
1170 983 1285 1072 damp-

147 1090 198 1157 nis
216 1089 320 1156 ariam
337 1087 504 1176 preteritis
519 1089 605 1155 iuter
621 1095 734 1174 partes
748 1087 836 1156 datis
854 1089 930 1158 hino
944 1088 1031 1172 iude,
1049 1089 1134 1157 sieut
1149 1091 1279 1176 dieitur,

147 1197 391 1265 ordinacionem
418 1193 638 1262 omnimodam
662 1195 736 1262 uiae
760 1200 873 1263 noema
896 1195 1027 1264 faeiatis
1055 1197 1141 1266 inter
1154 1207 1279 1286 partos·

147 1305 264 1372 Partes
279 1304 392 1388 itaque
406 1303 441 1370 in
457 1303 585 1370 oatauis
600 1301 794 1370 Natiuitatis
821 1305 923 1370 Beate
938 1304 1083 1391 Virginis
1099 1326 1210 1374 eoram
1225 1325 1280 1374 no

147 1413 199 1479 bis
226 1408 481 1497 comparebunt,
506 1415 542 1476 et
565 1409 751 1496 Capitulum
774 1411 1032 1497 Wesprimieuse
1054 1413 1214 1482 Mathiam
1238 1413 1281 1482 do

145 1521 221 1587 Wrs
236 1517 433 1603 pristaldum
443 1537 536 1585 suum
554 1518 650 1585 debet
660 1524 803 1586 statuere
813 1519 871 1586 illo
887 1519 952 1608 dia,
962 1520 1007 1587 ad
1022 1522 1084 1588 hoo
1093 1519 1277 1608 dioendum,

145 1637 253 1695 utrum
269 1626 458 1714 Capitulum
474 1627 626 1712 Albense,
646 1647 705 1714 pro
724 1647 788 1714 quo
808 1627 995 1715 Stephanus
1011 1627 1129 1698 (lomes
1144 1629 1278 1716 astabit,

145 1736 295 1804 citauerit
310 1734 356 1803 ad
371 1743 518 1804 nostram
530 1736 735 1822 presenoiam
751 1735 796 1804 ud
811 1736 994 1823 quindenas
1004 1735 1117 1806 Sanoti
1132 1736 1278 1824 Martini,

145 1865 204 1912 neo
218 1864 271 1928 ne,
286 1850 403 1910 oontm
416 1842 604 1930 Capitulum
613 1843 878 1930 wesprimiense.
895 1847 1017 1912 Datum
1031 1844 1123 1911 Bude
1138 1846 1172 1912 iu
1187 1845 1279 1912 ouria

145 1951 273 2025 domiue
282 1951 413 2038 Regina
421 1953 456 2018 in
465 1951 550 2018 faria
559 1951 796 2037 quindenarum
805 1953 1038 2022 Pentoaluostas
1051 1952 1134 2020 laria
1151 1951 1277 2037 quinta.

142 2150 280 2212 (Eredetie
292 2146 472 2215 bdrhdrtydm
492 2149 605 2216 melyrdl
617 2167 635 2203 a
647 2149 793 2218 kirdlynak
806 2149 881 2204 hdtul
896 2151 949 2202 oda
960 2156 1086 2216 uyomott
1107 2147 1226 2218 pseudolo
1241 2147 1279 2199 el-

376 2241 489 2298 vesaett,
502 2251 520 2287 a
531 2235 681 2302 resaprdmi
693 2234 826 2304 lrdptalan
837 2235 1046 2304 levdltdrdban.)

583 2505 843 2515 u—-q-—m

134 3172 195 3236 IX.
214 3167 356 3255 Gerpelp
367 3165 573 3254 pdponnor
580 3164 703 3252 jddroa'
718 3163 866 3228 somnae
881 3163 1077 3249 mepltoppjn,
1093 3159 1174 3248 kopp
1184 3163 1275 3224 radu-

129 3283 194 3365 jdn
209 3299 281 3363 map
298 3273 602 3363 olyiatdzkeddoelrat
618 3272 713 3356 tenui,
728 3269 846 3356 malpelr
861 3293 901 3334 aa
916 3269 1047 3356 epptdai
1058 3269 1276 3356 fepyalemotol

484 3379 664 3446 ullomodo»
678 3377 815 3443 vannat.
839 3379 939 3445 1226.

260 3558 442 3645 Gregorius
468 3557 651 3642 llplsoopus
678 3574 792 3622 servus
817 3573 984 3623 servorum
1009 3553 1073 3620 Dei
1095 3555 1276 3624 vonerabili

137 3669 235 3737 fratri
255 3717 263 3732 .
283 3717 290 3734 .
309 3722 317 3737 .
333 3666 589 3752 arehiepisoopo
605 3661 759 3731 Jadransi
775 3663 915 3730 salutem
936 3667 969 3729 et
984 3661 1207 3747 Apostolioam
1221 3663 1275 3730 be-

137 3776 373 3844 nedictionem.
400 3773 631 3860 sperabamus,
658 3768 754 3855 quod,
775 3790 848 3836 eum
865 3769 906 3836 de
923 3768 1083 3853 qualitate
1098 3776 1203 3836 status
1218 3770 1275 3853 tui,

138 3904 199 3971 pro
216 3905 270 3970 eo,
296 3882 383 3968 quod
399 3882 446 3950 sis
461 3881 495 3947 in
519 3887 644 3948 remoto
661 3879 799 3966 positus,
822 3877 938 3944 haberi
953 3876 993 3943 de
1009 3876 1100 3943 laoili
1115 3875 1273 3943 certitudo

139 4013 204 4059 uon
219 3992 338 4080 possit,
364 3989 426 4057 illa
440 3995 547 4056 mente
562 3986 657 4071 vigili
673 3985 820 4055 studeres
836 3985 974 4069 efficere,
1002 4002 1060 4070 per
1076 4001 1161 4067 quae
1179 3980 1274 4050 nobis

139 4099 341 4186 quandoque
357 4103 532 4184 eonstarat,
550 4105 583 4163 te
598 4096 754 4162 virtutum
769 4091 954 4178 fragrantia
970 4111 1031 4178 pro
1046 4089 1273 4175 Redemptoris

139 4211 257 4296 gloria,
274 4213 307 4276 ot
322 4209 431 4276 salute
447 4205 507 4273 tibi
523 4202 690 4273 oommissi
704 4202 819 4291 populi
834 4199 994 4268 redolere.
1016 4197 1082 4264 Sed
1097 4217 1184 4280 aeos,
1202 4217 1274 4264 oon·

138 4319 274 4386 trorlum
300 4337 344 4385 ax
360 4334 400 4381 eo
417 4312 599 4396 didloimus,
625 4311 836 4393 admirantes,
862 4306 960 4392 quod,
985 4325 1059 4372 oum
1084 4303 1217 4389 quidam
1233 4323 1275 4369 ex

137 4428 266 4496 dileetis
284 4422 365 4494 liliis
391 4421 548 4488 fratribus
565 4417 699 4488 Ordinis
714 4419 889 4500 Minorum,
914 4413 971 4499 qui
989 4413 1058 4480 fere
1081 4411 1164 4479 nihil
1183 4409 1274 4478 aliud

134 4543 298 4624 quaerunt
315 4531 371 4599 vel
388 4529 546 4614 eogitant,
574 4527 639 4596 nisi
654 4523 743 4610 quod
763 4524 913 4608 singulae
938 4521 1105 4587 homiuum
1123 4518 1273 4586 nationes

131 4645 246 4713 Dirini
263 4641 360 4710 oultu
385 4637 527 4705 nominis
549 4635 791 4721 refulgesoant,
818 4631 862 4700 ad
882 4630 1048 4699 divitatem
1066 4627 1271 4730 ledrensem,

1068 4745 1084 4798 1
1096 4747 1112 4782 1
