<?xml version="1.0" encoding="UTF-8"?>
<!DOCTYPE html PUBLIC "-//W3C//DTD XHTML 1.0 Transitional//EN"
    "http://www.w3.org/TR/xhtml1/DTD/xhtml1-transitional.dtd">
<html xmlns="http://www.w3.org/1999/xhtml" xml:lang="en" lang="en">
 <head>
  <title>
</title>
<meta http-equiv="Content-Type" content="text/html;charset=utf-8" />
  <meta name='ocr-system' content='tesseract 3.04.00' />
  <meta name='ocr-capabilities' content='ocr_page ocr_carea ocr_par ocr_line ocrx_word'/>
</head>
<body>
  <div class='ocr_page' id='page_1' title='image "./codexdiplomatic18wenzgoog_0405.png"; bbox 0 0 3168 5186; ppageno 0'>
   <div class='ocr_carea' id='block_1_1' title="bbox 100 1069 1247 1268">
    <p class='ocr_par' dir='ltr' id='par_1_1' title="bbox 100 1069 1247 1268">
     <span class='ocr_line' id='line_1_1' title="bbox 100 1069 1247 1161; baseline 0.006 -27"><span class='ocrx_word' id='word_1_1' title='bbox 100 1069 245 1150; x_wconf 76' lang='lat' dir='ltr'>Milatos,</span> <span class='ocrx_word' id='word_1_2' title='bbox 261 1069 378 1158; x_wconf 73' lang='lat' dir='ltr'>hirdlpi</span> <span class='ocrx_word' id='word_1_3' title='bbox 393 1069 542 1155; x_wconf 73' lang='lat' dir='ltr'>flltdlaok</span> <span class='ocrx_word' id='word_1_4' title='bbox 556 1095 576 1136; x_wconf 84' lang='lat' dir='ltr'>a</span> <span class='ocrx_word' id='word_1_5' title='bbox 591 1071 695 1158; x_wconf 57' lang='lat' dir='ltr'>madly</span> <span class='ocrx_word' id='word_1_6' title='bbox 713 1073 977 1160; x_wconf 72' lang='lat' dir='ltr'>mephapyrtucibol</span> <span class='ocrx_word' id='word_1_7' title='bbox 993 1075 1138 1161; x_wconf 78' lang='lat' dir='ltr'>Somopy,</span> <span class='ocrx_word' id='word_1_8' title='bbox 1163 1074 1247 1142; x_wconf 78' lang='lat' dir='ltr'>Zela</span> 
     </span>
     <span class='ocr_line' id='line_1_2' title="bbox 187 1177 1170 1268; baseline 0.006 -27"><span class='ocrx_word' id='word_1_9' title='bbox 187 1183 224 1241; x_wconf 81' lang='lat' dir='ltr'>e&#39;s</span> <span class='ocrx_word' id='word_1_10' title='bbox 251 1177 410 1265; x_wconf 71' lang='lat' dir='ltr'>szpre&#39;m</span> <span class='ocrx_word' id='word_1_11' title='bbox 425 1177 602 1266; x_wconf 75' lang='lat' dir='ltr'>nccpyc&#39;lrbcn</span> <span class='ocrx_word' id='word_1_12' title='bbox 618 1179 684 1244; x_wconf 81' lang='lat' dir='ltr'>to&#39;bb</span> <span class='ocrx_word' id='word_1_13' title='bbox 700 1181 891 1268; x_wconf 74' lang='lat' dir='ltr'>birwkiiqyet</span> <span class='ocrx_word' id='word_1_14' title='bbox 904 1180 1053 1248; x_wconf 70' lang='lat' dir='ltr'>eluendos.</span> <span class='ocrx_word' id='word_1_15' title='bbox 1071 1181 1170 1247; x_wconf 78' lang='lat'><em>1254.</em></span> 
     </span>
    </p>
   </div>
   <div class='ocr_carea' id='block_1_2' title="bbox 102 1339 1245 4672">
    <p class='ocr_par' dir='ltr' id='par_1_2' title="bbox 102 1339 1245 4672">
     <span class='ocr_line' id='line_1_3' title="bbox 224 1339 1245 1430; baseline 0.005 -24"><span class='ocrx_word' id='word_1_16' title='bbox 224 1339 296 1409; x_wconf 86' lang='lat' dir='ltr'>Nos</span> <span class='ocrx_word' id='word_1_17' title='bbox 311 1340 469 1411; x_wconf 85' lang='lat' dir='ltr'>Nicolaus</span> <span class='ocrx_word' id='word_1_18' title='bbox 479 1340 541 1408; x_wconf 90' lang='lat' dir='ltr'>Dei</span> <span class='ocrx_word' id='word_1_19' title='bbox 558 1340 671 1426; x_wconf 88' lang='lat' dir='ltr'>gracia</span> <span class='ocrx_word' id='word_1_20' title='bbox 685 1341 843 1428; x_wconf 75' lang='lat' dir='ltr'><strong>Magister</strong></span> <span class='ocrx_word' id='word_1_21' title='bbox 856 1342 1085 1430; x_wconf 87' lang='lat' dir='ltr'>Dapilerorum</span> <span class='ocrx_word' id='word_1_22' title='bbox 1104 1339 1245 1412; x_wconf 83' lang='lat' dir='ltr'>illustris</span> 
     </span>
     <span class='ocr_line' id='line_1_4' title="bbox 102 1448 1243 1541; baseline 0.004 -28"><span class='ocrx_word' id='word_1_23' title='bbox 102 1448 191 1516; x_wconf 91' lang='lat' dir='ltr'>Bele</span> <span class='ocrx_word' id='word_1_24' title='bbox 209 1451 315 1534; x_wconf 89' lang='lat' dir='ltr'>Regis</span> <span class='ocrx_word' id='word_1_25' title='bbox 327 1450 497 1536; x_wconf 87' lang='lat' dir='ltr'>Hungarie</span> <span class='ocrx_word' id='word_1_26' title='bbox 506 1448 681 1534; x_wconf 81' lang='lat' dir='ltr'>uniuersis,</span> <span class='ocrx_word' id='word_1_27' title='bbox 696 1449 741 1517; x_wconf 89' lang='lat' dir='ltr'>ad</span> <span class='ocrx_word' id='word_1_28' title='bbox 756 1469 837 1535; x_wconf 89' lang='lat' dir='ltr'>quos</span> <span class='ocrx_word' id='word_1_29' title='bbox 853 1471 988 1537; x_wconf 81' lang='lat' dir='ltr'>presens</span> <span class='ocrx_word' id='word_1_30' title='bbox 1003 1451 1158 1537; x_wconf 90' lang='lat' dir='ltr'>scriptum</span> <span class='ocrx_word' id='word_1_31' title='bbox 1170 1472 1243 1541; x_wconf 88' lang='lat' dir='ltr'>per-</span> 
     </span>
     <span class='ocr_line' id='line_1_5' title="bbox 102 1556 1243 1628; baseline 0.002 -4"><span class='ocrx_word' id='word_1_32' title='bbox 102 1556 246 1624; x_wconf 88' lang='lat' dir='ltr'>uenerit</span> <span class='ocrx_word' id='word_1_33' title='bbox 262 1557 400 1624; x_wconf 89' lang='lat' dir='ltr'>salutem</span> <span class='ocrx_word' id='word_1_34' title='bbox 416 1565 450 1624; x_wconf 90' lang='lat' dir='ltr'>et</span> <span class='ocrx_word' id='word_1_35' title='bbox 465 1577 560 1625; x_wconf 86' lang='lat' dir='ltr'>omne</span> <span class='ocrx_word' id='word_1_36' title='bbox 576 1556 706 1623; x_wconf 91' lang='lat' dir='ltr'>bonum.</span> <span class='ocrx_word' id='word_1_37' title='bbox 732 1556 814 1624; x_wconf 80' lang='lat' dir='ltr'>(lum</span> <span class='ocrx_word' id='word_1_38' title='bbox 831 1558 874 1624; x_wconf 88' lang='lat' dir='ltr'>ad</span> <span class='ocrx_word' id='word_1_39' title='bbox 890 1558 1109 1627; x_wconf 83' lang='lat' dir='ltr'>recensendos</span> <span class='ocrx_word' id='word_1_40' title='bbox 1130 1559 1243 1628; x_wconf 83' lang='lat' dir='ltr'>uduor-</span> 
     </span>
     <span class='ocr_line' id='line_1_6' title="bbox 104 1667 1245 1757; baseline 0.001 -24"><span class='ocrx_word' id='word_1_41' title='bbox 104 1667 206 1734; x_wconf 91' lang='lat' dir='ltr'>nicos</span> <span class='ocrx_word' id='word_1_42' title='bbox 225 1687 305 1735; x_wconf 90' lang='lat' dir='ltr'>suos</span> <span class='ocrx_word' id='word_1_43' title='bbox 321 1687 380 1754; x_wconf 90' lang='lat' dir='ltr'>per</span> <span class='ocrx_word' id='word_1_44' title='bbox 396 1667 581 1734; x_wconf 83' lang='lat' dir='ltr'>uniuersum</span> <span class='ocrx_word' id='word_1_45' title='bbox 597 1669 745 1751; x_wconf 81' lang='lat' dir='ltr'>Regnum</span> <span class='ocrx_word' id='word_1_46' title='bbox 761 1667 915 1754; x_wconf 84' lang='lat' dir='ltr'>anarie</span> <span class='ocrx_word' id='word_1_47' title='bbox 932 1668 1123 1736; x_wconf 87' lang='lat' dir='ltr'>constitutos</span> <span class='ocrx_word' id='word_1_48' title='bbox 1147 1688 1245 1757; x_wconf 89' lang='lat' dir='ltr'>super</span> 
     </span>
     <span class='ocr_line' id='line_1_7' title="bbox 104 1773 1244 1863; baseline 0.004 -23"><span class='ocrx_word' id='word_1_49' title='bbox 104 1782 201 1843; x_wconf 85' lang='lat' dir='ltr'>terra</span> <span class='ocrx_word' id='word_1_50' title='bbox 218 1776 398 1844; x_wconf 87' lang='lat' dir='ltr'>eorundem</span> <span class='ocrx_word' id='word_1_51' title='bbox 424 1775 645 1843; x_wconf 82' lang='lat' dir='ltr'>examinanda</span> <span class='ocrx_word' id='word_1_52' title='bbox 660 1796 682 1843; x_wconf 86' lang='lat' dir='ltr'>a</span> <span class='ocrx_word' id='word_1_53' title='bbox 698 1773 827 1844; x_wconf 91' lang='lat' dir='ltr'>domino</span> <span class='ocrx_word' id='word_1_54' title='bbox 843 1779 934 1860; x_wconf 87' lang='lat' dir='ltr'>Rege</span> <span class='ocrx_word' id='word_1_55' title='bbox 956 1795 1057 1863; x_wconf 85' lang='lat' dir='ltr'>supra</span> <span class='ocrx_word' id='word_1_56' title='bbox 1079 1780 1244 1845; x_wconf 87' lang='lat' dir='ltr'>nominato</span> 
     </span>
     <span class='ocr_line' id='line_1_8' title="bbox 104 1883 1240 1971; baseline 0.004 -22"><span class='ocrx_word' id='word_1_57' title='bbox 104 1884 284 1952; x_wconf 86' lang='lat' dir='ltr'>constituti</span> <span class='ocrx_word' id='word_1_58' title='bbox 301 1883 484 1968; x_wconf 80' lang='lat' dir='ltr'>fuissemus,</span> <span class='ocrx_word' id='word_1_59' title='bbox 508 1891 541 1950; x_wconf 87' lang='lat' dir='ltr'>et</span> <span class='ocrx_word' id='word_1_60' title='bbox 554 1885 589 1951; x_wconf 90' lang='lat' dir='ltr'>iu</span> <span class='ocrx_word' id='word_1_61' title='bbox 604 1883 678 1970; x_wconf 87' lang='lat' dir='ltr'>ipso</span> <span class='ocrx_word' id='word_1_62' title='bbox 693 1885 831 1969; x_wconf 88' lang='lat' dir='ltr'>negocio</span> <span class='ocrx_word' id='word_1_63' title='bbox 848 1883 1038 1969; x_wconf 81' lang='lat' dir='ltr'>exequendo</span> <span class='ocrx_word' id='word_1_64' title='bbox 1054 1885 1098 1952; x_wconf 86' lang='lat' dir='ltr'>ad</span> <span class='ocrx_word' id='word_1_65' title='bbox 1113 1887 1240 1971; x_wconf 91' lang='lat' dir='ltr'>prouin-</span> 
     </span>
     <span class='ocr_line' id='line_1_9' title="bbox 105 1991 1244 2078; baseline 0.002 -20"><span class='ocrx_word' id='word_1_66' title='bbox 105 1993 198 2058; x_wconf 88' lang='lat' dir='ltr'>eiam</span> <span class='ocrx_word' id='word_1_67' title='bbox 217 1993 450 2078; x_wconf 89' lang='lat' dir='ltr'>Simigiensem</span> <span class='ocrx_word' id='word_1_68' title='bbox 465 1991 739 2078; x_wconf 87' lang='lat' dir='ltr'>peruenissemus,</span> <span class='ocrx_word' id='word_1_69' title='bbox 756 1991 950 2060; x_wconf 88' lang='lat' dir='ltr'>accedentes</span> <span class='ocrx_word' id='word_1_70' title='bbox 967 1993 1011 2059; x_wconf 88' lang='lat' dir='ltr'>ad</span> <span class='ocrx_word' id='word_1_71' title='bbox 1025 2014 1087 2062; x_wconf 92' lang='lat' dir='ltr'>nos</span> <span class='ocrx_word' id='word_1_72' title='bbox 1101 1992 1244 2060; x_wconf 81' lang='lat' dir='ltr'>uniuersi</span> 
     </span>
     <span class='ocr_line' id='line_1_10' title="bbox 104 2098 1243 2188; baseline 0.003 -22"><span class='ocrx_word' id='word_1_73' title='bbox 104 2100 201 2168; x_wconf 92' lang='lat' dir='ltr'>illius</span> <span class='ocrx_word' id='word_1_74' title='bbox 229 2099 398 2188; x_wconf 86' lang='lat' dir='ltr'>prouincia</span> <span class='ocrx_word' id='word_1_75' title='bbox 414 2098 593 2168; x_wconf 85' lang='lat' dir='ltr'>wduomioi</span> <span class='ocrx_word' id='word_1_76' title='bbox 616 2106 649 2166; x_wconf 93' lang='lat' dir='ltr'>et</span> <span class='ocrx_word' id='word_1_77' title='bbox 665 2099 841 2166; x_wconf 87' lang='lat' dir='ltr'>eorundem</span> <span class='ocrx_word' id='word_1_78' title='bbox 852 2099 1049 2184; x_wconf 89' lang='lat' dir='ltr'>jobagiones</span> <span class='ocrx_word' id='word_1_79' title='bbox 1073 2102 1243 2185; x_wconf 77' lang='lat' dir='ltr'>conquesti</span> 
     </span>
     <span class='ocr_line' id='line_1_11' title="bbox 107 2205 1241 2294; baseline 0.002 -19"><span class='ocrx_word' id='word_1_80' title='bbox 107 2217 198 2294; x_wconf 88' lang='lat' dir='ltr'>sunt,</span> <span class='ocrx_word' id='word_1_81' title='bbox 218 2208 308 2292; x_wconf 85' lang='lat' dir='ltr'>quod</span> <span class='ocrx_word' id='word_1_82' title='bbox 317 2208 430 2274; x_wconf 86' lang='lat' dir='ltr'>Abbas</span> <span class='ocrx_word' id='word_1_83' title='bbox 445 2206 556 2274; x_wconf 87' lang='lat' dir='ltr'>Sancti</span> <span class='ocrx_word' id='word_1_84' title='bbox 567 2205 698 2274; x_wconf 84' lang='lat' dir='ltr'>Martini</span> <span class='ocrx_word' id='word_1_85' title='bbox 713 2207 754 2274; x_wconf 79' lang='lat' dir='ltr'>tle</span> <span class='ocrx_word' id='word_1_86' title='bbox 769 2205 871 2276; x_wconf 82' lang='lat' dir='ltr'>Sacro</span> <span class='ocrx_word' id='word_1_87' title='bbox 880 2209 989 2276; x_wconf 87' lang='lat' dir='ltr'>Monte</span> <span class='ocrx_word' id='word_1_88' title='bbox 1000 2210 1167 2279; x_wconf 89' lang='lat' dir='ltr'>Pannonio</span> <span class='ocrx_word' id='word_1_89' title='bbox 1177 2210 1241 2277; x_wconf 88' lang='lat' dir='ltr'>dno</span> 
     </span>
     <span class='ocr_line' id='line_1_12' title="bbox 107 2314 1242 2402; baseline 0.003 -18"><span class='ocrx_word' id='word_1_90' title='bbox 107 2317 304 2385; x_wconf 89' lang='lat' dir='ltr'>molendina</span> <span class='ocrx_word' id='word_1_91' title='bbox 318 2317 352 2383; x_wconf 95' lang='lat' dir='ltr'>in</span> <span class='ocrx_word' id='word_1_92' title='bbox 368 2323 465 2402; x_wconf 90' lang='lat' dir='ltr'>terra,</span> <span class='ocrx_word' id='word_1_93' title='bbox 491 2335 554 2400; x_wconf 91' lang='lat' dir='ltr'>qne</span> <span class='ocrx_word' id='word_1_94' title='bbox 569 2314 687 2384; x_wconf 88' lang='lat' dir='ltr'>dicitur</span> <span class='ocrx_word' id='word_1_95' title='bbox 702 2315 774 2400; x_wconf 87' lang='lat' dir='ltr'>Sar,</span> <span class='ocrx_word' id='word_1_96' title='bbox 792 2317 835 2384; x_wconf 89' lang='lat' dir='ltr'>ab</span> <span class='ocrx_word' id='word_1_97' title='bbox 851 2315 974 2386; x_wconf 85' lang='lat' dir='ltr'>eisdem</span> <span class='ocrx_word' id='word_1_98' title='bbox 994 2318 1026 2384; x_wconf 92' lang='lat' dir='ltr'>in</span> <span class='ocrx_word' id='word_1_99' title='bbox 1053 2319 1242 2387; x_wconf 87' lang='lat' dir='ltr'>concambio</span> 
     </span>
     <span class='ocr_line' id='line_1_13' title="bbox 107 2422 1241 2514; baseline 0.002 -22"><span class='ocrx_word' id='word_1_100' title='bbox 107 2428 305 2514; x_wconf 78' lang='lat' dir='ltr'>recepisset.</span> <span class='ocrx_word' id='word_1_101' title='bbox 322 2426 444 2493; x_wconf 80' lang='lat' dir='ltr'>Contra</span> <span class='ocrx_word' id='word_1_102' title='bbox 459 2443 540 2510; x_wconf 89' lang='lat' dir='ltr'>quos</span> <span class='ocrx_word' id='word_1_103' title='bbox 556 2422 718 2510; x_wconf 85' lang='lat' dir='ltr'>predictus</span> <span class='ocrx_word' id='word_1_104' title='bbox 733 2423 847 2492; x_wconf 80' lang='lat' dir='ltr'>Abbas</span> <span class='ocrx_word' id='word_1_105' title='bbox 866 2425 1015 2493; x_wconf 83' lang='lat' dir='ltr'>exhibuit</span> <span class='ocrx_word' id='word_1_106' title='bbox 1035 2425 1241 2513; x_wconf 89' lang='lat' dir='ltr'>priuilegium</span> 
     </span>
     <span class='ocr_line' id='line_1_14' title="bbox 107 2533 1244 2622; baseline 0.001 -19"><span class='ocrx_word' id='word_1_107' title='bbox 107 2537 245 2604; x_wconf 83' lang='lat' dir='ltr'>Nicolai</span> <span class='ocrx_word' id='word_1_108' title='bbox 273 2535 331 2602; x_wconf 84' lang='lat' dir='ltr'>tilii</span> <span class='ocrx_word' id='word_1_109' title='bbox 346 2534 429 2601; x_wconf 78' lang='lat' dir='ltr'>Bora</span> <span class='ocrx_word' id='word_1_110' title='bbox 456 2533 619 2620; x_wconf 88' lang='lat' dir='ltr'>qnondam</span> <span class='ocrx_word' id='word_1_111' title='bbox 636 2533 789 2600; x_wconf 83' lang='lat' dir='ltr'>Palatini.</span> <span class='ocrx_word' id='word_1_112' title='bbox 816 2533 916 2602; x_wconf 81' lang='lat' dir='ltr'>Cuius</span> <span class='ocrx_word' id='word_1_113' title='bbox 938 2541 1051 2604; x_wconf 91' lang='lat' dir='ltr'>tenore</span> <span class='ocrx_word' id='word_1_114' title='bbox 1076 2535 1148 2603; x_wconf 88' lang='lat' dir='ltr'>viso</span> <span class='ocrx_word' id='word_1_115' title='bbox 1173 2557 1244 2622; x_wconf 89' lang='lat' dir='ltr'>pre·</span> 
     </span>
     <span class='ocr_line' id='line_1_15' title="bbox 108 2640 1242 2731; baseline 0.003 -21"><span class='ocrx_word' id='word_1_116' title='bbox 108 2645 200 2712; x_wconf 88' lang='lat' dir='ltr'>dicta</span> <span class='ocrx_word' id='word_1_117' title='bbox 217 2642 408 2712; x_wconf 85' lang='lat' dir='ltr'>molendina</span> <span class='ocrx_word' id='word_1_118' title='bbox 423 2641 545 2709; x_wconf 76' lang='lat' dir='ltr'>Abbati</span> <span class='ocrx_word' id='word_1_119' title='bbox 573 2640 689 2709; x_wconf 88' lang='lat' dir='ltr'>relicta</span> <span class='ocrx_word' id='word_1_120' title='bbox 704 2648 778 2708; x_wconf 91' lang='lat' dir='ltr'>sunt</span> <span class='ocrx_word' id='word_1_121' title='bbox 794 2643 837 2709; x_wconf 90' lang='lat' dir='ltr'>ab</span> <span class='ocrx_word' id='word_1_122' title='bbox 854 2643 978 2711; x_wconf 88' lang='lat' dir='ltr'>eisdem</span> <span class='ocrx_word' id='word_1_123' title='bbox 1000 2651 1155 2731; x_wconf 88' lang='lat' dir='ltr'>perpetuo</span> <span class='ocrx_word' id='word_1_124' title='bbox 1172 2665 1242 2731; x_wconf 85' lang='lat' dir='ltr'>pos-</span> 
     </span>
     <span class='ocr_line' id='line_1_16' title="bbox 111 2749 1241 2840; baseline -0.002 -20"><span class='ocrx_word' id='word_1_125' title='bbox 111 2753 265 2824; x_wconf 82' lang='lat' dir='ltr'>sidenda</span> <span class='ocrx_word' id='word_1_126' title='bbox 291 2753 396 2838; x_wconf 81' lang='lat' dir='ltr'>Igitur</span> <span class='ocrx_word' id='word_1_127' title='bbox 410 2749 572 2818; x_wconf 83' lang='lat' dir='ltr'>uniuersis</span> <span class='ocrx_word' id='word_1_128' title='bbox 597 2749 745 2835; x_wconf 79' lang='lat' dir='ltr'>negociis</span> <span class='ocrx_word' id='word_1_129' title='bbox 760 2749 928 2837; x_wconf 80' lang='lat' dir='ltr'>prouincia</span> <span class='ocrx_word' id='word_1_130' title='bbox 944 2751 1152 2838; x_wconf 87' lang='lat' dir='ltr'>Simigiensis</span> <span class='ocrx_word' id='word_1_131' title='bbox 1172 2773 1241 2840; x_wconf 91' lang='lat' dir='ltr'>per-</span> 
     </span>
     <span class='ocr_line' id='line_1_17' title="bbox 109 2857 1241 2948; baseline -0.003 -18"><span class='ocrx_word' id='word_1_132' title='bbox 109 2864 194 2931; x_wconf 83' lang='lat' dir='ltr'>actis</span> <span class='ocrx_word' id='word_1_133' title='bbox 211 2862 380 2931; x_wconf 85' lang='lat' dir='ltr'>venientes</span> <span class='ocrx_word' id='word_1_134' title='bbox 390 2857 434 2926; x_wconf 90' lang='lat' dir='ltr'>ad</span> <span class='ocrx_word' id='word_1_135' title='bbox 443 2858 647 2947; x_wconf 90' lang='lat' dir='ltr'>prouinciam</span> <span class='ocrx_word' id='word_1_136' title='bbox 658 2859 750 2943; x_wconf 87' lang='lat' dir='ltr'>Zala,</span> <span class='ocrx_word' id='word_1_137' title='bbox 761 2859 944 2927; x_wconf 90' lang='lat' dir='ltr'>inuenimus</span> <span class='ocrx_word' id='word_1_138' title='bbox 957 2881 1118 2948; x_wconf 75' lang='lat' dir='ltr'>agasones</span> <span class='ocrx_word' id='word_1_139' title='bbox 1130 2862 1241 2929; x_wconf 84' lang='lat' dir='ltr'>Sancti</span> 
     </span>
     <span class='ocr_line' id='line_1_18' title="bbox 110 2966 1239 3056; baseline -0.003 -17"><span class='ocrx_word' id='word_1_140' title='bbox 110 2971 246 3039; x_wconf 88' lang='lat' dir='ltr'>Martini</span> <span class='ocrx_word' id='word_1_141' title='bbox 264 2970 326 3037; x_wconf 89' lang='lat' dir='ltr'>sub</span> <span class='ocrx_word' id='word_1_142' title='bbox 342 2974 450 3037; x_wconf 90' lang='lat' dir='ltr'>monte</span> <span class='ocrx_word' id='word_1_143' title='bbox 460 2966 652 3053; x_wconf 83' lang='lat' dir='ltr'>Hygmogos</span> <span class='ocrx_word' id='word_1_144' title='bbox 667 2973 789 3034; x_wconf 87' lang='lat' dir='ltr'>terram</span> <span class='ocrx_word' id='word_1_145' title='bbox 804 2987 898 3034; x_wconf 85' lang='lat' dir='ltr'>suam</span> <span class='ocrx_word' id='word_1_146' title='bbox 914 2966 1034 3035; x_wconf 89' lang='lat' dir='ltr'>habere</span> <span class='ocrx_word' id='word_1_147' title='bbox 1054 2976 1239 3056; x_wconf 82' lang='lat' dir='ltr'>separatam</span> 
     </span>
     <span class='ocr_line' id='line_1_19' title="bbox 111 3075 1240 3160; baseline -0.002 -14"><span class='ocrx_word' id='word_1_148' title='bbox 111 3101 185 3146; x_wconf 90' lang='lat' dir='ltr'>cnm</span> <span class='ocrx_word' id='word_1_149' title='bbox 200 3076 389 3145; x_wconf 83' lang='lat' dir='ltr'>uduornieis</span> <span class='ocrx_word' id='word_1_150' title='bbox 406 3076 448 3142; x_wconf 82' lang='lat' dir='ltr'>(le</span> <span class='ocrx_word' id='word_1_151' title='bbox 463 3077 574 3158; x_wconf 82' lang='lat' dir='ltr'>Keaey</span> <span class='ocrx_word' id='word_1_152' title='bbox 590 3096 612 3141; x_wconf 90' lang='lat' dir='ltr'>a</span> <span class='ocrx_word' id='word_1_153' title='bbox 626 3075 728 3160; x_wconf 82' lang='lat' dir='ltr'>plaga</span> <span class='ocrx_word' id='word_1_154' title='bbox 743 3075 928 3160; x_wconf 86' lang='lat' dir='ltr'>aquilonari</span> <span class='ocrx_word' id='word_1_155' title='bbox 944 3097 1016 3143; x_wconf 91' lang='lat' dir='ltr'>cum</span> <span class='ocrx_word' id='word_1_156' title='bbox 1030 3077 1158 3145; x_wconf 88' lang='lat' dir='ltr'>duabus</span> <span class='ocrx_word' id='word_1_157' title='bbox 1175 3099 1240 3144; x_wconf 88' lang='lat' dir='ltr'>ma·</span> 
     </span>
     <span class='ocr_line' id='line_1_20' title="bbox 111 3181 1239 3272; baseline -0.003 -17"><span class='ocrx_word' id='word_1_158' title='bbox 111 3190 185 3272; x_wconf 89' lang='lat' dir='ltr'>gnis</span> <span class='ocrx_word' id='word_1_159' title='bbox 201 3186 301 3254; x_wconf 89' lang='lat' dir='ltr'>metis</span> <span class='ocrx_word' id='word_1_160' title='bbox 324 3184 439 3253; x_wconf 87' lang='lat' dir='ltr'>terreis</span> <span class='ocrx_word' id='word_1_161' title='bbox 455 3183 499 3250; x_wconf 87' lang='lat' dir='ltr'>ad</span> <span class='ocrx_word' id='word_1_162' title='bbox 516 3181 735 3251; x_wconf 83' lang='lat' dir='ltr'>molendinum</span> <span class='ocrx_word' id='word_1_163' title='bbox 751 3182 871 3270; x_wconf 73' lang='lat' dir='ltr'>Soych,</span> <span class='ocrx_word' id='word_1_164' title='bbox 895 3182 983 3269; x_wconf 90' lang='lat' dir='ltr'>quod</span> <span class='ocrx_word' id='word_1_165' title='bbox 999 3190 1049 3252; x_wconf 84' lang='lat' dir='ltr'>ost</span> <span class='ocrx_word' id='word_1_166' title='bbox 1068 3205 1167 3272; x_wconf 86' lang='lat' dir='ltr'>snper</span> <span class='ocrx_word' id='word_1_167' title='bbox 1183 3185 1239 3252; x_wconf 90' lang='lat' dir='ltr'>flu·</span> 
     </span>
     <span class='ocr_line' id='line_1_21' title="bbox 111 3293 1239 3382; baseline 0 -19"><span class='ocrx_word' id='word_1_168' title='bbox 111 3299 201 3366; x_wconf 88' lang='lat' dir='ltr'>ulum</span> <span class='ocrx_word' id='word_1_169' title='bbox 219 3296 343 3382; x_wconf 83' lang='lat' dir='ltr'>llgrud,</span> <span class='ocrx_word' id='word_1_170' title='bbox 368 3300 402 3362; x_wconf 88' lang='lat' dir='ltr'>et</span> <span class='ocrx_word' id='word_1_171' title='bbox 417 3293 535 3362; x_wconf 91' lang='lat' dir='ltr'>transit</span> <span class='ocrx_word' id='word_1_172' title='bbox 550 3313 609 3378; x_wconf 89' lang='lat' dir='ltr'>per</span> <span class='ocrx_word' id='word_1_173' title='bbox 635 3293 768 3360; x_wconf 89' lang='lat' dir='ltr'>fluuium</span> <span class='ocrx_word' id='word_1_174' title='bbox 784 3294 906 3378; x_wconf 85' lang='lat' dir='ltr'>Egrud,</span> <span class='ocrx_word' id='word_1_175' title='bbox 931 3301 963 3361; x_wconf 89' lang='lat' dir='ltr'>et</span> <span class='ocrx_word' id='word_1_176' title='bbox 979 3294 1069 3362; x_wconf 86' lang='lat' dir='ltr'>vadit</span> <span class='ocrx_word' id='word_1_177' title='bbox 1083 3316 1143 3382; x_wconf 90' lang='lat' dir='ltr'>per</span> <span class='ocrx_word' id='word_1_178' title='bbox 1159 3298 1239 3363; x_wconf 89' lang='lat' dir='ltr'>anti·</span> 
     </span>
     <span class='ocr_line' id='line_1_22' title="bbox 112 3398 1237 3490; baseline -0.002 -17"><span class='ocrx_word' id='word_1_179' title='bbox 112 3427 210 3490; x_wconf 89' lang='lat' dir='ltr'>quum</span> <span class='ocrx_word' id='word_1_180' title='bbox 221 3403 334 3490; x_wconf 84' lang='lat' dir='ltr'>Egrud</span> <span class='ocrx_word' id='word_1_181' title='bbox 349 3423 408 3488; x_wconf 92' lang='lat' dir='ltr'>per</span> <span class='ocrx_word' id='word_1_182' title='bbox 423 3406 529 3488; x_wconf 88' lang='lat' dir='ltr'>prata.</span> <span class='ocrx_word' id='word_1_183' title='bbox 548 3398 628 3469; x_wconf 78' lang='lat' dir='ltr'>(lum</span> <span class='ocrx_word' id='word_1_184' title='bbox 645 3399 832 3470; x_wconf 85' lang='lat' dir='ltr'>vduorntois</span> <span class='ocrx_word' id='word_1_185' title='bbox 848 3420 935 3488; x_wconf 84' lang='lat' dir='ltr'>vero,</span> <span class='ocrx_word' id='word_1_186' title='bbox 952 3403 1006 3487; x_wconf 93' lang='lat' dir='ltr'>qui</span> <span class='ocrx_word' id='word_1_187' title='bbox 1022 3408 1099 3470; x_wconf 88' lang='lat' dir='ltr'>sunt</span> <span class='ocrx_word' id='word_1_188' title='bbox 1114 3403 1148 3470; x_wconf 93' lang='lat' dir='ltr'>in</span> <span class='ocrx_word' id='word_1_189' title='bbox 1159 3405 1237 3490; x_wconf 89' lang='lat' dir='ltr'>Hig-</span> 
     </span>
     <span class='ocr_line' id='line_1_23' title="bbox 113 3507 1237 3600; baseline 0.002 -21"><span class='ocrx_word' id='word_1_190' title='bbox 113 3535 239 3600; x_wconf 91' lang='lat' dir='ltr'>mogos,</span> <span class='ocrx_word' id='word_1_191' title='bbox 258 3517 387 3600; x_wconf 88' lang='lat' dir='ltr'>aparte</span> <span class='ocrx_word' id='word_1_192' title='bbox 403 3507 598 3578; x_wconf 85' lang='lat' dir='ltr'>occidentali</span> <span class='ocrx_word' id='word_1_193' title='bbox 614 3515 735 3576; x_wconf 90' lang='lat' dir='ltr'>terram</span> <span class='ocrx_word' id='word_1_194' title='bbox 744 3511 866 3579; x_wconf 89' lang='lat' dir='ltr'>habent</span> <span class='ocrx_word' id='word_1_195' title='bbox 876 3529 1077 3579; x_wconf 88' lang='lat' dir='ltr'>communem</span> <span class='ocrx_word' id='word_1_196' title='bbox 1086 3513 1119 3578; x_wconf 95' lang='lat' dir='ltr'>in</span> <span class='ocrx_word' id='word_1_197' title='bbox 1134 3512 1237 3600; x_wconf 89' lang='lat' dir='ltr'>siluis,</span> 
     </span>
     <span class='ocr_line' id='line_1_24' title="bbox 113 3617 1236 3709; baseline -0.001 -17"><span class='ocrx_word' id='word_1_198' title='bbox 113 3634 146 3692; x_wconf 89' lang='lat' dir='ltr'>et</span> <span class='ocrx_word' id='word_1_199' title='bbox 159 3625 194 3691; x_wconf 92' lang='lat' dir='ltr'>in</span> <span class='ocrx_word' id='word_1_200' title='bbox 222 3622 352 3690; x_wconf 81' lang='lat' dir='ltr'>tenetis.</span> <span class='ocrx_word' id='word_1_201' title='bbox 378 3621 440 3686; x_wconf 88' lang='lat' dir='ltr'>Hic</span> <span class='ocrx_word' id='word_1_202' title='bbox 456 3617 560 3686; x_wconf 89' lang='lat' dir='ltr'>eciam</span> <span class='ocrx_word' id='word_1_203' title='bbox 577 3619 747 3705; x_wconf 88' lang='lat' dir='ltr'>completis</span> <span class='ocrx_word' id='word_1_204' title='bbox 771 3620 937 3708; x_wconf 89' lang='lat' dir='ltr'>prouincie</span> <span class='ocrx_word' id='word_1_205' title='bbox 962 3621 1056 3689; x_wconf 88' lang='lat' dir='ltr'>huius</span> <span class='ocrx_word' id='word_1_206' title='bbox 1082 3623 1236 3709; x_wconf 84' lang='lat' dir='ltr'>negociis,</span> 
     </span>
     <span class='ocr_line' id='line_1_25' title="bbox 114 3726 1237 3814; baseline 0 -16"><span class='ocrx_word' id='word_1_207' title='bbox 114 3733 275 3802; x_wconf 85' lang='lat' dir='ltr'>ueniendo</span> <span class='ocrx_word' id='word_1_208' title='bbox 306 3729 349 3798; x_wconf 89' lang='lat' dir='ltr'>ad</span> <span class='ocrx_word' id='word_1_209' title='bbox 383 3726 572 3814; x_wconf 88' lang='lat' dir='ltr'>parochiam</span> <span class='ocrx_word' id='word_1_210' title='bbox 601 3727 888 3812; x_wconf 78' lang='lat' dir='ltr'>vesprimiensem,</span> <span class='ocrx_word' id='word_1_211' title='bbox 913 3729 1093 3798; x_wconf 91' lang='lat' dir='ltr'>inuenimus</span> <span class='ocrx_word' id='word_1_212' title='bbox 1124 3730 1237 3798; x_wconf 87' lang='lat' dir='ltr'>villum</span> 
     </span>
     <span class='ocr_line' id='line_1_26' title="bbox 115 3834 1237 3928; baseline -0.002 -22"><span class='ocrx_word' id='word_1_213' title='bbox 115 3840 237 3910; x_wconf 83' lang='lat' dir='ltr'>Sancte</span> <span class='ocrx_word' id='word_1_214' title='bbox 257 3839 369 3908; x_wconf 76' lang='lat' dir='ltr'>(trucis</span> <span class='ocrx_word' id='word_1_215' title='bbox 393 3838 454 3904; x_wconf 89' lang='lat' dir='ltr'>sub</span> <span class='ocrx_word' id='word_1_216' title='bbox 470 3836 556 3903; x_wconf 89' lang='lat' dir='ltr'>silua</span> <span class='ocrx_word' id='word_1_217' title='bbox 570 3834 679 3903; x_wconf 91' lang='lat' dir='ltr'>Booon</span> <span class='ocrx_word' id='word_1_218' title='bbox 698 3835 843 3905; x_wconf 82' lang='lat' dir='ltr'>Ecclesie</span> <span class='ocrx_word' id='word_1_219' title='bbox 858 3839 952 3906; x_wconf 91' lang='lat' dir='ltr'>Beati</span> <span class='ocrx_word' id='word_1_220' title='bbox 967 3835 1117 3906; x_wconf 78' lang='lat' dir='ltr'>Manrioii</span> <span class='ocrx_word' id='word_1_221' title='bbox 1141 3839 1237 3928; x_wconf 89' lang='lat' dir='ltr'>perti-</span> 
     </span>
     <span class='ocr_line' id='line_1_27' title="bbox 115 3945 1236 4037; baseline -0.001 -21"><span class='ocrx_word' id='word_1_222' title='bbox 115 3957 255 4037; x_wconf 86' lang='lat' dir='ltr'>nentem,</span> <span class='ocrx_word' id='word_1_223' title='bbox 282 3955 403 4015; x_wconf 88' lang='lat' dir='ltr'>terram</span> <span class='ocrx_word' id='word_1_224' title='bbox 418 3964 512 4014; x_wconf 88' lang='lat' dir='ltr'>suam</span> <span class='ocrx_word' id='word_1_225' title='bbox 537 3945 658 4013; x_wconf 85' lang='lat' dir='ltr'>habere</span> <span class='ocrx_word' id='word_1_226' title='bbox 683 3954 870 4032; x_wconf 87' lang='lat' dir='ltr'>separatam</span> <span class='ocrx_word' id='word_1_227' title='bbox 895 3968 967 4015; x_wconf 91' lang='lat' dir='ltr'>cum</span> <span class='ocrx_word' id='word_1_228' title='bbox 983 3947 1169 4016; x_wconf 84' lang='lat' dir='ltr'>uduornicis</span> <span class='ocrx_word' id='word_1_229' title='bbox 1195 3948 1236 4015; x_wconf 90' lang='lat' dir='ltr'>de</span> 
     </span>
     <span class='ocr_line' id='line_1_28' title="bbox 116 4054 1234 4144; baseline -0.004 -18"><span class='ocrx_word' id='word_1_230' title='bbox 116 4059 191 4126; x_wconf 85' lang='lat' dir='ltr'>uilla</span> <span class='ocrx_word' id='word_1_231' title='bbox 208 4061 277 4126; x_wconf 82' lang='lat' dir='ltr'>Fen</span> <span class='ocrx_word' id='word_1_232' title='bbox 294 4077 367 4124; x_wconf 89' lang='lat' dir='ltr'>cum</span> <span class='ocrx_word' id='word_1_233' title='bbox 394 4054 489 4123; x_wconf 89' lang='lat' dir='ltr'>metis</span> <span class='ocrx_word' id='word_1_234' title='bbox 505 4054 647 4139; x_wconf 87' lang='lat' dir='ltr'>antiquis</span> <span class='ocrx_word' id='word_1_235' title='bbox 674 4060 707 4123; x_wconf 90' lang='lat' dir='ltr'>et</span> <span class='ocrx_word' id='word_1_236' title='bbox 721 4055 826 4139; x_wconf 89' lang='lat' dir='ltr'>nouis,</span> <span class='ocrx_word' id='word_1_237' title='bbox 851 4065 887 4124; x_wconf 88' lang='lat' dir='ltr'>vt</span> <span class='ocrx_word' id='word_1_238' title='bbox 905 4057 1004 4125; x_wconf 86' lang='lat' dir='ltr'>habet</span> <span class='ocrx_word' id='word_1_239' title='bbox 1027 4056 1234 4144; x_wconf 89' lang='lat' dir='ltr'>priuilegium</span> 
     </span>
     <span class='ocr_line' id='line_1_29' title="bbox 117 4162 1236 4249; baseline -0.002 -16"><span class='ocrx_word' id='word_1_240' title='bbox 117 4165 191 4234; x_wconf 88' lang='lat' dir='ltr'>Bele</span> <span class='ocrx_word' id='word_1_241' title='bbox 207 4165 308 4249; x_wconf 87' lang='lat' dir='ltr'>Regis</span> <span class='ocrx_word' id='word_1_242' title='bbox 333 4171 366 4231; x_wconf 88' lang='lat' dir='ltr'>et</span> <span class='ocrx_word' id='word_1_243' title='bbox 389 4162 592 4249; x_wconf 81' lang='lat' dir='ltr'>quorumdam</span> <span class='ocrx_word' id='word_1_244' title='bbox 621 4162 782 4247; x_wconf 85' lang='lat' dir='ltr'>quondam</span> <span class='ocrx_word' id='word_1_245' title='bbox 802 4163 1036 4232; x_wconf 80' lang='lat' dir='ltr'>Palatinorum.</span> <span class='ocrx_word' id='word_1_246' title='bbox 1064 4164 1114 4229; x_wconf 88' lang='lat' dir='ltr'>Ne</span> <span class='ocrx_word' id='word_1_247' title='bbox 1138 4165 1236 4249; x_wconf 90' lang='lat' dir='ltr'>igitur</span> 
     </span>
     <span class='ocr_line' id='line_1_30' title="bbox 118 4268 1235 4360; baseline -0.002 -19"><span class='ocrx_word' id='word_1_248' title='bbox 118 4295 173 4359; x_wconf 87' lang='lat' dir='ltr'>per</span> <span class='ocrx_word' id='word_1_249' title='bbox 186 4282 369 4360; x_wconf 90' lang='lat' dir='ltr'>temporum</span> <span class='ocrx_word' id='word_1_250' title='bbox 384 4269 632 4357; x_wconf 85' lang='lat' dir='ltr'>generacionem</span> <span class='ocrx_word' id='word_1_251' title='bbox 646 4269 688 4336; x_wconf 90' lang='lat' dir='ltr'>ab</span> <span class='ocrx_word' id='word_1_252' title='bbox 705 4270 887 4338; x_wconf 87' lang='lat' dir='ltr'>hominibus</span> <span class='ocrx_word' id='word_1_253' title='bbox 904 4268 1150 4338; x_wconf 87' lang='lat' dir='ltr'>succedentibus</span> <span class='ocrx_word' id='word_1_254' title='bbox 1165 4293 1235 4359; x_wconf 89' lang='lat' dir='ltr'>pre-</span> 
     </span>
     <span class='ocr_line' id='line_1_31' title="bbox 118 4375 1233 4470; baseline -0.003 -20"><span class='ocrx_word' id='word_1_255' title='bbox 118 4385 235 4470; x_wconf 88' lang='lat' dir='ltr'>scripta</span> <span class='ocrx_word' id='word_1_256' title='bbox 250 4383 285 4449; x_wconf 93' lang='lat' dir='ltr'>in</span> <span class='ocrx_word' id='word_1_257' title='bbox 300 4400 443 4450; x_wconf 88' lang='lat' dir='ltr'>errorem</span> <span class='ocrx_word' id='word_1_258' title='bbox 469 4385 525 4446; x_wconf 88' lang='lat' dir='ltr'>aut</span> <span class='ocrx_word' id='word_1_259' title='bbox 539 4377 666 4445; x_wconf 89' lang='lat' dir='ltr'>irritum</span> <span class='ocrx_word' id='word_1_260' title='bbox 681 4378 734 4445; x_wconf 88' lang='lat' dir='ltr'>vel</span> <span class='ocrx_word' id='word_1_261' title='bbox 749 4375 985 4446; x_wconf 85' lang='lat' dir='ltr'>dissensionem</span> <span class='ocrx_word' id='word_1_262' title='bbox 1010 4378 1126 4445; x_wconf 89' lang='lat' dir='ltr'>deduci</span> <span class='ocrx_word' id='word_1_263' title='bbox 1145 4381 1233 4447; x_wconf 86' lang='lat' dir='ltr'>vale-</span> 
     </span>
     <span class='ocr_line' id='line_1_32' title="bbox 120 4486 1234 4580; baseline -0.004 -20"><span class='ocrx_word' id='word_1_264' title='bbox 120 4501 180 4580; x_wconf 85' lang='lat' dir='ltr'>ant,</span> <span class='ocrx_word' id='word_1_265' title='bbox 206 4495 389 4580; x_wconf 88' lang='lat' dir='ltr'>presentem</span> <span class='ocrx_word' id='word_1_266' title='bbox 404 4489 563 4576; x_wconf 88' lang='lat' dir='ltr'>paginam</span> <span class='ocrx_word' id='word_1_267' title='bbox 581 4486 799 4555; x_wconf 85' lang='lat' dir='ltr'>concessimus</span> <span class='ocrx_word' id='word_1_268' title='bbox 814 4486 917 4573; x_wconf 86' lang='lat' dir='ltr'>sigilli</span> <span class='ocrx_word' id='word_1_269' title='bbox 940 4489 1043 4556; x_wconf 87' lang='lat' dir='ltr'>nostri</span> <span class='ocrx_word' id='word_1_270' title='bbox 1059 4490 1234 4556; x_wconf 89' lang='lat' dir='ltr'>munimine</span> 
     </span>
     <span class='ocr_line' id='line_1_33' title="bbox 119 4595 965 4672; baseline -0.006 -4"><span class='ocrx_word' id='word_1_271' title='bbox 119 4604 309 4672; x_wconf 87' lang='lat' dir='ltr'>roboratam.</span> <span class='ocrx_word' id='word_1_272' title='bbox 325 4600 446 4668; x_wconf 84' lang='lat' dir='ltr'>Datum</span> <span class='ocrx_word' id='word_1_273' title='bbox 462 4619 549 4666; x_wconf 85' lang='lat' dir='ltr'>anno</span> <span class='ocrx_word' id='word_1_274' title='bbox 570 4596 702 4664; x_wconf 91' lang='lat' dir='ltr'>Domini</span> <span class='ocrx_word' id='word_1_275' title='bbox 716 4597 761 4664; x_wconf 87' lang='lat' dir='ltr'>ll⁰</span> <span class='ocrx_word' id='word_1_276' title='bbox 771 4595 836 4665; x_wconf 78' lang='lat'>00⁰</span> <span class='ocrx_word' id='word_1_277' title='bbox 847 4596 965 4665; x_wconf 82' lang='lat' dir='ltr'><strong>L⁰IV⁰.</strong></span> 
     </span>
    </p>
   </div>
   <div class='ocr_carea' id='block_1_3' title="bbox 276 4721 1071 4882">
    <p class='ocr_par' dir='ltr' id='par_1_3' title="bbox 276 4721 1071 4882">
     <span class='ocr_line' id='line_1_34' title="bbox 276 4721 1071 4795; baseline -0.005 -13"><span class='ocrx_word' id='word_1_278' title='bbox 276 4729 412 4794; x_wconf 72' lang='lat' dir='ltr'>(ilredetie</span> <span class='ocrx_word' id='word_1_279' title='bbox 424 4745 441 4780; x_wconf 90' lang='lat' dir='ltr'>a</span> <span class='ocrx_word' id='word_1_280' title='bbox 453 4726 643 4795; x_wconf 80' lang='lat' dir='ltr'>pannonhalmi</span> <span class='ocrx_word' id='word_1_281' title='bbox 655 4722 854 4793; x_wconf 70' lang='lat' dir='ltr'>lttaptttslgnalr</span> <span class='ocrx_word' id='word_1_282' title='bbox 867 4721 1071 4792; x_wconf 74' lang='lat' dir='ltr'>levelttlrlban.)</span> 
     </span>
     <span class='ocr_line' id='line_1_35' title="bbox 1013 4827 1071 4882; baseline 0.034 -2"><span class='ocrx_word' id='word_1_283' title='bbox 1013 4827 1071 4882; x_wconf 76' lang='lat'>24*</span> 
     </span>
    </p>
   </div>
   <div class='ocr_carea' id='block_1_4' title="bbox 0 0 1610 5186">
    <p class='ocr_par' dir='ltr' id='par_1_4' title="bbox 0 0 1610 5186">
     <span class='ocr_line' id='line_1_36' title="bbox 0 0 1610 5186; baseline 0 0"><span class='ocrx_word' id='word_1_284' title='bbox 0 0 1610 5186; x_wconf 95' lang='lat' dir='ltr'> </span> 
     </span>
    </p>
   </div>
  </div>
 </body>
</html>
