3210 5194
841 331 1003 432 *ar-⁸12*

361 528 500 595 salutem
517 528 550 592 in
566 527 716 593 Domino.
742 523 793 592 Ad
820 525 1045 594 uniuersorum
1074 525 1227 593 noticiam
1255 525 1403 591 volumus
1419 541 1488 609 pcr-

359 634 479 719 venire,
512 633 600 718 quod
624 633 819 702 constitutus
844 634 878 700 in
902 633 1005 702 nostri
1031 633 1202 719 presencia
1226 633 1384 700 Martinus
1401 631 1489 697 filius

359 744 460 828 Botyz
488 741 624 809 Comitis
645 760 799 807 unacum
827 741 907 807 Peta
923 740 989 809 filio
1005 741 1185 826 Fermeney
1209 740 1250 808 de
1269 741 1349 809 uilla
1364 741 1488 824 Nemti,

360 851 413 934 qui
439 870 497 936 pro
513 848 628 916 Buken
646 847 772 916 Gemite
788 857 933 933 uenerat,
958 867 1052 934 quern
1070 848 1176 918 dictus
1192 849 1351 917 Martinus
1375 869 1488 917 coram

358 958 580 1024 illustrissimo
597 957 677 1022 Bela
694 957 756 1022 Dei
780 956 895 1040 gracia
911 958 1000 1040 Rege
1021 955 1189 1042 Huugarie
1214 959 1247 1024 in
1264 977 1397 1024 causam
1423 962 1488 1022 tra·

358 1073 450 1132 xerat
464 1085 523 1152 pro
549 1065 675 1132 duobus
701 1063 827 1151 predijs
844 1063 997 1130 videlicet
1022 1066 1153 1152 Heyreh
1177 1073 1210 1132 et
1225 1065 1352 1150 Luder‚
1377 1071 1411 1131 et
1434 1085 1488 1145 eo,

358 1172 445 1257 quod
460 1173 566 1240 dictus
582 1172 698 1241 Buken
713 1193 774 1257 pro
790 1172 908 1238 Prisda
922 1172 1015 1238 Bane
1031 1172 1246 1260 fideiusserat,
1270 1193 1330 1259 pro
1344 1192 1408 1257 quo
1423 1173 1488 1238 Bu-

359 1282 424 1348 ken
442 1281 543 1366 Botyz
559 1287 592 1346 et
617 1280 702 1365 patri
719 1277 798 1346 dicti
814 1279 945 1347 Martini
961 1279 1175 1364 fideiusserat‚
1203 1287 1236 1347 et
1256 1280 1344 1347 dicta
1368 1278 1488 1364 predia

359 1411 418 1474 puo
434 1389 505 1474 ipso
523 1387 636 1455 Buken
660 1387 761 1453 fuisse
778 1387 928 1473 perdita;
953 1389 1074 1454 dictam
1092 1409 1168 1456 vero
1185 1409 1317 1455 causam
1333 1387 1487 1455 dominus

357 1499 428 1563 Rex
453 1495 512 1560 tali
538 1495 634 1562 modo
659 1493 870 1580 adiudicanit,
897 1503 931 1562 vt
955 1495 1061 1562 dictus
1078 1495 1237 1563 Martinus
1258 1497 1385 1580 juraret
1409 1513 1487 1561 cum

359 1602 530 1670 duodecim
545 1603 731 1670 bominibus
748 1622 858 1670 coram
873 1603 980 1669 nobis.
999 1604 1145 1670 Tandem
1156 1602 1373 1671 mediantibus
1388 1602 1487 1670 bonis

356 1710 436 1777 uiris
451 1711 495 1777 ad
511 1712 630 1778 bonam
647 1731 760 1795 pacem
777 1709 978 1778 deuenerunt
993 1711 1052 1778 tali
1068 1711 1173 1797 modo,
1197 1711 1285 1794 quod
1299 1707 1406 1776 dictus
1423 1710 1486 1775 Bu-

359 1821 423 1885 keu
451 1841 509 1905 pro
525 1819 649 1906 predijs
676 1817 849 1887 antedictis
876 1828 908 1887 et
923 1842 980 1907 pro
997 1821 1207 1888 fideiussione
1233 1819 1320 1887 dicto
1340 1818 1486 1886 Martino

358 1928 499 1993 solueret
523 1933 652 1994 centum
669 1949 806 2012 marcas,
833 1949 914 2013 quas
931 1928 1036 1996 dictus
1053 1929 1212 1995 Martinus
1235 1928 1404 1994 confessus
1420 1932 1486 2010 est,

354 2054 391 2100 se
421 2055 529 2102 corant
555 2033 650 2100 nobis
676 2033 881 2118 integraliter
904 2035 1067 2121 recepisse
1090 2035 1132 2100 ab
1148 2033 1279 2101 Hendre
1304 2034 1486 2118 degenere

355 2143 472 2227 Nemty
490 2140 615 2209 Comite
632 2139 673 2208 de
688 2141 792 2227 cho,
809 2141 865 2225 qui
882 2163 939 2229 pro
955 2141 1043 2210 dicto
1060 2141 1174 2208 Buken
1193 2161 1305 2210 socero
1322 2161 1381 2208 suo
1397 2140 1486 2206 dixit

356 2271 391 2317 se
406 2270 515 2316 coram
531 2249 625 2317 nobis
642 2235 790 2317 soluisse.
815 2251 856 2315 Et
872 2251 919 2316 sic
936 2250 1041 2317 dictus
1057 2250 1172 2317 Butren
1189 2270 1209 2316 a
1225 2251 1333 2317 debito
1350 2254 1483 2315 eentum

355 2377 538 2424 marcarum
564 2355 625 2424 suit
641 2358 769 2424 omuino
786 2358 978 2444 expeditus;
1005 2359 1116 2443 itaque
1136 2378 1194 2425 nec
1219 2358 1290 2444 ipse
1307 2359 1483 2442 Martinus,

355 2487 415 2534 nec
431 2465 532 2550 aliqui
549 2466 703 2533 heredum
715 2465 767 2532 uel
777 2467 1091 2551 consanguineorum
1107 2468 1220 2554 ipsius,
1239 2465 1343 2533 dictos
1362 2465 1481 2532 Buken

356 2575 407 2642 uel
424 2573 583 2660 Prisdern,
610 2576 662 2641 uel
679 2575 821 2664 ipsorum
839 2574 987 2659 heredes,
1011 2597 1069 2662 pro
1085 2574 1209 2660 predijs
1225 2573 1398 2660 sepedictis
1422 2575 1482 2640 uel

354 2683 562 2751 fideiussione
588 2683 629 2748 de
654 2689 761 2749 cetero
788 2688 936 2768 poterunt
962 2683 1144 2750 molestare.
1171 2684 1212 2747 nt
1235 2700 1276 2748 ne
1292 2701 1392 2766 super
1415 2681 1482 2746 boc

353 2790 529 2877 dubitetur,
555 2811 615 2858 nos
631 2791 674 2856 ad
703 2789 896 2875 peticionem
913 2787 993 2854 dicti
1011 2789 1143 2857 Martini
1169 2788 1334 2874 sepedicto
1361 2789 1483 2855 Bnken

355 2919 489 2985 presens
515 2899 671 2989 scriptum
694 2881 894 2965 ¹contulimus
920 2896 1030 2980 sigillo
1055 2903 1165 2964 nostro
1189 2895 1363 2981 munitum,
1390 2917 1480 2962 anno

351 3008 481 3075 Domini
508 3007 679 3073 millesimo
705 3003 863 3088 OO⁰XL⁰,
891 3021 1002 3070 mense
1028 3003 1193 3082 Octobris,
1219 3003 1374 3087 Gorgone
1390 3001 1478 3069 Oan-

350 3123 431 3201 tore,
458 3115 628 3182 Theodoro
653 3111 740 3200 (tgy)
760 3112 912 3196 Custode,
938 3110 1112 3179 Salomone
1138 3112 1270 3178 Decano
1295 3111 1480 3195 ceterisque

349 3245 449 3309 quam
474 3225 620 3310 pluribus
646 3223 767 3290 ibidem
792 3221 1016 3288 existentibus.
1044 3221 1163 3287 Datum
1188 3239 1245 3306 per
1270 3238 1386 3286 manus
1409 3220 1480 3286 Ma·

347 3333 440 3417 gistri
455 3332 578 3397 Thome
595 3329 739 3398 Lectoris
755 3327 1125 3413 Quinqueecolesiensis.
1150 3377 1154 3386 .

347 3528 405 3601 (IV.
420 3527 644 3596 Btlsktrtlynak
669 3525 780 3582 retu-ku
802 3525 963 3593 megerdsitd
986 3523 1213 3594 priiiegiumdbdi,
1236 3528 1304 3579 mint
1328 3521 1409 3579 alttb
1432 3529 1477 3578 98.

859 3634 895 3672 sn.
908 3617 954 3686 a).

781 3901 1035 3923 mauu-uu·-
