3226 5194
638 376 793 479 Q

151 574 299 641 donandi
327 593 384 642 seu
400 573 535 658 logantli
559 573 591 640 iu
610 575 678 641 vita
704 575 755 641 uel
781 577 815 642 in
836 581 944 659 morte,
970 575 1074 644 eidem
1097 577 1219 658 Serme,
1246 582 1277 644 et

145 684 305 752 iratribus
331 683 399 754 suis
415 704 455 750 ac
470 682 645 752 heredibus
662 685 817 772 ipsomm,
838 694 1000 774 potestate
1025 687 1155 774 penitus
1180 685 1274 752 iuter·

148 791 249 862 diota.
273 794 357 860 Mete
373 792 517 860 eiusdem
533 799 628 877 terre,
654 793 738 861 sicut
754 795 786 860 in
802 795 920 862 litteris
942 796 1048 882 ipsius
1064 796 1110 861 St.
1127 794 1210 861 Bnui
1227 794 1274 860 vi-

147 901 256 969 dimus
272 901 438 987 contineri,
465 901 525 970 boe
542 902 654 971 ordine
672 903 911 989 distinguntur:
928 905 1040 971 Prima
1055 909 1144 971 meta
1164 902 1276 989 incipit
1339 933 1342 938 ·

147 1033 169 1078 a
185 1011 285 1080 fluuio
301 1013 431 1094 Drama,
458 1017 490 1078 et
506 1011 598 1078 vadit
613 1012 655 1079 ed
673 1013 822 1080 arborem
849 1015 1022 1100 populeam
1047 1033 1140 1080 cruce
1167 1013 1275 1099 signs-

147 1128 226 1204 tam,
252 1119 314 1186 sub
330 1137 396 1203 qua
411 1125 564 1186 estmeta
579 1125 704 1204 terrea3
732 1120 813 1187 inde*
825 1121 917 1186 vadit
933 1121 975 1187 ad
1002 1121 1100 1189 slism
1126 1121 1275 1188 arborem

7 1283 11 1296 .
147 1226 324 1314 populeum
348 1245 444 1293 eruce
470 1225 643 1312 signatam,
668 1229 812 1312 subque
837 1237 886 1297 est
901 1237 988 1297 mete
1002 1237 1128 1315 terres;
1157 1228 1275 1296 deinde

146 1335 240 1404 vadit
264 1335 308 1402 ad
332 1337 519 1421 virgultum,
551 1336 606 1403 vbi
633 1344 683 1404 est
706 1342 796 1405 mete
820 1343 927 1405 terrea
958 1338 1019 1405 sub
1042 1340 1158 1406 arbore
1183 1337 1275 1422 soilsa

146 1463 243 1510 cruce
253 1443 405 1532 signata3
422 1443 540 1512 deiude
557 1444 650 1512 vadit
665 1442 708 1511 sd
719 1444 886 1513 meridiem
902 1446 946 1513 ad
956 1447 1054 1531 uiam,
1072 1463 1167 1512 secus
1177 1463 1274 1529 quem

147 1563 200 1622 est
215 1561 301 1623 mete
316 1560 442 1639 terrea,
472 1553 589 1622 deinde
605 1555 722 1623 transit
737 1555 843 1644 ipsam
859 1555 954 1642 riam,
981 1554 1133 1643 peruenit
1147 1553 1191 1621 att
1206 1572 1275 1620 cur·

146 1684 223 1732 nam
240 1665 388 1732 arborem
404 1663 489 1731 ilicis
505 1663 540 1730 in
558 1664 688 1732 introitu
706 1663 788 1731 silue
805 1663 1008 1750 existentem,
1029 1683 1129 1752 super
1144 1681 1209 1748 que
1225 1668 1274 1729 est

146 1794 238 1860 crux,
265 1782 296 1841 et
313 1773 373 1840 sub
389 1775 504 1842 eadem
530 1780 617 1840 mets
632 1779 758 1859 terres;
786 1772 904 1840 deinde
919 1755 1011 1842 ¹vadit
1035 1773 1078 1840 ed
1093 1772 1210 1840 silvam
1228 1769 1272 1837 ad

146 1884 297 1950 arborem
312 1885 382 1948 ibor·
398 1901 492 1949 cruce
508 1879 681 1967 signatum,
698 1880 754 1948 vbi
769 1901 848 1948 crux
859 1883 991 1969 ponitur
1006 1901 1065 1967 pro
1082 1886 1181 1966 meta;
1197 1876 1274 1946 intie

145 1991 241 2059 vadit
257 1990 299 2059 etl
315 1990 413 2056 aliam
430 1991 580 2058 arborem
595 1991 700 2076 limfa
717 2009 813 2058 cruce
828 1989 1009 2078 signstsm3
1029 1991 1107 2058 inde
1121 1985 1214 2054 veslit
1228 1984 1272 2053 etl

149 2102 300 2169 arborem
315 2105 441 2190 pyrrius
457 2120 551 2168 cruce
567 2100 751 2185 signatam
776 2100 895 2168 deinde
910 2102 1057 2185 peruenit
1081 2099 1123 2166 ed
1139 2097 1272 2167 fluuium

148 2209 298 2293 Plitiehe,
319 2209 412 2277 iuxte
437 2228 530 2294 quem
550 2213 624 2275 sunt
640 2208 703 2274 due
729 2208 862 2276 arbores
879 2233 955 2296 opor
970 2215 1003 2276 et
1027 2208 1093 2275 ilex
1118 2226 1213 2274 eruce
1232 2203 1272 2272 si-

150 2324 261 2405 gnste,
278 2315 337 2384 sub
355 2315 472 2401 quibus
489 2324 539 2383 est
550 2323 637 2382 meta
655 2323 780 2400 terrea;
799 2313 1271 2404 deiudeperPlitichemvsdit

146 2426 298 2513 superius
324 2424 367 2491 ed
392 2430 495 2492 metas
521 2432 606 2492 terre
632 2423 728 2511 Opoy
754 2423 908 2509 Comitis,
936 2424 1046 2510 ibique
1070 2425 1270 2493 terminetur.

145 2532 329 2622 Suplieanit
354 2531 454 2619 igitur
478 2531 664 2618 Stephanus
680 2533 790 2601 Benns
816 2553 875 2620 pro
899 2534 972 2620 ipso
996 2535 1119 2618 Sceme,
1147 2537 1271 2599 etcum

145 2645 230 2730 ipso,
259 2649 295 2710 vt
318 2641 478 2730 premissa
502 2648 611 2709 nostro
637 2641 845 2725 dignaremur
870 2640 1044 2726 priuilegio
1069 2641 1270 2709 confirmare.

147 2754 246 2821 Cuius
262 2771 323 2820 nos
338 2750 488 2837 precibus
504 2748 653 2816 inelinsti
669 2756 838 2837 presentes
854 2748 1002 2817 dedimus
1025 2748 1152 2816 litteras
1167 2745 1271 2834 ‹inpli-

147 2865 195 2930 cis
210 2860 309 2946 sigilli
320 2859 424 2929 nostri
438 2857 614 2929 munimine
624 2857 805 2926 roboratas.
827 2860 947 2926 Datum
963 2877 1147 2946 permanes
1163 2856 1271 2924 dilecti

146 2980 179 3040 et
194 2970 300 3038 fidelis
325 2968 428 3036 nostri
444 2967 594 3054 Magistri
617 2966 790 3052 Smersgrli
810 2967 964 3034 Albensis
982 2966 1128 3034 llcclesie
1149 2967 1268 3051 Prepe-

146 3080 201 3148 siti
217 3079 291 3146 aule
306 3083 415 3145 nostre
426 3075 717 3160 Vico-Osuoellerij
728 3075 832 3142 illecti
842 3075 1030 3144 colocensis
1042 3095 1128 3142 anuo
1137 3072 1270 3141 Domini

145 3186 317 3255 millesimo
343 3184 562 3253 ducentesimo
589 3182 859 3268 quinquagesimo
883 3189 1010 3268 octauo,
1035 3182 1137 3267 Regni
1162 3189 1269 3250 entem

144 3296 245 3364 nostri
263 3315 349 3362 anuo
365 3292 520 3359 vicesimo
536 3293 647 3358 tercio.

146 3500 285 3566 (Ersdetis
298 3492 474 3563 bbrlrirtyim
493 3492 606 3562 melyriil
618 3509 635 3545 s
648 3489 739 3559 kirtly
751 3493 841 3548 liettiis
853 3491 1026 3561 poesttjtnsk
1040 3489 1168 3546 ttlrsdeks
1179 3496 1268 3562 vitriis·

246 3588 307 3642 zeto
320 3584 548 3655 selyemrsiubron
563 3585 639 3652 illgg,
652 3599 670 3636 a
682 3583 768 3637 bucini
780 3584 830 3636 kir.
844 3585 967 3637 immersi
980 3579 1168 3650 leveltlrbsu.)

584 3872 836 3886 -—-—--—
