3210 5194
598 291 759 396 ..s-e-

116 495 316 574 oncupesset,
344 495 378 556 et
402 495 596 574 occupatam
622 509 680 574 pro
703 507 762 554 sue
788 486 947 555 detineret
972 490 1107 558 arbitrio
1133 493 1247 560 nolun-

11 601 13 672 t
115 599 194 663 istis.
221 595 275 662 Ad
292 616 356 680 que
372 594 479 662 dictus
494 595 643 662 Andreas
670 593 871 680 respondeus
887 596 980 663 illam
1006 597 1143 665 eandem
1158 603 1244 666 terre

11 695 13 734 ³
114 701 306 790 particulam
332 703 377 770 ad
405 722 498 769 snum
524 704 574 770 ins
606 701 838 770 bereditarium
863 704 1028 790 pertinere
1060 706 1242 773 asserebat.

114 811 176 877 iios
190 809 294 894 igitur
320 827 395 876 cum
411 808 526 876 ordine
551 809 665 894 iudioij
684 809 835 894 exigente
860 811 925 898 ipsi
941 812 1064 879 Abbati
1084 813 1127 880 od
1156 812 1244 880 exbi-

113 918 247 985 bendum
263 936 360 982 suum
388 915 597 1002 priuilegium
622 917 796 984 terminum
812 925 1051 1007 competentem
1077 920 1242 1004 assignas·

112 1045 231 1108 semus,
267 1023 419 1090 exhibuit
441 1029 476 1089 ut
503 1023 664 1110 debebat;
692 1045 805 1092 verum
831 1025 908 1110 qnia
933 1025 967 1092 in
992 1027 1049 1094 illo
1065 1027 1240 1114 priuilegio

113 1139 190 1200 mete
213 1142 273 1198 aut
300 1129 433 1198 termini
458 1130 547 1196 illius
563 1140 649 1197 terre
677 1151 742 1214 npn
768 1133 1033 1216 exprimebantur
1058 1134 1235 1218 euidenter,

113 1241 150 1306 ad
164 1239 326 1307 maiorem
345 1237 439 1304 buius
455 1237 502 1305 rei
519 1237 721 1303 euidenciam
737 1236 987 1322 produccionem
1004 1240 1135 1306 testium
1151 1260 1238 1309 oom-

111 1355 329 1414 metaneorum
363 1366 462 1432 super
486 1346 724 1412 certificacione
750 1352 908 1412 meierum
939 1364 998 1412 seu
1028 1347 1238 1415 terminorum

112 1455 248 1520 eiusdem
275 1463 365 1520 terre
391 1475 450 1540 per
476 1455 614 1520 eundem
640 1454 802 1520 Abbatem
828 1454 1013 1521 censuimus
1040 1453 1236 1522 faciendam.

109 1559 195 1638 Quod
219 1580 298 1626 eum
324 1579 403 1644 sepe
429 1561 533 1627 dictus
553 1561 669 1626 Abbas
695 1561 938 1645 elegantissime
964 1561 1116 1644 fecisset,
1144 1559 1237 1629 iuxta

110 1670 202 1734 nostri
218 1667 338 1751 iudioij
361 1667 500 1736 formam
517 1676 549 1735 et
575 1688 763 1755 processum
789 1676 928 1755 quatuor
944 1667 986 1736 de
1011 1669 1148 1736 testibus
1164 1689 1235 1754 pro-

109 1775 205 1842 ductis
231 1796 253 1840 a
272 1783 371 1862 porte
395 1775 537 1842 aduersa
561 1778 683 1843 electos
710 1796 808 1862 super
832 1776 1003 1863 premissis
1027 1775 1072 1841 ad
1091 1782 1236 1862 prestan-

108 1882 177 1948 dum
192 1883 354 1949 duximus
381 1890 623 1950 sacramentum
648 1883 853 1951 iudicandos.
879 1885 951 1963 Quo
967 1883 1054 1950 facto
1080 1883 1153 1969 ipse
1169 1886 1234 1948 An·

108 1989 195 2056 drees
210 2012 278 2077 pro
296 1991 380 2058 bono
406 1993 498 2078 pacis
515 2001 592 2059 ante
607 1992 831 2080 recepcionem
851 1990 1049 2059 sacramenti
1065 1988 1235 2058 memorati

106 2098 300 2167 multociens
326 2099 412 2166 dicte
437 2107 523 2166 terre
547 2101 763 2185 particulam,
791 2109 825 2168 nt
850 2100 1001 2186 superins
1025 2105 1148 2166 tactum
1173 2106 1233 2184 est,

104 2205 179 2272 iufra
197 2207 367 2274 fossatum
382 2207 552 2292 iacentem,
571 2207 694 2275 dimisit
708 2207 857 2274 Ecclesie
881 2215 1058 2274 memorate
1074 2209 1144 2274 iuro
1163 2227 1235 2293 per·

11 2383 12 2394 ¹
103 2323 194 2398 petuo
210 2313 467 2402 possidendam.
491 2315 654 2383 Pristaldo
670 2315 767 2382 huius
783 2334 882 2382 cause
894 2315 1036 2382 Mortiuo
1052 2313 1093 2380 de
1109 2315 1234 2382 Damus

11 2497 12 2524 3
103 2421 189 2489 iuxta
203 2421 347 2489 fluuium
359 2423 470 2490 Geron
487 2421 656 2489 existente.
678 2423 721 2489 Vt
730 2429 841 2489 eutem
856 2420 953 2489 huius
964 2422 1011 2488 rei
1027 2420 1129 2510 series
1138 2421 1234 2488 salua

11 2525 12 2550 i
104 2549 225 2617 semper
252 2528 426 2612 consistat,
460 2535 491 2596 et
515 2547 556 2595 ne
582 2529 624 2595 ab
652 2529 718 2596 ullo
745 2549 887 2613 unquam
913 2531 1043 2598 omnino
1068 2529 1233 2596 hominum

105 2646 197 2720 queat
212 2636 351 2722 irritari,
378 2643 546 2720 presentes
562 2637 782 2704 concessimus
797 2634 933 2722 litteras,
956 2637 991 2702 in
1007 2642 1232 2720 argumentum

103 2745 268 2832 amplioris
286 2741 366 2809 fidei
380 2742 483 2827 sigilli
507 2742 610 2808 nostri
626 2742 838 2829 apposioione
854 2744 1080 2812 communitas.
1107 2743 1230 2810 Datum

103 2873 183 2920 anno
198 2851 315 2938 gracie
332 2851 378 2916 Μο
390 2848 704 2918 cc⁰xxx⁰vi111⁰.

103 3047 235 3116 (Eredetie
248 3045 429 3114 biirhirtybn,
443 3047 554 3112 melyrbl
568 3062 585 3097 a
597 3047 690 3113 posset
709 3045 936 3114 birtyazsinegen
950 3049 1027 3114 sugg,
1050 3065 1067 3100 a
1080 3049 1163 3098 budai
1176 3049 1227 3098 lrir.

499 3135 624 3187 kamerai
642 3135 831 3204 revelassem.)

638 3884 693 3951 bb.

100 4066 212 4133 nobs
229 4063 529 4151 al-orschbboaak
544 4065 643 4132 staec
658 4087 680 4130 o
695 4065 847 4132 &temon
871 4066 1036 4150 memacteep
1051 4062 1182 4129 mmcd
1196 4065 1230 4127 es

299 4173 545 4261 Poesooymoppe
568 4171 796 4260 vdrp'obbappai
818 4175 897 4238 boet.
925 4172 1021 4235 1239.

200 4370 330 4438 Amicis
356 4369 424 4436 suis
443 4366 636 4437 Reuerendo
662 4364 814 4452 Capitulo
841 4365 990 4432 Ecclesie
1014 4363 1225 4431 Posoniensis

99 4473 211 4544 Comes
228 4477 420 4564 Stephanus
445 4477 486 4543 de
501 4474 623 4541 Bethor
640 4473 748 4540 Judex
765 4473 861 4541 Curio
885 4471 1008 4539 domini
1024 4468 1224 4555 sigismundi

97 4582 155 4651 Dei
170 4585 288 4670 gracia
305 4586 526 4652 Romanorum
543 4582 753 4668 Imperatoris
770 4584 904 4665 Semper
913 4579 1062 4664 Augusti,
1080 4597 1119 4644 ac
1135 4579 1225 4644 Hun-

1018 4699 1038 4751 6
1048 4699 1063 4732 t
