3186 5188
898 827 975 898 lte.

371 997 393 1062 1
398 997 431 1064 V.
447 997 528 1063 Be'la
543 997 647 1083 lbtly
654 994 823 1082 flitcilooka
837 993 958 1058 Morioz
973 993 1137 1059 mesternek
1149 993 1267 1059 rokona
1277 993 1414 1080 Mdrkot,
1431 995 1511 1061 Aba

568 1103 635 1187 fidi
649 1102 773 1168 erdeldb
787 1099 982 1166 intrizkedeie't
995 1099 1171 1187 mqmiim'ti
1185 1096 1283 1166 1247.

476 1299 559 1367 Bela
577 1299 640 1367 Dei
665 1298 779 1384 grauia
797 1295 977 1383 naugerio,
992 1295 1175 1380 Delmeeie,
1191 1295 1360 1379 chronic,
1387 1300 1508 1384 Reme,

369 1407 493 1491 Seruio,
505 1406 655 1490 (telliolo,
667 1403 871 1492 Lodomerie,
888 1402 1110 1488 (lumenieque
1123 1405 1194 1472 Rex
1209 1405 1360 1473 omnibus
1379 1403 1508 1474 Christi

367 1514 518 1582 fidelibus
543 1519 727 1601 presentem
752 1511 908 1601 paginam
938 1509 1134 1599 inspecturis
1159 1511 1298 1579 sulutem
1322 1513 1357 1581 in
1382 1514 1508 1581 salutis

369 1627 512 1692 anetore.
538 1622 626 1702 Quia
641 1627 759 1691 eunete
772 1622 848 1688 iura
862 1619 968 1706 Regni
984 1620 1088 1688 nostri
1103 1619 1147 1687 ed
1162 1627 1307 1690 nostram
1326 1622 1506 1692 auetorita-

368 1739 433 1798 tem
449 1729 613 1817 pertinere
628 1728 839 1797 dinoscuntur
855 1733 1020 1813 tamquam
1038 1725 1083 1793 ad
1099 1732 1226 1795 tronum
1236 1727 1396 1816 Principis
1411 1729 1505 1816 prin·

369 1836 520 1925 eipeliter
544 1836 595 1903 ius
619 1836 778 1921 dieentis3
802 1835 878 1902 ideo
892 1832 1056 1903 ieeeiones
1076 1833 1265 1902 inferiorum
1289 1853 1348 1921 per
1367 1837 1503 1903 eulmen

367 1943 505 2030 Regium
524 1943 656 2030 expedit
673 1943 874 2011 confirmare.
890 1940 1033 2010 Proinde
1049 1942 1327 2011 advniuersorum
1340 1943 1503 2010 noticiam

367 2060 434 2119 tum
450 2054 654 2138 presencium
679 2073 777 2138 quem
793 2056 998 2138 posterorum
1014 2048 1128 2118 harum
1153 2049 1239 2119 serie
1254 2052 1404 2118 volumus
1429 2070 1503 2138 per-

368 2161 488 2248 uenire,
506 2161 594 2247 quod
609 2160 713 2230 tidelis
728 2167 839 2229 noster
849 2159 984 2228 llerkvs
999 2158 1085 2226 filius
1096 2159 1170 2226 Aba
1186 2157 1229 2225 ad
1243 2165 1388 2228 nostram
1404 2179 1502 2226 neee-

367 2268 448 2337 dens
464 2271 678 2359 presenciam,
694 2271 821 2338 littores
838 2267 949 2337 dileoti
965 2287 1005 2336 ee
1020 2267 1126 2335 tidelis
1141 2266 1243 2336 nostri
1260 2267 1409 2354 lleurieij
1428 2269 1500 2334 Mu-

366 2378 462 2465 gistri
477 2377 708 2465 Depiferornm
732 2383 917 2446 nostrorum
942 2381 976 2444 et
991 2375 1129 2445 Comitis
1144 2375 1332 2462 Nitriensis,
1362 2372 1500 2460 eognati

369 2485 431 2572 sui,
448 2484 544 2555 nobis
560 2485 765 2571 presenteuit
781 2485 865 2553 hene
879 2482 1018 2552 formem
1034 2483 1255 2552 continentes:

474 2592 636 2672 Quoniam
662 2595 876 2661 humanorum
901 2599 1031 2662 uetuum
1056 2591 1173 2661 seriem
1194 2594 1257 2661 stb.
1283 2590 1379 2680 (mint
1395 2591 1498 2658 ultbb

368 2701 442 2771 174.
458 2720 503 2770 sn.
519 2698 627 2788 elett.)

471 2810 591 2877 Petens
606 2829 627 2876 e
643 2806 737 2876 nobis
763 2801 935 2892 humiliter,
960 2814 1001 2875 vt
1015 2808 1123 2894 ipsum
1145 2807 1370 2891 oolleeionem,
1397 2825 1498 2892 quem

365 2915 470 2985 eeiam
486 2915 573 2984 idem
587 2917 630 2984 ll.
647 2915 804 3002 Magister
828 2935 938 2984 eorum
954 2915 1049 2984 nobis
1075 2914 1320 3002 presencialiter
1335 2923 1369 2984 et
1383 2933 1498 3000 perso·

365 3023 487 3093 naliter
501 3023 705 3109 eonstitutns,
733 3023 776 3090 ab
792 3023 866 3110 ipso
880 3022 1003 3092 suetam
1018 3022 1121 3092 inisse
1135 3021 1180 3092 ed
1195 3022 1349 3092 maiorem
1366 3025 1415 3092 rei
1431 3021 1496 3092 eui·

365 3130 515 3199 ‹leneiem
539 3132 617 3199 vinu
642 3130 805 3200 relacione
829 3130 994 3218 puteieuit,
1027 3131 1218 3200 eonfirmere
1243 3130 1366 3219 pietate
1397 3130 1497 3199 solite

365 3239 584 3326 dignaremur.
609 3237 679 3308 Nos
694 3239 794 3324 igitur
806 3238 903 3308 iustis
926 3237 1111 3325 petentium
1127 3237 1300 3324 desideriJs
1320 3257 1496 3308 assensum

364 3347 540 3436 prebentes
550 3352 582 3413 et
592 3345 748 3434 fauorem,
766 3347 980 3416 oolleeionem
989 3345 1054 3416 iem
1066 3346 1199 3435 dietum,
1208 3367 1250 3415 ne
1264 3347 1339 3416 vllis
1348 3367 1494 3434 unquam

366 3455 566 3541 temporibus
582 3473 641 3542 per
657 3455 844 3543 quempiam
867 3455 903 3524 in
917 3454 1042 3524 irritum
1064 3462 1163 3542 queat
1177 3457 1360 3540 retraetari,
1375 3457 1496 3526 litteris

366 3562 574 3650 presentibus
597 3569 630 3630 et
646 3563 809 3651 duppliois
824 3562 925 3650 sigilli
939 3564 1044 3634 nostri
1059 3565 1236 3633 munimine
1251 3564 1404 3633 duximus
1420 3584 1494 3634 eon·

363 3668 566 3738 firmandum.
597 3673 719 3741 Dotum
744 3692 829 3742 enno
855 3672 1026 3742 Dominiee
1050 3672 1296 3743 Ineemeeionis
1318 3673 1494 3744 millesime

364 3778 586 3848 ducentesimo
595 3779 904 3866 quadragentesimo
921 3780 1071 3868 septimo,
1090 3780 1320 3852 tereiorloeimo
1330 3781 1493 3851 kalendas

361 3886 571 3975 Septembris,
587 3887 693 3974 Regni
708 3894 818 3956 antem
833 3889 937 3957 nostri
952 3907 1039 3956 anno
1055 3887 1258 3959 duodeeimo.

361 4081 503 4150 (Eredetie
516 4081 690 4153 bitrlrirtytm
709 4085 835 4152 melynek
847 4084 969 4153 poesetjs
980 4083 1040 4138 mtr
1051 4085 1189 4152 elvesnett,
1207 4104 1276 4142 ens.
1289 4089 1389 4156 Abnffy
1401 4087 1492 4143 eselid

630 4173 952 4231 levelttrlbennehottn
964 4161 1221 4248 lnemegyeuen.)

780 4464 1047 4481 m
