3252 5198
886 340 929 406 52

346 537 415 604 riae
439 545 570 606 nostrae
585 536 737 604 Civitatis
763 535 936 622 plurimum
951 533 1100 618 indigeat
1116 530 1336 620 reparatione,
1364 551 1426 598 nec
1442 529 1478 596 in

346 645 448 731 ipsius
465 643 613 712 aedilicio
630 643 781 729 propriae
798 641 959 709 sufficiant
974 639 1169 723 facultates;
1187 659 1247 707 uos
1257 639 1299 705 de
1315 657 1477 705 consensu

346 759 378 818 et
394 751 545 819 concordi
561 752 729 818 voluntate
744 749 869 817 domini
884 748 1030 834 Comitis,
1048 754 1080 814 ct
1096 748 1197 815 totius
1214 747 1477 830 communitatis,

347 869 379 927 et
396 859 530 927 maioris
556 860 661 947 partis
677 859 902 926 Praelatorum
928 862 960 923 et
983 856 1082 924 totius
1099 856 1254 943 Capituli,
1280 855 1479 922 unanimiter

346 969 572 1054 possessiones
603 966 845 1055 suprascriptae
871 966 1038 1033 Ecclesiae
1063 965 1097 1031 in
1123 985 1216 1033 nsum
1243 971 1275 1031 et
1300 963 1477 1031 utilitatem

348 1075 490 1142 Sanctae
505 1075 630 1142 Mariae
645 1071 851 1140 Cathedralis
868 1073 1036 1140 Ecclesiae
1052 1079 1185 1140 nostrae
1208 1071 1476 1140 condonavimus.

347 1183 468 1250 Verum
483 1182 562 1267 quia
578 1182 701 1266 elapsis
718 1181 844 1247 duobus
859 1179 964 1264 annis,
983 1200 1023 1246 ex
1041 1200 1104 1265 quo
1120 1179 1272 1246 Ecclesia
1287 1179 1479 1265 supradicta

349 1288 531 1375 Capeliano
548 1290 700 1374 vacabat,
725 1287 875 1355 dominns
890 1285 1060 1353 Jadrensis
1079 1287 1353 1372 Archicpiscopus
1378 1283 1479 1351 domi-

349 1418 425 1464 uum
452 1397 632 1466 Jordanum
648 1397 847 1482 Episcopum
874 1400 1019 1460 nostrum
1042 1395 1229 1462 instituerat
1250 1394 1477 1481 Capelianum,

350 1503 438 1588 quod
462 1505 571 1571 facere
587 1504 718 1570 minime
743 1501 920 1587 debuerat,
947 1503 1035 1588 quia,
1061 1503 1146 1570 sicut
1170 1504 1323 1587 diximus,
1350 1502 1478 1569 duobus

351 1609 445 1677 annis
470 1611 537 1676 iam
554 1609 677 1695 elapsis
701 1609 863 1676 institutio
880 1610 1051 1696 Capeliani
1077 1631 1141 1677 non
1158 1612 1199 1678 ad
1216 1611 1333 1696 ipsum,
1358 1609 1417 1676 sed
1433 1608 1478 1674 ad

349 1716 516 1784 dominum
541 1717 765 1804 Apostolicum
791 1718 833 1783 de
853 1719 929 1802 jure
954 1719 1144 1804 spectabat3
1172 1720 1302 1803 quade
1330 1736 1365 1783 re
1390 1716 1480 1784 idem

351 1827 533 1912 Episcopus
551 1834 662 1893 noster
678 1825 759 1893 duos
776 1825 958 1894 Canonicos
975 1828 1015 1890 D.
1032 1832 1065 1892 et
1080 1828 1122 1893 M.
1141 1827 1303 1894 malitiose
1328 1825 1477 1908 sociavit,

351 1934 384 1999 in
402 1952 483 2016 quos
499 1953 520 1998 a
537 1929 731 2017 quibusdam
747 1931 863 2018 paucis
878 1929 1106 1999 fundatoribus
1126 1932 1241 2000 electio
1258 1930 1375 1998 dicitnr
1390 1931 1480 1996 facta

350 2039 461 2123 fuisse,
489 2039 601 2105 volens
628 2057 700 2103 cum
724 2036 806 2123 ipsis
833 2039 954 2104 intres
980 2045 1091 2126 partes
1117 2037 1264 2108 dividere
1291 2036 1479 2126 praedictas

350 2145 587 2232 possesiones,
614 2145 730 2215 maiori
754 2145 903 2214 Ecclesia
918 2146 1123 2214 defraudata.
1150 2149 1219 2216 Nos
1236 2149 1335 2233 igitur
1357 2153 1479 2214 statum

352 2260 385 2318 et
400 2253 555 2320 honorem
571 2251 780 2320 Catbedralis
797 2254 965 2320 Ecclesiae
982 2255 1159 2323 sublimare
1177 2255 1334 2341 volentes,
1355 2276 1414 2341 pro
1431 2275 1480 2320 re-

352 2363 553 2428 stauratione
578 2368 611 2428 et
625 2361 794 2430 commodo
811 2383 912 2448 saepe
937 2363 1045 2431 dictae
1060 2365 1240 2448 Ecclesiae,
1265 2366 1332 2432 iam
1356 2364 1479 2430 dictam

352 2472 535 2538 Ecclesiam
551 2471 665 2539 Sancti
679 2470 809 2538 Martini
835 2491 907 2537 cum
924 2472 992 2538 suis
1016 2473 1174 2540 reditibus
1199 2473 1421 2556 refutavimus,
1447 2476 1481 2536 et

352 2579 607 2648 condonavimus
624 2580 810 2646 nominatae
821 2581 964 2647 Sano'ae
972 2581 1107 2665 Mariae,
1124 2588 1269 2649 nostrum
1279 2583 1479 2668 Episcopum

352 2687 564 2774 postulantes,
582 2694 618 2754 nt
632 2706 731 2772 super
746 2688 806 2754 hoo
823 2686 986 2755 Canonioo
998 2689 1073 2772 jure
1093 2689 1347 2757 confirmationis
1362 2707 1481 2755 munus

352 2795 535 2882 praeberet,
560 2796 648 2881 quod
663 2796 749 2862 idem
775 2795 883 2863 facere
908 2797 1033 2880 renuit,
1061 2796 1122 2863 sed
1140 2798 1226 2881 quod
1251 2797 1392 2864 deterius
1416 2802 1480 2878 est,

352 2909 454 2968 totam
470 2910 591 2970 terram
616 2911 762 2971 nostram
779 2903 952 2989 supposuit
977 2903 1149 2971 interdicto
1165 2905 1198 2969 in
1215 2913 1361 2971 nostrum
1386 2922 1481 2990 prae-

352 3008 506 3076 iudicium
523 3017 555 3076 et
571 3031 636 3078 non
662 3010 824 3077 modicum
839 3029 1030 3096 grauamen,
1056 3031 1156 3096 aquo
1183 3031 1243 3078 nos
1259 3011 1378 3079 Sedem
1393 3015 1482 3098 Apo-

352 3117 504 3184 stolioam
520 3117 774 3204 appellanimus.
797 3120 887 3184 Haeo
903 3123 977 3184 sunt
993 3118 1092 3204 igitur
1106 3119 1238 3186 nomina
1253 3119 1481 3186 fundatorum:

353 3225 605 3313 Christophorus
622 3226 763 3292 Maldins
779 3232 899 3311 noster,
911 3224 1290 3313 Christophorusludex,
1312 3224 1481 3309 Albertus,

353 3336 492 3402 Duimus
503 3341 563 3401 etc.
582 3335 703 3401 Omnes
721 3333 851 3418 quidem
867 3334 1082 3421 suprascripti
1097 3333 1296 3418 fundatores,
1314 3334 1397 3401 siout
1413 3333 1481 3398 iam

354 3443 487 3528 saepius
505 3447 733 3528 praetaxatum
750 3450 811 3527 est,
837 3441 877 3507 de
894 3442 1036 3527 propria,
1055 3451 1087 3509 et
1103 3442 1186 3529 pari,
1211 3453 1243 3510 et
1259 3441 1405 3509 corcordi
1427 3462 1483 3507 vo·

353 3550 478 3616 luntate
503 3549 625 3617 domiui
641 3548 787 3636 Comitis,
815 3556 847 3616 et
864 3549 995 3618 maioris
1021 3551 1124 3636 partis
1144 3551 1298 3639 Capituli,
1324 3560 1357 3619 et
1379 3551 1482 3619 totius

355 3657 604 3726 Communitatis
629 3658 787 3724 Arbcusis
803 3659 985 3727 Ecclesiam
1011 3659 1269 3746 suprascriptam
1289 3661 1382 3727 Beati
1397 3661 1483 3726 Mar-

353 3767 414 3833 tini
430 3767 471 3833 ‹le
487 3767 630 3834 Barbato
647 3786 720 3834 cum
739 3767 889 3835 omnibus
906 3768 1065 3836 reditibus
1076 3769 1144 3836 suis
1160 3770 1347 3852 refutamus,
1364 3766 1484 3834 condo-

353 3896 469 3942 namus
493 3876 528 3940 in
554 3895 647 3942 usum
672 3884 704 3943 et
729 3876 903 3945 utilitatem
929 3898 969 3944 ac
995 3880 1265 3946 restaurationem
1290 3877 1482 3945 Cathedrali

353 3983 511 4080 Eeleeiae¹
526 3983 667 4049 Sanctae
692 3985 815 4051 Mariae
844 3987 953 4070 quiete
981 4006 1021 4052 ac
1047 3995 1202 4073 perpetuo
1235 3985 1482 4072 possidendam.

353 4091 458 4170 Quam
482 4091 711 4161 refutationem
738 4099 770 4158 et
785 4093 1069 4177 condonationem,
1096 4095 1174 4178 quia
1197 4094 1347 4161 dominus
1363 4092 1482 4161 Jorda-

353 4219 415 4266 nus
441 4199 624 4286 Episcopus
648 4201 753 4267 uoluit
778 4199 979 4287 confirmare,
999 4202 1191 4287 Apostolico
1215 4204 1356 4288 petimus
1381 4201 1482 4268 muni·

352 4307 438 4374 mine
458 4307 616 4372 roborari.

460 4415 531 4499 Ego
541 4415 992 4502 ChristophorusCotopagne
1002 4417 1370 4486 Examinatoretludex
1381 4437 1482 4484 manu

354 4541 427 4590 mea
443 4523 571 4608 scripsi.

459 4632 501 4698 Et
517 4653 577 4716 ego
593 4635 727 4718 Sergius
742 4633 901 4702 Arbensis
917 4635 1072 4702 Notarius
1097 4636 1138 4702 de
1165 4641 1338 4724 praecepto
1366 4655 1479 4722 supra-
