3162 5188
371 1139 394 1204 I
398 1138 431 1206 V.
458 1139 548 1206 luczc
569 1137 658 1224 pcipe
684 1159 703 1200 a
723 1135 838 1220 ja'drae'
860 1131 998 1198 coornet
1023 1131 1221 1218 mopiam,
1245 1132 1326 1218 boqy
1351 1091 1500 1198 Rodum

520 1245 636 1328 jddrut'
651 1243 746 1309 nbnck
761 1243 892 1307 husonlo‘
899 1240 1075 1325 felmentc'st
1089 1239 1204 1326 adjonf
1220 1236 1318 1304 1253.

475 1439 685 1508 Innocentius
701 1438 884 1526 Episcopus
908 1456 1023 1505 servus
1039 1453 1206 1504 seruorum
1224 1435 1286 1504 Dei
1311 1436 1499 1505 venerabili

370 1549 463 1617 fratri
476 1598 482 1616 .
497 1601 504 1616 .
517 1601 524 1615 .
535 1549 791 1637 Archiepiscopo
801 1545 955 1614 Jsdrensi
966 1547 1106 1614 sulutem
1117 1545 1382 1632 otApostolicsm
1401 1547 1500 1614 benc-

367 1657 530 1725 dictinem.
557 1658 621 1726 Pro
637 1665 732 1743 parte
757 1655 876 1723 diiecto
900 1655 935 1724 in
951 1653 1081 1722 Christo
1097 1651 1164 1720 tlte
1179 1653 1329 1720 Produne
1347 1653 1498 1720 mulieris

365 1765 535 1836 Jadrensis
549 1765 610 1833 suit
626 1765 828 1852 propositum
844 1783 953 1831 corum
969 1762 1075 1848 nobis,
1097 1761 1185 1848 quod
1209 1780 1282 1830 cum
1308 1764 1497 1830 Dumiunus

365 1872 466 1940 irater
489 1879 522 1942 et
546 1872 763 1966 quidumslii
789 1869 1025 1956 consanguinei
1050 1869 1130 1956 cius,
1157 1869 1232 1956 ipsa
1259 1870 1498 1958 consentiente,

365 1980 451 2066 quod
476 1980 614 2050 eundem
639 1974 805 2047 traderent
830 1979 864 2047 in
889 1997 1023 2046 uxorem
1046 1977 1117 2044 viro
1142 1977 1228 2046 laico
1253 1977 1430 2065 Jsdrensi,
1464 1988 1499 2049 et

365 2089 455 2177 ipse,
481 2089 569 2175 quod
595 2109 668 2155 eam
693 2088 728 2154 iu
752 2106 887 2155 uxorem
911 2087 1087 2173 reciperet,
1113 2085 1328 2173 iuravissent5
1357 2087 1502 2157 tandem

363 2195 498 2264 muliere
515 2205 548 2264 et
562 2196 647 2264 laico
664 2195 821 2282 predictis
846 2193 1032 2262 nolentibus
1050 2191 1248 2261 adinvicem
1270 2196 1498 2264 matrimoniu-

364 2303 440 2371 titer
465 2304 623 2391 copulari,
654 2301 743 2370 diets
768 2302 883 2371 mulier
908 2322 980 2370 eum
1005 2303 1122 2370 Prestc
1147 2301 1219 2369 cive
1243 2304 1408 2390 Jadrensi,
1436 2307 1499 2390 qui

363 2410 502 2481 eundem
518 2411 623 2479 uirum
640 2417 757 2495 quarto
774 2411 880 2495 gradu
896 2408 1189 2494 consanguinitatis
1207 2411 1376 2496 contingit,
1397 2411 1500 2480 duxit

362 2521 602 2591 matrimonium
628 2521 902 2606 contrahendum
930 2518 1015 2586 undo
1031 2517 1121 2585 dicte
1145 2519 1265 2588 mulier
1290 2520 1498 2607 supplicavit

363 2630 459 2698 nobis
474 2629 648 2716 humiliter,
675 2636 710 2696 ut
725 2628 896 2716 providere
912 2629 945 2695 in
961 2629 1025 2694 buo
1041 2635 1136 2714 purte
1153 2628 1347 2715 Apostolics
1369 2629 1498 2697 sollici-

360 2739 474 2807 tudinc
491 2758 688 2808 curaremus.
706 2741 776 2807 Nos
791 2739 890 2823 igitur
906 2737 1018 2825 ipsius,
1039 2743 1072 2804 et
1092 2738 1291 2805 venerabilis
1308 2737 1419 2805 fratris
1434 2759 1496 2808 no

361 2847 657 2916 striAutiberensis
669 2846 915 2934 Archiepiseopi
925 2843 1222 2932 supplicationibus
1240 2845 1390 2912 inclinati
1400 2865 1496 2915 man-

362 2955 489 3040 damus,
513 2959 683 3039 quatenus,
710 2954 739 3020 si
764 2951 905 3039 predicti
930 2951 1012 3036 viri,
1039 2951 1127 3034 quod
1149 2949 1266 3018 eedem
1292 2952 1409 3019 mulier
1432 2956 1496 3022 atii

360 3063 507 3148 nuberet,
524 3079 702 3128 consensus
718 3060 870 3146 secessit,
896 3080 968 3127 cum
984 3057 1141 3144 predictis
1156 3059 1293 3126 muliere
1312 3069 1345 3128 et
1363 3061 1494 3152 Preste,

360 3177 397 3236 ut
411 3169 642 3255 impedimento
660 3167 847 3238 huiusmodi
862 3187 927 3234 uon
953 3166 1103 3235 obstante
1119 3168 1153 3234 in
1169 3167 1217 3234 sie
1236 3176 1404 3237 contracto
1422 3193 1494 3240 ms-

359 3275 509 3344 trimonio
525 3275 614 3344 licito
631 3295 801 3343 remanere
811 3276 951 3360 versant,
970 3274 1163 3342 uuotoritete
1179 3283 1292 3345 nostru
1301 3277 1492 3364 dispenses.

359 3384 481 3450 Datum
490 3381 627 3452 Assissii
643 3377 718 3452 1111.
734 3383 809 3450 idus
820 3379 1033 3470 Septembris,
1049 3381 1263 3450 Pontificotns
1279 3385 1384 3454 nostri
1402 3407 1491 3458 anuo

358 3489 539 3558 undecimo.

707 3632 837 3707 (Theiuer
849 3635 884 3688 id.
897 3651 933 3687 nr.
946 3637 967 3687 1.
980 3635 1038 3688 ker.
1051 3635 1095 3687 st.
1109 3633 1140 3702 l.)
