3168 5186
575 314 726 412 ..Q

89 509 307 595 satisfactum,
325 509 411 593 quod
428 527 488 578 nec
504 511 578 595 ipsa
594 501 727 574 domina
743 507 854 593 Lucia,
871 527 930 575 uec
949 507 1117 574 lebannes
1133 505 1218 572 filios

91 619 165 684 eius
182 623 383 704 prenotatus,
408 637 468 684 nee
483 617 570 684 elius
586 617 628 684 dc
653 616 868 701 generosiore
884 612 1070 700 eorundem,
1098 613 1218 701 dotem,

90 731 253 812 quartam,
270 733 304 792 et
318 745 371 793 res
387 724 594 813 supradictas
611 731 762 812 poterunt
777 724 819 792 de
834 731 942 793 cetero
955 724 1129 808 requirere.
1150 725 1219 792 Nos

92 841 203 900 entem
221 833 264 900 ad
272 835 469 902 instanciam
481 832 568 902 dicte
584 833 714 902 dominc
724 833 824 901 Lucie
834 841 867 900 et
882 832 940 919 filij
952 832 1098 918 eJusdcm
1110 852 1219 919 supru-

90 943 181 1029 dicti,
198 943 324 1012 litteres
334 951 504 1031 presentes
515 945 615 1014 nostri
627 942 840 1030 oppositione
849 941 954 1029 sigilli
963 943 1135 1011 roboratos
1144 963 1219 1012 eon-

89 1052 194 1120 scribi
219 1050 354 1138 dignum
380 1052 532 1120 duximus
558 1053 592 1119 in
608 1051 794 1138 supradicte
817 1049 1059 1120 satisfactionis
1078 1052 1219 1119 testimo-

89 1161 183 1227 nium
199 1169 233 1227 ct
248 1160 432 1247 munimeu3
449 1181 534 1229 anno
555 1159 687 1227 Domini
703 1158 877 1228 millesimo
893 1159 1113 1229 ducentesimo
1129 1160 1220 1244 quin-

89 1269 284 1354 quagesimo
300 1268 420 1353 quinto.
430 1269 584 1336 Tristauo
594 1269 742 1352 cantore,
756 1269 928 1338 Theodoro
938 1268 1092 1356 Custode,
1103 1271 1220 1338 Romu-

93 1373 175 1445 aldo
186 1378 336 1460 Decem,
361 1378 544 1463 ceterisque
560 1396 658 1461 quem
681 1376 830 1464 pluribus
855 1375 977 1444 ibidem
995 1375 1220 1444 existentibus.

89 1487 216 1551 Datum
228 1505 288 1569 per
299 1504 414 1552 munus
420 1485 571 1570 Magistri
580 1483 668 1552 Petri
675 1485 820 1552 Lectoris
831 1481 1220 1569 Quinquellcclesieusis.

291 1683 388 1749 (nehus
401 1682 548 1751 mjestnyr
561 1667 645 1737 lum
659 1683 774 1737 restrae
787 1683 1043 1752 gyojcomenyeser.)

620 2422 694 2489 tel.

93 2613 126 2671 A
144 2607 273 2670 soterici
298 2604 510 2690 ltpralannal·
535 2605 802 2690 bisonyedqlooele,
828 2629 847 2668 a
867 2603 928 2668 Pet
952 2604 1050 2668 Suari
1074 2627 1170 2669 corrues
1195 2629 1224 2668 oe

223 2713 392 2777 Bornobo'e
413 2709 582 2797 Gerepc'neb
590 2712 640 2794 fio
656 2711 737 2776 kdzto'
752 2711 984 2777 birtol'cserdrb'i
1002 2711 1097 2776 1255.

208 2911 277 2977 Nos
295 2907 480 2996 Capitulum
496 2908 643 2975 Ecclesie
657 2908 768 2975 Sancti
779 2907 948 2975 Michaelis
964 2908 1005 2974 de
1022 2908 1135 2976 Castro
1152 2909 1225 2974 Fer-

99 3039 158 3084 reo
175 3024 288 3083 notum
304 3015 442 3083 iacimus
458 3022 568 3082 tenore
585 3015 785 3102 presencium
803 3015 981 3103 uniuersis3
1006 3015 1093 3102 quod
1109 3019 1224 3085 eonsti-

95 3124 178 3191 tutis
207 3144 318 3192 eorem
343 3124 438 3191 nobis
463 3123 506 3190 ab
523 3142 589 3188 une
613 3130 706 3209 parte
726 3123 851 3191 Gemite
866 3125 970 3193 Panlo
996 3125 1063 3193 filio
1090 3125 1224 3194 Comitis

97 3232 204 3300 Seceb
221 3232 263 3300 de
282 3233 374 3319 Soet,
393 3241 425 3299 ot
441 3231 568 3299 comite
584 3231 738 3298 Bumnbe
760 3230 826 3298 lilio
842 3230 970 3318 Gerege
985 3253 1025 3300 ex
1042 3233 1165 3319 altera3
1191 3233 1224 3299 in

98 3340 367 3429 possessionibus
393 3360 503 3408 eorum
529 3339 737 3425 hereditariJs
763 3340 830 3406 tale
846 3339 928 3406 inter
951 3359 987 3406 se
1004 3323 1224 3408 concambium

97 3452 221 3518 iecisse
236 3451 414 3516 retulerunt
431 3471 439 3514 ε
457 3447 552 3530 Quod
568 3447 684 3517 Comes
700 3449 822 3515 Paulus
837 3450 1039 3536 prescriptos
1055 3450 1225 3518 uniuersas

97 3559 274 3646 porciones
290 3578 378 3646 snos,
404 3579 486 3645 ques
502 3559 616 3626 habuit
641 3560 675 3625 in
691 3557 952 3646 possessionibus
968 3557 1137 3644 Fanohlra,
1161 3559 1225 3626 Ku-

97 3668 248 3756 chfolw‚
267 3665 436 3754 Gekynus,
453 3666 596 3752 Pynobe‚
612 3668 744 3735 Pozube
759 3673 894 3736 vocatas
910 3685 981 3733 cum
1002 3667 1150 3734 omnibus
1170 3669 1226 3734 rti-

98 3776 251 3843 litetibus
267 3776 336 3844 suis
362 3783 394 3842 et
410 3776 619 3862 pertineneijs
636 3775 795 3842 uniuersis
819 3777 911 3842 iuxta
926 3775 1058 3840 fluuium
1075 3777 1159 3843 Sear
1175 3797 1227 3843 uo-

99 3891 211 3952 catum
223 3884 314 3951 dedit
332 3891 365 3951 et
378 3884 509 3968 reliquit
525 3883 590 3969 ipsi
599 3883 718 3952 domiti
727 3883 878 3950 Barnube
894 3891 926 3950 et
941 3882 1044 3970 ipsius
1053 3883 1226 3980 heredibus

100 3994 324 4078 heredumque
342 4013 472 4061 suorum
489 3994 731 4062 successoribus
744 3993 777 4059 in
788 4000 979 4079 perpetuum
989 4001 1021 4058 et
1032 3992 1226 4060 irreooeabi-

97 4103 175 4169 liter
186 4098 419 4187 possidendns;
431 4101 513 4170 adeo
524 4101 631 4188 plene,
644 4108 679 4168 ut
688 4122 709 4168 a
719 4101 861 4167 dominio
871 4099 1089 4186 predictarum
1098 4121 1225 4188 posses-

98 4210 231 4276 sionum
244 4227 280 4276 se
291 4216 410 4276 etsoos
421 4225 625 4276 successores
637 4207 774 4275 retraxit
783 4203 929 4276 omnino
939 4209 966 4273 E
977 4227 1134 4277 conuerso
1149 4229 1226 4277 uero

101 4318 191 4384 idem
202 4315 319 4384 Comes
330 4316 500 4385 chebas
510 4317 659 4384 similiter
672 4317 843 4384 uniuersas
858 4317 1028 4402 porciones
1044 4336 1132 4403 suos,
1147 4339 1228 4403 ques

102 4424 237 4493 dicebat
252 4445 289 4492 se
304 4427 425 4494 bebere
441 4428 474 4493 in
485 4408 747 4513 possessionibus
763 4425 903 4509 Milone,
919 4424 1136 4512 Puelnstelelr,
1152 4425 1227 4512 Lan,

103 4536 241 4620 Dyenus
269 4540 301 4601 et
317 4534 461 4620 Sautusy
476 4535 600 4603 voeatis
624 4533 826 4621 inpartibus
851 4533 936 4599 ultra
953 4533 1111 4620 'l'yobiem
1137 4536 1228 4603 iuxta

102 4642 270 4728 Berykiou
297 4659 369 4708 oum
386 4641 534 4711 omuibus
550 4639 746 4708 utilitatibus
773 4641 840 4708 suis
857 4637 903 4728 (ot
919 4641 1142 4738 pertinencijs)
1162 4645 1227 4714 vni·
