3226 5194
892 303 960 375 546

351 511 428 586 nelr
460 505 644 606 (Thomas
673 505 972 583 Arohidiaeonue
1000 441 1253 606 Spalateneis)
1295 503 1498 600 „Historia

352 631 670 728 Salonitana“-ja‚
700 632 947 727 sameglevo
974 632 1152 730 okmanyi
1172 639 1378 730 apparatus
1399 628 1497 706 altal

351 758 601 854 lriegesziteni
619 761 661 834 ee
680 758 874 832 bllvebben
902 757 1073 854 kifejteni
1106 756 1279 850 szoktalr,
1304 756 1497 852 Rogerius

352 884 569 960 mesternek
588 877 652 980 (M.
674 881 859 976 Rogerius
874 877 1086 956 Oanonious
1105 874 1372 978 Varadieneis)
1392 903 1497 955 mun·

352 1009 443 1104 lrtja
473 1006 657 1104 „Carmen
689 1006 906 1082 miserabile
943 1029 1055 1106 snper
1082 1006 1331 1083 destructione
1365 1005 1496 1101 Regni

352 1131 570 1229 Hungariae
588 1155 656 1230 per
665 1131 852 1208 Tartaroe
870 1131 1010 1206 faota.“
1031 1102 1105 1229 lgy
1125 1130 1324 1206 keeztiltek
1341 1130 1494 1225 tilnyo-

354 1258 480 1352 molag
515 1255 728 1333 nevezerint
766 1253 906 1354 Szalay
936 1253 1152 1332 Ltszlonak
1181 1253 1260 1354 (‚,A
1288 1256 1495 1349 tatarjoros

354 1381 703 1482 Magyarorszagon
722 1374 1286 1477 1241--1242.“Pest,1856.)
1307 1383 1349 1453 es
1367 1377 1492 1477 Rosty

354 1505 636 1603 Zsigmondnak
655 1502 731 1604 („A
743 1508 943 1602 tatarjaras
963 1503 1384 1602 tirtenelmenegyedik
1394 1503 1495 1578 Bela

355 1631 482 1730 kirtly
503 1631 829 1728 idejtben.“Pest‚
855 1624 986 1729 1856.)
1006 1631 1178 1728 munkai3
1199 1653 1218 1704 s
1239 1635 1304 1728 lgy
1324 1633 1375 1705 irt
1393 1651 1418 1702 a
1438 1639 1493 1705 ta-

356 1757 576 1853 tarjtrasrol
595 1755 846 1850 Knkuljevios
866 1755 959 1830 Ivtn
978 1757 1023 1850 is,
1055 1756 1183 1830 ambit
1201 1753 1350 1830 ezektlil
1373 1754 1493 1829 altero

356 1875 902 1981 iranyban(„BorbaHrvatah
915 1879 1109 1976 eMongoli
1130 1877 1492 1973 iTatari“,Ztgrab

362 2002 506 2104 1863).
527 2005 701 2082 Aharom
715 2005 814 2102 adet,
834 2006 974 2106 melyet
993 2007 1037 2081 itt
1055 2005 1207 2100 kozlok,
1227 2009 1308 2080 mas
1326 2005 1492 2080 oldalrol

357 2153 440 2206 nem
469 2131 660 2206 kevesbbe
689 2138 885 2207 nevezetes
904 2131 1194 2227 selvilagosrtost
1220 2131 1347 2228 nyrijt3
1378 2130 1492 2205 amit

356 2255 505 2330 hanania
535 2257 844 2331 tiirtinetiroinak
872 2256 1070 2332 kirretlen
1089 2254 1313 2355 figyelmebe
1340 2255 1490 2332 saintin

359 2379 522 2475 ajanlok.

908 2575 941 2656 Ι.

356 2726 463 2809 XIII.
481 2737 622 2811 azdzodi
648 2737 828 2812 rordosrots
847 2765 872 2812 a
890 2733 1132 2836 moreyolrkrol
1150 2741 1276 2836 vayyis
1304 2736 1418 2813 alcior
1436 2737 1490 2811 ol-

680 2859 828 2936 oolibae
846 2866 884 2935 et.
905 2888 942 2934 re.
963 2858 1165 2935 mtorolrol.

360 3017 493 3084 Liber
516 3017 567 3084 de
593 3017 762 3102 segnis
785 3017 1043 3102 aliquarum
1067 3015 1296 3084 nationum
1321 3039 1491 3104 preser-

727 3121 802 3188 tim
826 3123 1128 3190 barbararum.
1233 3127 1236 3144 '

433 3267 467 3335 (Α
478 3265 635 3320 munklnak
644 3266 723 3319 xm.
736 3264 843 3319 szizaffi
856 3265 977 3331 saerzlije
987 3263 1109 3333 magirol
1121 3273 1166 3320 azt
1175 3267 1301 3334 mondja:
1317 3270 1369 3330 „Et
1381 3272 1488 3335 egebis

362 3359 401 3410 ini
411 3375 533 3425 presens,
544 3374 625 3424 quum
635 3358 746 3410 Tartari
754 3358 892 3410 dominum
902 3373 996 3410 eornm
1006 3358 1134 3409 volabant
1142 3374 1242 3424 ponere
1251 3359 1279 3408 in
1291 3359 1387 3409 throno
1397 3359 1487 3425 impe·

357 3449 460 3499 ratario
469 3449 630 3510 Maiestate,
641 3449 688 3514 qni
699 3453 899 3500 antecameram
909 3463 1020 3500 enorum
1032 3447 1141 3498 modam
1153 3463 1201 3514 par
1213 3449 1304 3499 omnia
1316 3448 1485 3512 tenuerunt)

504 3589 565 3654 De
584 3585 725 3656 modis
748 3593 790 3655 et
812 3588 1011 3657 moribus
1035 3591 1337 3655 Tartarorum.

464 3731 594 3798 Tartari
619 3738 696 3798 snut
722 3732 765 3798 ab
790 3732 866 3798 aliis
891 3729 1083 3800 nacionibus
1108 3729 1256 3817 geroium
1282 3729 1428 3798 moribus
1452 3737 1489 3797 et

359 3839 465 3907 modis
482 3839 530 3906 sio
546 3839 679 3923 diuersi,
706 3839 794 3927 qnod
810 3838 866 3905 vix
881 3843 994 3924 posset
1016 3837 1142 3923 absque
1156 3837 1243 3905 tedio
1269 3837 1416 3923 ipsorum
1436 3838 1487 3902 di-

358 3948 498 4016 versitas
515 3947 684 4035 explicari.
700 3945 845 4014 Credunt
861 3945 946 4012 enim
962 3943 1153 4031 simpliciter
1168 3944 1201 4011 in
1211 3945 1328 4028 Deum,
1345 3952 1379 4010 et
1394 3945 1487 4012 invo-

359 4060 436 4123 onnt
459 4053 663 4124 nomenoius
688 4061 720 4120 et
736 4052 939 4135 confitentur,
964 4051 1070 4117 Deum
1085 4067 1158 4118 esee
1180 4048 1437 4136 omnipotentem
1452 4059 1489 4120 et

248 4201 249 4206 κ
358 4161 585 4229 immortalem.
601 4159 692 4224 Nulli
709 4159 814 4228 minas
830 4159 972 4226 inferunt
986 4176 1050 4223 non
1065 4155 1275 4242 proponendo
1290 4177 1410 4224 nomen
1421 4159 1486 4224 Dei

359 4273 393 4333 et
408 4267 546 4334 dioondo
562 4268 629 4334 sio:
646 4267 742 4332 Norit
757 4269 847 4335 Deus
862 4265 942 4350 quid
956 4264 1017 4331 tibi
1035 4263 1163 4350 faciam,
1182 4271 1215 4330 et
1229 4263 1360 4331 similia.
1377 4263 1486 4331 Aliter

358 4395 436 4442 vero
454 4375 559 4441 Deum
577 4374 762 4442 nullatenus
787 4379 974 4441 reverentur
998 4392 1057 4459 per
1071 4370 1195 4439 ieiunia
1210 4380 1243 4438 et
1264 4373 1437 4440 oraciones
1452 4382 1487 4440 et

358 4479 555 4565 affiooiones,
582 4480 635 4548 vel
651 4481 717 4548 alio
734 4501 861 4566 quoquo
886 4482 993 4565 modo,
1019 4481 1106 4548 sieut
1121 4477 1219 4546 debet
1243 4480 1350 4548 faeere
1374 4481 1485 4568 homo,

359 4590 415 4673 qui
431 4591 538 4655 Deum
554 4585 658 4654 eredit
675 4607 758 4654 esse.
784 4587 912 4654 Tartari
927 4588 1089 4655 hominem
1106 4586 1285 4654 interlicere
1302 4609 1368 4656 non
1390 4610 1486 4677 repn-
