3226 5194
861 341 1013 446 334-

371 554 476 631 mete;
494 543 612 614 exinde
628 541 808 632 procedens
824 543 932 612 adhue
947 544 1068 612 direote
1084 542 1130 610 ed
1144 543 1330 631 aquilonem
1349 562 1411 632 per
1425 542 1493 631 pla-

370 655 488 725 nioiem
504 651 679 740 quandum,
695 650 841 720 deeliuet
856 651 1019 720 invallem
1035 673 1144 738 mam,
1161 653 1217 720 ubi
1233 657 1308 722 suut
1318 652 1383 722 due
1399 657 1496 736 mute,

370 765 405 832 in
422 785 488 832 nna
503 761 604 851 pirus,
630 761 698 828 alia
713 759 919 847 graminosa3
944 758 1065 828 abinde
1083 779 1259 849 parumper
1283 759 1496 846 progrediens

370 875 405 941 in
420 874 510 942 dieta
524 871 622 954 rulle,
638 870 739 938 intrat
751 869 938 957 virgultum,
959 876 992 938 et
1006 870 1040 938 iu
1056 870 1170 938 eodem
1185 871 1325 958 virgulto
1341 876 1419 938 suut
1433 869 1497 937 due

371 989 466 1066 mete,
492 981 525 1048 iu
542 1001 608 1048 uua
623 980 725 1067 pirus,
753 981 859 1047 altera
883 976 1043 1067 dumoea3
1068 979 1146 1046 hina
1161 981 1230 1048 exit
1252 981 1431 1065 virgultum
1452 977 1494 1044 nd

370 1095 487 1178 locum,
513 1091 569 1176 qui
584 1089 727 1176 Nogeeel
753 1088 880 1174 dieitur,
905 1090 961 1158 rbi
980 1095 1056 1156 suut
1069 1089 1133 1157 due
1158 1096 1242 1158 mete
1266 1096 1393 1174 terree,
1419 1093 1494 1176 post

369 1203 431 1268 hee
454 1201 554 1268 intrat
571 1201 658 1267 uiam
673 1199 790 1283 Neree,
818 1217 912 1268 senus
930 1219 1028 1286 quam
1044 1205 1119 1266 sunt
1137 1197 1200 1266 dne
1221 1204 1316 1283 mete,
1340 1196 1436 1264 radit
1460 1194 1494 1262 in

372 1305 487 1377 eadem
502 1308 558 1375 uia
574 1307 669 1376 metis
685 1306 845 1375 distinctis
860 1307 958 1376 eeutis
982 1307 1063 1375 loeis
1088 1325 1190 1394 usque
1215 1313 1318 1374 metas
1333 1305 1414 1372 ville
1428 1305 1493 1372 lla·

369 1437 433 1505 ree,
460 1426 493 1488 et
507 1418 553 1487 ibi
569 1439 591 1485 a
605 1425 693 1486 terra
709 1415 867 1502 Stephani
894 1415 952 1502 filij
970 1417 1129 1504 Stephani
1153 1420 1343 1503 separatur;
1370 1413 1493 1480 deiude

369 1527 458 1596 uenit
473 1525 516 1594 ad
531 1524 696 1614 quoddam
713 1532 841 1612 pratum
856 1524 901 1592 ad
915 1533 1036 1593 terram
1052 1523 1210 1592 dictorum
1228 1522 1408 1606 Benedicti,
1429 1524 1493 1591 Da-

368 1635 437 1720 niel
453 1642 486 1704 et
501 1636 634 1720 Thome,
650 1633 707 1702 rbi
724 1633 757 1701 in
774 1630 880 1703 dumis
895 1632 1052 1702 salicibus
1067 1640 1142 1702 eunt
1158 1633 1220 1704 due
1234 1639 1339 1717 meto,
1366 1638 1401 1699 ei
1415 1631 1494 1700 inde

370 1765 428 1832 per
444 1751 548 1814 metae
573 1744 728 1831 antiquas
754 1743 901 1812 eiusdem
917 1749 1001 1812 terre
1016 1744 1136 1832 reique
1155 1744 1261 1829 binae,
1287 1749 1372 1811 mete
1388 1741 1494 1830 priori

368 1855 567 1922 terminatur.
592 1856 630 1921 In
647 1854 738 1922 euius
754 1853 802 1920 rei
827 1853 1016 1922 memoriam
1033 1853 1211 1940 pleniorem
1233 1853 1278 1920 ud
1295 1853 1494 1940 petieionem

369 1964 517 2052 parcium
532 1964 566 2031 in
582 1962 801 2032 testimonium
826 1962 874 2031 rei
890 1970 982 2049 geste
998 1970 1166 2050 presentes
1180 1963 1305 2030 litteras
1328 1961 1493 2030 eoncessi-

368 2093 441 2140 mue
457 2072 558 2158 sigilli
574 2070 677 2140 nostri
694 2070 868 2139 munimine
887 2072 1069 2140 roboratus.
1086 2072 1175 2140 Luce
1186 2073 1401 2139 Procuratore
1417 2069 1493 2136 Pte

369 2181 514 2270 positure
528 2180 676 2248 Eeelesie
700 2187 810 2250 nostre
825 2180 998 2264 existente,
1025 2179 1168 2250 Oliuerio
1182 2179 1332 2266 (lentore,
1359 2177 1493 2246 Ombud

369 2288 520 2374 Custode,
536 2289 669 2358 hndrea
686 2292 832 2359 Deeano.
857 2292 951 2362 Anno
967 2290 1010 2358 ab
1025 2291 1255 2360 Inoamaeione
1270 2289 1403 2357 Domini
1420 2286 1492 2354 mil·

367 2399 482 2469 lesimo
498 2397 719 2467 ducentesimo
735 2400 1006 2487 quinquagesimo
1022 2401 1180 2489 septimo;
1205 2399 1305 2487 sigilli
1319 2396 1426 2468 nestri
1442 2397 1492 2464 in·

367 2509 547 2576 nouaeione
564 2528 648 2578 enno
665 2507 779 2596 primu.

594 2687 1251 2758 ABGDE

451 2867 501 2936 (Au
515 2870 617 2927 eredeh'
630 2869 697 2927 utin
710 2869 782 2926 utto
793 2868 904 2941 utroly,
919 2873 1007 2926 Huzai
1019 2870 1189 2941 Ohmduytdr
1202 2873 1224 2926 Ι.
1237 2871 1294 2926 ket.
1309 2871 1353 2923 dd.
1366 2871 1397 2938 l.)

794 3162 1062 3176 mqu-

366 3827 398 3894 A
414 3831 618 3918 noqpodradi
631 3829 781 3918 kdptalon
796 3856 817 3898 o
834 3831 970 3901 aanor
985 3831 1245 3920 monopteroe
1258 3829 1341 3897 ko'zli
1357 3831 1491 3918 oanatpe

744 3941 982 4028 fuganatose'tjo.
998 3938 1096 4006 1257.

471 4133 539 4202 Nos
549 4133 733 4224 capitulum
743 4137 890 4205 Eeelesie
899 4136 1126 4209 Warediensis
1138 4139 1360 4225 signilioamue
1370 4135 1488 4222 quibus

366 4241 508 4329 expedit,
535 4245 622 4330 quod
648 4244 764 4314 Comes
788 4246 911 4314 Paulus
936 4247 1021 4316 tilius
1047 4246 1204 4337 Stephani
1227 4267 1269 4314 ex
1291 4265 1360 4313 vna
1382 4251 1486 4332 purte,

365 4351 538 4420 Lediulaus
553 4358 588 4420 et
596 4353 739 4422 'I'homas
755 4353 814 4439 filij
829 4355 1003 4442 Pangraeij
1020 4353 1191 4442 degenere
1200 4352 1340 4422 Chanad
1357 4371 1399 4419 ex
1419 4351 1487 4418 alia

364 4468 456 4548 parte
472 4462 506 4529 in
523 4463 648 4530 ootauio
663 4465 776 4532 Seneti
787 4463 919 4551 Georgij
936 4485 1045 4534 eoram
1059 4464 1154 4534 nobis
1164 4463 1340 4542 constituti,
1356 4460 1485 4528 litterae

364 4567 486 4636 domini
502 4569 582 4637 liele
597 4570 737 4638 Illustris
753 4571 853 4657 Regis
867 4573 1035 4658 Hungarie
1059 4571 1152 4640 nobis
1167 4571 1352 4639 obtulerunt
1374 4567 1410 4636 in
1425 4569 1486 4636 heo

362 4675 484 4744 verba:
