3168 5186
68 1078 160 1148 obul
175 1080 237 1149 tur.
254 1079 681 1150 summoueretur
695 1079 966 1169 manusprepou
975 1105 996 1148 a
1005 1081 1109 1171 kirtly
1125 1104 1205 1170 osop-

63 1189 267 1278 lapymdoul
280 1215 301 1257 u
315 1190 422 1258 Zelchi
435 1189 571 1256 ammeio
587 1189 899 1277 birtolooiaaouyuirdl
922 1192 1107 1278 oubsydlalut
1130 1201 1205 1258 tesz-

551 1298 618 1364 uek.
633 1295 731 1366 1257.

180 1499 251 1566 Nos
265 1495 358 1566 dhar
373 1499 534 1583 Magister
550 1498 809 1568 Tsuurnioornm
833 1499 957 1568 domini
972 1499 1071 1584 Regis
1097 1507 1129 1569 ot
1146 1501 1207 1568 Oo-

66 1625 139 1674 mes
155 1603 387 1692 Zelsdieusis,
413 1606 573 1692 Magister
597 1606 786 1678 Feiioiuuus
801 1608 993 1695 Propositus
1008 1609 1206 1694 tlolooensis,

67 1713 200 1784 iudioes
217 1733 276 1801 per
291 1713 457 1784 domiuum
472 1714 594 1799 Regem
619 1716 665 1784 ad
688 1717 893 1785 rsuousudns
918 1725 1025 1786 terras
1051 1717 1205 1786 stlsstro

67 1820 266 1890 Zdadiensi
281 1821 446 1892 alienatas
463 1823 641 1910 eonstituti,
668 1823 890 1909 signifloamus
910 1825 1070 1911 omnibus,
1089 1825 1207 1910 quibus

67 1937 249 2016 presentes
265 1931 494 2018 ostendentur,
511 1932 598 2018 quod
613 1952 686 2001 oum
702 1931 851 2001 dominus
866 1933 938 2001 Rex
952 1933 1048 2001 nobis
1063 1931 1208 2002 dsdmset

68 2040 103 2105 iu
119 2037 298 2125 mundatis,
313 2047 348 2112 ut
363 2059 421 2106 uos
436 2041 471 2106 iu
487 2039 551 2108 tide
566 2041 636 2110 Deo
652 2048 685 2110 et
700 2041 826 2109 Corone
840 2043 942 2125 Regio
966 2041 1080 2110 debite
1103 2043 1204 2111 seire·

69 2167 143 2216 mus
160 2148 343 2233 ueritatem,
375 2148 405 2214 si
430 2147 489 2234 tilij
507 2148 625 2234 Heym,
652 2155 685 2218 et
700 2149 759 2235 tilij
776 2149 899 2236 Obeyd,
925 2170 966 2217 uo
990 2151 1048 2235 aiij
1075 2149 1208 2234 cognati

71 2276 184 2324 eorum
202 2253 244 2323 de
258 2255 370 2341 Zelob,
395 2255 437 2326 de
452 2256 669 2325 seruientibus
685 2256 808 2324 domiui
833 2257 932 2342 Regis
956 2258 992 2325 in
1017 2258 1209 2343 iobagiones

71 2365 185 2434 Gastri
198 2364 406 2435 Zaladiensis
422 2366 575 2451 restituti,
591 2367 685 2433 iuxta
700 2367 817 2436 Karka
829 2367 990 2436 baberent
1005 2375 1128 2438 terrem
1153 2367 1207 2434 be·

71 2473 276 2560 auditorium,
293 2482 326 2541 et
341 2475 371 2541 si
387 2475 472 2545 seire
487 2493 670 2561 possemne,
682 2473 806 2543 eisdem
823 2495 864 2543 er
879 2473 1035 2542 mandato
1051 2481 1084 2543 et
1098 2483 1208 2544 anuto-

73 2582 175 2650 ritate
190 2582 291 2666 Regis
307 2583 550 2652 restitueremus
564 2582 805 2670 possidendam
852 2585 918 2652 Nos
934 2585 1091 2652 mandato
1106 2588 1210 2670 Regio

73 2693 349 2778 obtemperantes,
364 2690 461 2758 buius
487 2693 535 2758 rei
559 2692 732 2760 ueritatem
746 2691 789 2762 ab
813 2692 962 2763 omuibus
986 2693 1150 2763 nobilibus
1175 2709 1208 2764 et

74 2799 286 2886 ignobilibus,
302 2800 455 2884 aquibus
471 2800 665 2886 expediebat
680 2806 713 2868 et
729 2799 887 2887 expedire
900 2810 1038 2888 poterut,
1061 2799 1164 2872 'tacite
1178 2809 1212 2870 et

75 2907 253 2978 manifesto
267 2929 326 2994 per
340 2909 479 2980 subtiles
494 2909 729 2995 inquisioiones
745 2909 901 2978 soiuimus
918 2912 1091 2996 ueraciter,
1106 2910 1212 2996 (quod

76 3015 174 3105 dieti)
191 3017 250 3104 tilij
267 3018 373 3104 Heym
389 3026 422 3088 et
437 3017 496 3103 tilij
513 3016 637 3102 (lbeyd,
661 3036 702 3084 ao
718 3017 776 3102 aiij
793 3016 835 3084 de
848 3017 962 3100 Zeleb,
984 3017 1078 3086 iuxta
1095 3019 1211 3086 Karka

76 3132 203 3194 terram
218 3125 376 3194 haberent
391 3125 643 3210 hereditariam,
661 3130 693 3191 et
708 3121 924 3211 possederunt
939 3123 991 3194 'ab
1007 3125 1152 3213 antiquo,
1179 3133 1212 3195 et
1348 3141 1350 3146 '

79 3237 187 3304 eeiam
202 3234 317 3302 eadem
332 3241 422 3303 terra
435 3233 518 3318 ipsis
534 3231 576 3301 de
590 3231 690 3300 Zelub
713 3239 860 3319 tempore
885 3235 1110 3303 rsuooaoionis
1136 3255 1210 3324 perf

79 3345 279 3430 petuitatum
294 3362 355 3429 per
370 3341 540 3410 duodeoim
565 3339 729 3410 indioesu
752 3340 885 3411 domiuo
909 3343 1001 3428 Rege
1027 3339 1214 3433 (deputatos

80 3456 123 3523 ab
142 3451 249 3541 oguz)
266 3453 366 3539 Banu,
384 3452 440 3539 qui
456 3449 593 3520 eandem
610 3458 731 3519 terram
757 3453 798 3521 ab
824 3451 950 3521 eisdem
973 3453 1135 3524 uiolenter
1160 3475 1212 3523 ae-

81 3571 211 3650 oeptam
229 3561 406 3648 detinebat,
420 3562 578 3649 prodiutis
594 3561 636 3631 de
649 3560 750 3631 Zelob
774 3561 882 3632 iuerat
905 3563 1066 3634 restituta.
1108 3563 1215 3645 Quum

81 3694 142 3741 nos
166 3677 278 3759 utpote
293 3671 335 3741 de
349 3672 420 3741 iure
434 3672 546 3742 iuuere
559 3673 765 3759 tonubamur‚
782 3692 824 3740 ax
838 3672 975 3759 speoisli
987 3673 1143 3743 mandato
1159 3673 1215 3743 do-

83 3782 165 3850 mini
180 3780 280 3866 Regis
297 3789 329 3850 et
338 3782 534 3852 auotoritate
550 3779 740 3869 sepedieitis
755 3782 835 3868 utije
844 3780 950 3868 Heym
960 3783 1083 3867 ettilijs
1093 3780 1217 3869 Oheyd,

84 3885 138 3974 (aa
155 3888 248 3979 alijs)
266 3888 309 3959 de
322 3889 423 3958 Zoloh
438 3889 641 3960 restituimus
660 3897 692 3959 et
708 3889 901 3975 reliquimus
925 3891 996 3957 iure
1021 3889 1217 3960 hereditario

84 4006 245 4086 perpetuo
260 3995 513 4087 possidendam,
538 3998 804 4068 eontradieoioue
828 3998 942 4086 aliqua
966 4019 1030 4066 uon
1056 4000 1216 4070 obstante.

87 4105 188 4194 (injus
204 4107 367 4195 siqnidem
381 4113 469 4178 terre
492 4104 599 4194 prims
623 4114 710 4174 mets
735 4105 850 4192 inoipit
873 4106 914 4174 de
937 4108 1040 4194 plaga
1065 4109 1218 4177 orientali

86 4215 119 4282 iu
145 4215 246 4286 fluuio
271 4215 408 4303 Karka,
433 4224 467 4284 et
491 4213 641 4284 exeundo
667 4214 710 4282 de
734 4232 866 4282 nemore
889 4215 1005 4283 Karka
1029 4215 1152 4284 direote
1175 4215 1218 4285 ud

87 4324 291 4394 uuuidentem
306 4324 401 4394 iuxta
415 4342 529 4392 nemus
544 4323 579 4390 in
594 4329 690 4409 prato
706 4325 784 4389 suut
798 4317 862 4388 due
877 4327 964 4390 mete
977 4330 1085 4409 terre;
1111 4345 1132 4389 a
1148 4323 1218 4410 qui·

87 4433 149 4502 bus
173 4430 282 4500 adhue
306 4433 350 4500 sd
376 4431 616 4501 oooidentulom
641 4430 774 4516 plagam
799 4427 835 4496 in
860 4427 958 4498 dumo
974 4438 1141 4518 oportent
1156 4430 1221 4500 due

90 4549 193 4629 mete;
209 4549 241 4611 et
257 4541 465 4630 procedendo
480 4542 598 4611 iterum
613 4538 657 4607 sd
673 4536 873 4609 ooeidentem
889 4538 924 4604 in
940 4537 1038 4608 dumo
1051 4563 1129 4628 epau
1143 4549 1220 4608 aunt
1323 4523 1329 4535 ’

87 4647 145 4718 dur
165 4657 269 4738 mete,
287 4649 407 4719 abinde
422 4649 546 4718 direote
560 4645 722 4717 ueniendo
738 4645 782 4712 sd
797 4643 997 4715 oecideutem
1023 4646 1117 4716 iuxta
1132 4649 1219 4719 uiam
