3168 5186
53 1120 147 1188 Olet
163 1121 286 1210 ktrutyi
299 1123 517 1190 ternolunerer
531 1127 562 1187 ἐι
578 1123 664 1188 salui
675 1120 876 1210 fdispa'nuak
891 1124 973 1189 birci
994 1124 1186 1206 butdroaato,

52 1229 205 1316 melylyel
214 1229 364 1317 Kappua,
374 1229 472 1296 Huda
487 1234 518 1294 e's
529 1227 709 1295 Ldezlriuulu
726 1229 1186 1316 buroluuuzabulpozza.1257.

169 1425 267 1495 Cbak
289 1427 447 1514 Magister
470 1426 726 1494 Tauernicorum
752 1426 873 1497 domini
888 1426 988 1512 Regis
1013 1434 1046 1494 et
1069 1426 1186 1497 Comes

54 1534 272 1604 Zaladiensis
287 1536 435 1604 omnibus
447 1543 642 1627 presentem
657 1535 811 1624 pagiuam
834 1535 1028 1622 inspecturis
1047 1537 1186 1604 sulutem

55 1647 89 1712 in
105 1647 257 1716 emnium
271 1649 446 1716 saluatore.
471 1647 704 1716 Vniuersornm
718 1647 838 1716 uotieie
852 1653 966 1716 tenore
981 1647 1185 1732 presencium

55 1751 216 1822 duximus
226 1755 468 1840 declarandum,
485 1753 657 1840 quodcum
673 1753 823 1824 domiuus
833 1760 943 1822 noster
953 1754 1185 1822 Belalllustris

56 1864 128 1932 Rex
144 1861 293 1949 Vngarie
318 1871 351 1932 et
365 1865 441 1932 Dux
466 1864 563 1932 Stirie
579 1863 622 1932 ad
641 1863 836 1934 mutatum
862 1864 1089 1934 Zaludiensem
1112 1866 1184 1933 vice

56 1991 201 2058 persone
225 1992 284 2041 sue
300 1975 493 2042 auctoritate
515 1973 655 2062 plen'iori
673 1995 732 2063 pro
756 1974 854 2042 iactis
869 1981 1028 2042 terrerum
1052 1981 1085 2042 et
1108 1973 1183 2058 ulijs

56 2079 188 2150 iuribus
204 2080 313 2150 casui
338 2081 482 2150 indebite
506 2083 675 2171 occupatis
700 2102 759 2151 seu
779 2081 920 2150 detentis
945 2102 1005 2151 uos
1030 2081 1183 2163 misisset,

59 2187 172 2258 dando
189 2189 223 2257 iu
249 2189 424 2275 mandatis,
449 2196 484 2259 ut
500 2190 584 2260 sicut
608 2191 682 2260 iura
697 2191 804 2262 Oestri
829 2191 955 2280 sulpur
974 2191 1058 2259 alios
1082 2189 1184 2260 nollet

58 2295 212 2382 detineri,
240 2297 289 2365 sic
305 2305 338 2366 et
352 2300 490 2368 aliorum
505 2299 578 2367 iura
593 2321 657 2369 non
673 2306 849 2387 pateretur,
873 2320 933 2368 nee
947 2321 1007 2370 nos
1022 2299 1183 2387 permitte·

59 2425 169 2475 remus
185 2405 423 2494 percussurum,
439 2409 650 2496 senpopulos
667 2409 711 2476 ad
727 2408 876 2478 Castrum
892 2409 1099 2495 pertinentes,
1126 2407 1183 2474 ali-

60 2513 223 2599 quetenus
239 2516 404 2604 occupari,
420 2515 479 2584 sed
494 2517 608 2603 pocius
624 2517 781 2602 inquisite
794 2514 1071 2606 pleninsjueritate
1085 2515 1181 2582 linem

62 2621 207 2694 debitum
222 2625 257 2692 in
271 2625 418 2712 negociis
443 2624 566 2694 talibus
591 2626 724 2694 racione
739 2625 852 2711 preuia
873 2625 1071 2710 taceremus3
1098 2625 1182 2692 inter

62 2739 171 2801 cetera
196 2734 350 2821 Kuppan,
376 2733 475 2802 Hada
498 2740 531 2802 et
555 2732 730 2802 Ladinlsus
754 2734 798 2801 ad
822 2739 968 2802 nostram
996 2731 1181 2800 accedendo

62 2840 268 2926 presenciam
282 2842 377 2911 nobis
392 2842 627 2929 querimoniam
644 2847 856 2929 porrexerunt
873 2842 908 2908 in
933 2838 1016 2908 bunc
1032 2837 1181 2908 modum:

63 2948 156 3028 Quod
171 2971 245 3020 eum
269 2959 415 3038 tempure
431 2951 642 3019 Tartarorum
656 2956 788 3037 propter
803 2951 1001 3040 paucitatem
1024 2968 1134 3016 eornm
1149 2954 1182 3016 et

63 3079 215 3143 guerram
229 3061 374 3148 nimiam,
390 3080 431 3128 ae
447 3059 605 3143 timorem,
631 3078 695 3142 que
710 3059 810 3126 corda
823 3059 892 3125 fere
916 3057 1058 3126 omnium
1080 3058 1179 3126 bomi-

65 3189 139 3240 num
153 3171 348 3255 incesseret,
373 3187 410 3237 se
425 3189 498 3236 uum
513 3166 609 3236 terris
624 3167 691 3234 suis
705 3167 963 3252 speculatoribus
982 3165 1181 3234 Zaladicnsi-

66 3275 124 3344 bus
139 3280 184 3348 de
199 3277 315 3346 Karka
338 3275 573 3361 adiunxissent,
597 3280 633 3342 ut
647 3273 822 3344 coadunati
840 3293 877 3342 se
901 3280 1035 3362 possent
1058 3279 1181 3342 susten·

65 3391 133 3453 ture
148 3383 352 3456 commodius
362 3391 395 3450 et
408 3384 502 3468 tueri,
518 3383 619 3470 ijdem
628 3382 847 3472 speculatores
855 3381 948 3469 ipsis,
964 3391 997 3450 et
1011 3383 1076 3470 ipsi
1085 3381 1180 3452 dictis

65 3493 320 3578 speculatoribus
344 3491 490 3560 vicissim
519 3490 553 3558 in
578 3491 725 3561 omnibus
755 3490 943 3577 affuissent3
975 3491 1180 3578 postmodum

66 3605 169 3670 eutem
185 3622 245 3690 per
255 3599 410 3668 Diuinam
425 3599 580 3687 pietatem
589 3601 702 3687 Regno
720 3599 764 3668 ad
779 3607 898 3669 etatum
907 3600 1073 3670 meliorem
1083 3601 1181 3669 reior-

67 3715 151 3778 meto
166 3717 201 3776 et
215 3710 249 3777 iu
261 3707 531 3792 tranquillitatem
545 3708 661 3796 posito,
679 3727 751 3776 eum
768 3728 886 3777 secum
902 3709 997 3778 terris
1013 3729 1123 3777 eornm
1138 3709 1182 3778 ab

66 3813 205 3901 ipsorum
216 3817 452 3906 speculatorum
468 3816 635 3886 consorcio
645 3837 800 3905 separare
810 3817 997 3906 voluissent,
1016 3826 1179 3902 canentes,

68 3943 106 3992 ue
119 3927 263 3996 libertati
276 3926 421 4014 ipsorum
431 3924 555 4010 aliquid
572 3924 771 4014 impingatur
784 3933 914 4014 propter
932 3927 1014 3995 tanti
1025 3926 1179 4014 temporIs

67 4035 293 4122 prolixitatem,
311 4043 345 4105 et
359 4040 592 4120 comaquenter
607 4037 750 4122 ipsorum
772 4037 945 4105 heredibus
967 4038 1001 4104 iu
1016 4035 1178 4119 futurum,

69 4139 161 4226 iidem
187 4145 411 4232 speculatores
427 4149 460 4211 et
475 4141 589 4212 tratres
615 4144 666 4212 sui
681 4143 775 4211 nobis
791 4145 917 4212 litteras
942 4143 1063 4210 domini
1078 4142 1179 4226 Regis

70 4262 298 4340 memorarunt,
314 4261 350 4322 ut
366 4252 672 4340 sciscitatapleuius
687 4254 825 4322 ueritate
839 4253 881 4320 de
894 4254 1036 4340 ipsorum
1055 4252 1181 4319 iuribus

71 4367 100 4427 et
111 4372 198 4434 statu
213 4366 311 4432 finem
337 4363 480 4435 debitum
494 4362 685 4431 faceremus.
711 4363 829 4430 Verum
845 4359 1008 4449 (quamuis
1025 4359 1181 4448 rece)ptis

70 4467 176 4544 litteris
186 4473 308 4544 domiui
323 4472 422 4560 Regis
433 4481 465 4543 et
480 4471 635 4559 inspectis
650 4469 692 4538 de
708 4468 852 4557 ipsorum
863 4477 950 4538 statu
964 4473 1068 4540 libero
1082 4468 1178 4537 nobis

71 4583 236 4654 manitesta
251 4590 285 4651 et
299 4582 434 4654 euidens
459 4581 548 4650 racio
563 4581 741 4668 patuisset3
768 4585 876 4648 tamen
892 4578 936 4648 ad
959 4581 1114 4648 maiorem
1129 4577 1179 4644 rei

71 4692 263 4764 cuidenciam
280 4714 352 4763 cum
366 4689 526 4780 scri(atim
543 4687 687 4777 domino)
703 4688 784 4772 Regi
799 4689 921 4756 factum
937 4689 1081 4776 ipsorum
1102 4687 1181 4753 reci

109 4829 205 4872 torua.
223 4833 304 4872 nuru.
321 4833 389 4868 urar.
407 4831 476 4867 nuru.
498 4839 532 4848 --
554 4819 583 4858 ¹²·
977 4808 1016 4866 30
