3186 5188
662 903 739 974 nt.

129 1085 159 1150 A
174 1087 263 1152 brioci
277 1086 494 1174 kdptaianoulr
517 1085 785 1173 bizonpodpleoele,
806 1087 888 1174 bopp
907 1085 988 1154 Ioctn
1007 1088 1192 1154 Forieosnok
1206 1089 1260 1172 flu

170 1215 214 1258 ez.
230 1193 355 1261 mitiori
369 1194 503 1261 be'otokdt
517 1218 538 1259 α
553 1193 771 1281 wdkonoppet
780 1192 974 1280 fiir'epdonok
988 1197 1100 1262 eludta.
1116 1195 1213 1262 1244.

237 1385 424 1476 Capitulum
439 1387 632 1466 Beohionsis
648 1387 796 1458 Eoeiesio
819 1391 980 1458 uniuersis
1004 1400 1189 1478 presentem
1202 1412 1259 1479 pu·

127 1495 241 1582 ginarn
266 1495 464 1582 inspeetnris
488 1495 628 1564 sulutem
652 1499 686 1564 in
701 1495 852 1568 Domino.
877 1498 1090 1566 Vniuersituti
1113 1499 1259 1569 bdelium

127 1603 335 1692 presentibus
344 1603 550 1672 innotescero
566 1604 726 1689 nolumus,
743 1604 833 1690 quod
844 1624 955 1673 oororn
965 1606 1061 1674 nobis
1077 1606 1259 1674 astantibus

126 1713 210 1778 luen
225 1709 294 1777 iilio
305 1709 456 1796 Forousij
471 1728 513 1777 ex
523 1730 589 1779 unu
599 1717 704 1798 parto,
724 1712 909 1800 smaragdo
918 1711 1089 1801 Proposito
1098 1713 1140 1780 de
1150 1714 1261 1782 Hontu

127 1838 185 1905 pro
203 1816 305 1886 tratre
321 1836 381 1886 suo
397 1853 441 1866 -
459 1855 497 1864 -
518 1815 561 1884 do
578 1817 704 1886 Oomite
719 1817 761 1886 de
771 1817 887 1887 Wloov
898 1838 939 1887 ex
959 1820 1073 1906 alteru,
1089 1821 1260 1908 proposuit

127 1925 235 1994 dietus
250 1927 342 2012 luen,
369 1924 458 2012 quod
476 1964 514 1973 -
534 1962 578 1974 -
594 1963 638 1974 —
654 1963 699 1976 -
712 1931 816 1995 totam
830 1933 950 1994 terram
974 1948 1068 1996 suam
1083 1927 1125 1994 de
1138 1929 1258 1998 Sanoto

127 2034 290 2103 Niobolno
307 2034 457 2121 cognatis
473 2033 542 2104 suis
557 2033 842 2102 oonsonoientibns
859 2033 1009 2103 uendidit
1027 2054 1086 2122 pro
1102 2053 1161 2102 sex
1176 2055 1258 2102 mur-

128 2143 185 2229 eis,
202 2143 347 2230 poounia
361 2162 451 2230 nero,
468 2143 553 2211 siout
568 2162 610 2210 ex
626 2141 777 2230 portibus
793 2142 960 2229 scierimus,
987 2142 1134 2230 plenarie
1150 2161 1259 2229 perso-

128 2253 207 2320 inte
224 2249 383 2338 utigitur
398 2256 496 2337 gesta
519 2269 629 2319 oorarn
646 2248 741 2317 nobis
758 2250 973 2319 stabilitatem
994 2250 1170 2338 optineant,
1186 2272 1259 2337 pre·

128 2367 236 2430 sentos
250 2361 379 2430 litteras
405 2361 583 2448 alphabeto
610 2359 785 2429 intorsisse
802 2361 905 2447 sigilli
924 2361 1027 2429 nostri
1045 2361 1259 2448 impressione

129 2469 554 2558 oonoessimusoonfirmori‚
571 2489 657 2539 anno
667 2468 779 2556 grooie
794 2471 841 2537 Μο
851 2468 917 2538 00⁰
927 2469 1070 2538 XXXX·
1080 2470 1168 2538 11110.
1184 2469 1258 2537 Vin·

129 2581 241 2649 oenoio
266 2579 458 2667 Proposito,
482 2579 572 2649 Zoon
596 2581 745 2665 Leotoro‚
770 2579 914 2665 Syrnono
939 2575 1099 2662 Oantoro,
1124 2572 1259 2645 Andreo

130 2689 371 2758 Arobidiooono
386 2689 580 2776 syrmiensi,
595 2685 761 2757 Anthonio
776 2686 1017 2756 Arohidiuoono
1036 2685 1257 2772 Soegodiensi‚

129 2797 274 2867 Adriano
296 2797 450 2882 Custode,
467 2797 606 2866 Nioolno
622 2797 768 2884 Ueneno,
793 2796 974 2880 ueterisque
994 2794 1167 2865 canonicis
1186 2795 1256 2863 Deo

130 2905 266 2976 felioiter
285 2905 558 2975 ministrantibus.

492 3086 522 3152 A
681 3084 710 3150 Β
870 3079 898 3151 0

131 3285 266 3352 (Eredotio
278 3279 454 3351 biirbrirtysin²
474 3281 587 3350 melyrbl
598 3296 616 3332 n
627 3280 720 3348 peostt
739 3281 897 3334 ulvosuette
915 3276 1015 3333 rumolt
1029 3279 1075 3347 hg.
1093 3277 1257 3346 Esrtsrbiry

540 3369 631 3450 osuipd
645 3369 851 3438 lostitirtban.)

561 3652 824 3671 a*
