3186 5188
898 850 975 920 los.

371 1035 404 1100 A
419 1035 552 1101 coucddi
576 1040 607 1098 e's
624 1033 714 1098 orodi
737 1031 988 1118 supratacotnat
1005 1031 1156 1116 jecorem,
1181 1033 1297 1120 boppo
1314 1027 1392 1095 147.
1417 1055 1461 1096 aa.
1484 1034 1519 1094 α’

370 1143 488 1230 birdlpc‘
499 1162 640 1229 paramo
663 1140 743 1207 urat
762 1139 849 1205 aelu'k
872 1141 1069 1227 ompbappott
1092 1140 1337 1226 batdrjdrdabao
1363 1137 1516 1224 etjdrtalc.

885 1243 983 1311 1247.

483 1446 769 1514 Excellentissimo
787 1443 918 1511 domino
929 1463 987 1511 suo
998 1442 1079 1512 Bela
1089 1441 1152 1509 Dei
1162 1441 1277 1529 gracia
1284 1443 1411 1510 illustri
1422 1443 1513 1529 Regi

374 1555 543 1643 Hungaric
559 1555 742 1644 Capitulum
760 1552 998 1622 Chanadiensis
1015 1559 1047 1619 et
1067 1551 1256 1620 Orodiensis
1272 1551 1423 1620 Ecclesie
1438 1571 1514 1619 ora-

375 1665 484 1732 ciones
508 1664 542 1730 in
558 1663 698 1733 Domino
723 1661 789 1729 filio
806 1659 953 1746 Virginis
967 1658 1119 1727 Gloriose
1143 1659 1274 1727 debitas
1297 1679 1337 1726 ac
1353 1657 1510 1728 denotas.

374 1773 516 1842 Litteras
533 1771 650 1840 Vestre
676 1768 869 1840 screnitatis
894 1768 1020 1838 nouerit
1045 1766 1211 1837 Gclsitudo
1226 1768 1345 1836 Vestra
1368 1786 1432 1836 nos
1458 1788 1513 1834 re-

374 1880 502 1969 cepisse
516 1881 551 1946 in
566 1880 628 1947 heo
646 1878 759 1947 rerba.

482 1987 563 2056 Belu
578 1988 641 2055 Dei
667 1986 780 2074 gracia
795 1987 965 2072 Hungarie
980 1986 1052 2054 Rex
1073 1985 1135 2052 stb.
1154 1983 1249 2074 (mint
1272 1982 1407 2052 fentobb
1432 1983 1511 2050 147.

375 2098 465 2164 suam
481 2091 588 2181 slatt.)

482 2202 552 2272 Nos
568 2202 668 2288 igitur
678 2203 841 2290 preceptis
859 2221 898 2268 ac
915 2199 1078 2269 mandatis
1089 2199 1282 2268 Serenitatis
1295 2201 1413 2268 Vestro
1428 2198 1508 2267 fide-

375 2313 450 2379 liter
476 2310 737 2397 obtemperantes
749 2361 758 2396 ,
784 2318 819 2377 vt
837 2317 995 2394 tenemur,
1021 2310 1127 2377 socios
1152 2314 1281 2376 nostros
1307 2306 1507 2393 fidedignm,

376 2419 536 2488 loannem
553 2416 729 2486 Custodem
752 2418 795 2484 dc
813 2416 964 2504 Capitulo
989 2415 1220 2500 Ghanadiensi,
1243 2421 1277 2483 et
1300 2415 1509 2503 Stephanum

377 2527 546 2593 Lectorcm
570 2521 784 2593 Orodiensem
810 2545 882 2592 cum
898 2523 1045 2610 predicto
1063 2524 1195 2593 bomine
1218 2532 1327 2592 vestro
1347 2523 1508 2608 Magistro

376 2634 472 2700 Petro
498 2631 571 2700 vics
595 2639 708 2700 nostra
724 2631 871 2698 misimus
897 2652 956 2717 pro
971 2629 1156 2699 testimonio
1183 2628 1227 2696 ad
1241 2629 1406 2717 premissa
1431 2650 1506 2697 exe·

377 2737 526 2826 quenda3
553 2740 608 2826 qui
632 2739 763 2824 quidem
787 2741 883 2808 bomo
904 2747 1013 2806 vester
1037 2759 1109 2806 oum
1128 2738 1284 2826 predictis
1309 2725 1509 2823 testimonijs

377 2849 495 2917 nostris
522 2847 565 2913 ad
587 2865 647 2912 nos
672 2847 844 2914 redeuntes
869 2847 964 2914 nobis
990 2845 1073 2913 dixit
1097 2845 1275 2929 requisitus
1299 2846 1509 2931 presentibus

378 2954 478 3041 sociju
492 2954 624 3037 nostris,
651 2951 739 3038 quod
755 2954 945 3022 conuocatis
961 2953 1111 3021 omnibus
1127 2952 1359 3021 commetaneis
1378 2959 1412 3018 et
1427 2951 1507 3018 vici-

377 3063 429 3131 nis
442 3060 608 3129 nobilibus
625 3061 666 3126 de
682 3081 803 3146 genere
819 3082 888 3148 suo,
914 3067 1170 3149 prememoratus
1186 3068 1302 3147 terras,
1328 3060 1427 3129 villas
1449 3081 1509 3128 seu

379 3171 618 3257 possessiones,
644 3169 769 3236 scilicet
793 3167 1047 3257 Pangraehiaya
1073 3177 1106 3238 et
1130 3169 1406 3256 Pangrachteluk‚
1433 3188 1509 3234 cnm

377 3279 504 3365 piscina
519 3277 834 3362 Pangrachewrcmc
850 3285 978 3364 vocata,
996 3285 1029 3346 et
1044 3279 1149 3365 syluis
1159 3277 1328 3365 glandium
1344 3295 1448 3358 usque
1464 3276 1510 3341 ad

379 3395 506 3472 portum
517 3384 665 3470 Murusij,
682 3405 756 3453 oum
771 3387 959 3454 nemoribus
976 3387 1017 3454 dc
1033 3385 1161 3454 duabus
1173 3387 1321 3473 partibus
1338 3383 1510 3452 collatera-

379 3492 466 3560 libus
481 3488 658 3558 ea'rundem
674 3492 835 3577 villarum,
853 3491 959 3561 enndo
976 3493 1095 3560 deinde
1110 3511 1224 3562 versus
1243 3495 1412 3577 Zarrazm,
1434 3511 1510 3558 cum

378 3597 514 3684 campis,
525 3595 652 3682 iunctis,
662 3599 758 3666 terris
768 3599 960 3686 arabilibus,
972 3600 1088 3686 etalijs
1099 3600 1293 3668 utilitatibus
1304 3618 1363 3687 per
1373 3605 1505 3665 veteres

380 3712 485 3773 metas
497 3704 709 3792 cboueund05
726 3707 805 3776 item
818 3705 968 3801 Kysfalw
986 3708 1109 3775 etZent
1123 3707 1287 3776 Leurenca
1297 3711 1510 3790 cumstanno,

380 3809 467 3896 quod
485 3819 621 3898 separat
636 3813 678 3882 de
688 3815 831 3883 Marusio
847 3815 1006 3902 incipiens
1026 3836 1047 3882 a
1062 3814 1292 3883 villacomitis
1307 3817 1381 3882 Isac
1395 3814 1511 3882 fratris

379 3919 431 3988 sui
448 3920 558 3988 Vlunk
574 3927 702 4007 vocata,
719 3923 868 3991 excundo
885 3925 918 3990 in
935 3943 1085 4010 campum
1101 3943 1213 3990 versus
1230 3923 1390 3990 Zarrazer
1406 3943 1511 4008 vsque

378 4029 423 4096 ad
438 4028 603 4115 quandam
619 4030 744 4118 uillam,
771 4050 834 4116 que
850 4031 1061 4100 communiter
1085 4030 1274 4117 possidetur
1293 4049 1367 4098 cum
1383 4029 1512 4100 comite

379 4135 537 4223 Gregorio
552 4137 744 4205 etDionisio
759 4137 860 4205 fratre
876 4136 1032 4223 eiusdem,
1049 4139 1155 4223 Isaac,
1175 4138 1338 4224 Bamaba,
1356 4139 1509 4227 Philippo

381 4252 413 4312 et
428 4244 633 4332 Pangraoi03
648 4245 725 4311 item
742 4252 892 4330 quartam
908 4251 1033 4332 partem
1044 4246 1206 4312 Tbcmbcs
1224 4266 1245 4311 a
1263 4249 1357 4331 parte
1374 4246 1510 4315 oricntis

378 4372 452 4418 cum
480 4351 608 4418 duabus
633 4351 892 4419 extremitatibus
918 4351 1028 4438 platee
1040 4405 1048 4438 ,
1080 4358 1113 4418 et
1138 4351 1287 4420 omnibus
1311 4351 1509 4420 utilitatibus

378 4465 492 4544 quarte
515 4457 621 4544 partis
637 4457 783 4524 eiusdem
799 4458 884 4542 ville,
911 4456 1047 4542 piscinis
1063 4457 1226 4542 videlicet,
1253 4458 1368 4543 syluis‚
1394 4463 1508 4547 pratis,

376 4563 494 4632 fenctis
513 4569 544 4630 et
559 4562 655 4629 terris
671 4563 871 4648 arabilibus3
897 4563 977 4629 item
993 4563 1107 4632 Ladan
1124 4584 1196 4630 cum
1213 4569 1284 4630 tota
1300 4567 1398 4651 syloa
1415 4567 1507 4650 glan-
