3186 5188
616 325 766 427 ss„

102 518 205 589 diurn
215 542 319 608 usque
341 521 388 591 ad
404 523 486 592 lines
496 523 574 591 uille
585 522 729 590 Zumbur
744 544 766 589 a
780 530 876 610 parte
886 525 1075 612 ooeidentis,
1093 533 1126 594 et
1136 526 1253 594 deinde

108 627 248 700 direete
264 631 370 698 eundo
383 649 442 718 per
457 635 562 699 metas
577 650 680 715 usque
696 631 740 698 ad
754 631 941 719 llorusium,
959 639 993 700 et
1007 653 1067 720 per
1075 633 1252 702 llorusium

102 755 221 824 supra
241 757 345 823 usque
369 738 413 806 ad
429 743 535 806 metas
550 737 629 806 uille
650 737 770 806 Polata
787 747 914 825 uocate,
939 761 1003 826 que
1028 739 1178 810 similiter
1201 746 1253 809 est

105 865 191 931 sua;
211 846 290 916 item
300 847 414 915 uillam
424 847 573 932 Palatia,
586 865 649 933 que
661 847 1250 939 unonomiueKelemenuspalataya,

107 954 184 1021 alio
203 953 337 1023 nornine
361 954 516 1023 moderno
535 955 709 1042 Pangraeh
732 957 892 1044 palateya
915 965 1062 1043 uooatur,
1087 977 1161 1026 ourn
1182 964 1253 1029 tota

108 1063 219 1148 sylva
242 1065 413 1150 glandium
437 1083 552 1132 uersus
567 1063 726 1133 orientem
740 1085 843 1151 usque
862 1064 1002 1135 adfines
1017 1066 1096 1134 uille
1117 1068 1250 1137 Ohwolr·

107 1170 208 1257 kuud,
235 1193 300 1258 que
316 1191 388 1241 oum
404 1175 478 1242 Isae
494 1179 526 1240 et
539 1172 649 1258 Wgud
665 1171 707 1241 de
721 1188 841 1259 genere
861 1172 1007 1264 chanad,
1031 1196 1096 1262 que
1112 1195 1251 1244 eommu-

107 1280 204 1346 niter
220 1281 265 1346 ab
283 1279 407 1348 eisdem
422 1277 616 1367 possidetur,
642 1287 674 1347 et
688 1279 766 1348 iude
780 1300 839 1368 per
853 1289 981 1352 ueteres
999 1291 1107 1352 metas
1122 1291 1156 1352 et
1171 1285 1251 1351 anti·

108 1405 202 1470 quas
220 1386 315 1454 uadit
329 1405 445 1455 uersus
460 1385 646 1472 aquilonem
663 1407 765 1474 usque
781 1387 825 1458 ad
841 1396 971 1476 portum
985 1392 1131 1478 Morusij,
1150 1411 1172 1458 a
1188 1410 1251 1458 me-

1 1507 2 1510 ’
110 1494 203 1560 ridie
220 1515 298 1563 uero
313 1495 432 1563 transit
455 1493 489 1562 in
505 1515 666 1583 eampum,
692 1503 725 1564 et
740 1496 834 1565 usdit
848 1497 934 1565 ultra
950 1517 1047 1566 unam
1062 1498 1182 1566 uallem
1204 1499 1251 1567 lu-

109 1608 227 1674 tosam
245 1611 278 1672 et
289 1624 458 1689 aquosam,
474 1610 507 1672 et
521 1604 567 1671 lbi
578 1604 807 1690 oontinguatur
817 1605 912 1674 terris
920 1605 1079 1673 nobilium
1096 1604 1249 1690 deBeer;
1270 1684 1273 1691 ¹

115 1714 244 1783 deiude
260 1713 364 1780 uuadit
387 1733 502 1782 uersus
528 1713 727 1782 oooidentem
751 1733 810 1799 por
835 1720 940 1782 metas
965 1712 1010 1782 ad
1034 1719 1156 1781 terram
1173 1714 1250 1781 Pra-

116 1823 374 1910 danmunustra,
391 1821 447 1889 ubi
457 1827 826 1908 sunttresmeteterree,
838 1821 1251 1910 quammuuapertinetad

115 1938 245 2000 terram
261 1930 573 2015 Pradanmunustra,
589 1930 736 2000 seeundo
751 1929 795 1997 ad
814 1929 927 1998 uillam
937 1929 1063 2016 Ladan,
1084 1931 1186 2000 teroia
1201 1937 1251 1998 est

116 2040 228 2126 ipsius
245 2039 325 2106 uille
341 2039 483 2106 Palatba
492 2043 617 2124 uooute,
635 2046 669 2106 et
683 2038 733 2106 sio
747 2038 794 2105 ibi
808 2037 1020 2123 terminatur;
1039 2037 1117 2105 item
1132 2035 1250 2105 medie·

114 2154 224 2216 tatem
239 2146 321 2214 ville
336 2147 425 2214 Beeb
442 2151 572 2235 aparte
591 2145 750 2231 meridiei,
779 2165 852 2214 ourn
867 2145 1040 2215 medietate
1063 2143 1172 2234 pontis
1195 2145 1250 2212 tri·

118 2255 191 2324 buti
207 2254 356 2322 eiusdem
373 2253 461 2339 uille,
488 2260 520 2320 et
534 2254 683 2322 omnibus
704 2253 781 2339 alije
795 2253 1000 2339 utilitatibus,
1025 2253 1131 2339 terris,
1152 2251 1247 2340 pisei·

113 2362 180 2448 nis,
204 2360 322 2446 pratis,
353 2360 475 2428 directe
499 2360 542 2429 ad
568 2360 775 2428 medietatem
800 2358 1049 2447 pertinentibus,
1076 2359 1146 2427 alia
1168 2377 1246 2427 uero

118 2469 298 2538 medietate
325 2467 394 2535 suis
425 2467 583 2553 proximis
608 2466 757 2535 similiter
782 2485 854 2535 oum
881 2465 1030 2535 omnibus
1055 2464 1249 2534 utilitatibus

118 2583 330 2660 remanente,
355 2573 432 2640 item
447 2574 668 2660 Eghaaasker,
686 2574 777 2643 euius
795 2575 935 2643 eoelesia
949 2579 1000 2642 est
1015 2579 1202 2642 eonstruota
1216 2573 1249 2640 in

118 2687 278 2752 honorem
302 2682 406 2749 Mario
426 2682 580 2766 Virginis,
604 2701 677 2750 oum
703 2680 855 2751 omnibus
879 2679 1073 2748 utilitatibus
1097 2681 1167 2748 suis
1190 2699 1250 2766 per

119 2793 276 2876 antiquas
293 2795 399 2858 metas
414 2790 552 2876 girando
562 2792 789 2876 oireumoiroa;
809 2789 887 2857 item
896 2791 1010 2858 Rasan
1025 2787 1176 2856 similiter
1190 2807 1249 2874 per

121 2901 278 2985 antiquas
294 2904 400 2966 metas
416 2896 621 2982 oirouenndo,
638 2902 670 2964 et
686 2898 818 2965 easdem
833 2898 867 2963 in
884 2896 1032 2984 pluribus
1051 2895 1249 2979 renouando,

119 3008 273 3076 similiter
288 3027 361 3074 eum
376 3006 525 3076 omnibus
540 3005 754 3091 utilitatibus,
771 3005 848 3072 item
865 3005 948 3070 Zent
963 3003 1105 3070 Miklous
1123 3023 1182 3088 per
1197 3024 1250 3070 an-

119 3118 232 3199 tiquas
248 3121 363 3202 metas,
390 3113 576 3201 incipiendo
593 3120 722 3200 aparte
737 3111 923 3196 ooeidentis,
951 3109 1090 3195 girando
1106 3129 1166 3178 seu
1191 3109 1248 3177 eir·

120 3223 271 3291 oueundo
286 3244 346 3311 per
360 3223 636 3310 septemtrionem,
647 3221 843 3305 aquilonem,
855 3219 1011 3286 orientem
1023 3222 1055 3283 et
1070 3215 1248 3300 meridiem,

1 3309 2 3336 ¹
118 3339 150 3398 et
167 3351 275 3400 nouas
292 3330 455 3416 erigendo,
474 3330 624 3398 similiter
640 3349 712 3397 oum
729 3327 878 3396 omnibus
892 3323 1087 3396 utilitatibus
1102 3329 1135 3390 et
1150 3324 1249 3411 perti-

120 3441 249 3524 nenoijs
265 3440 355 3525 suis;
381 3441 459 3506 item
476 3438 592 3506 Oboka
609 3458 682 3504 oum
697 3436 847 3505 omnibus
862 3433 1044 3522 piseaturis,
1065 3432 1162 3500 terris
1180 3453 1249 3500 ara

120 3548 256 3634 bilibus,
274 3547 401 3633 fenetis,
427 3548 531 3635 pratis
547 3552 579 3614 et
594 3546 672 3634 alijs
688 3545 837 3614 omnibus
853 3543 1058 3631 utilitatibus,
1084 3561 1147 3628 que
1163 3542 1250 3610 intra

122 3665 228 3725 metas
253 3657 406 3742 antiquas
423 3661 456 3726 et
471 3662 647 3725 renouatus
662 3652 809 3722 eiusdem
824 3653 901 3722 uille
920 3653 1100 3721 existentes
1114 3670 1187 3720 esse
1205 3650 1252 3719 di·

121 3770 317 3851 noscuntur,
342 3765 421 3833 item
435 3763 613 3832 Barumloh
629 3761 780 3830 similiter
804 3782 876 3830 oum
892 3761 1042 3830 omnibus
1058 3758 1251 3828 utilitatibus

120 3881 153 3941 et
166 3872 381 3962 pertinenoijs
397 3868 615 3939 existentibus
631 3869 718 3938 intra
733 3875 848 3952 metas,
873 3886 936 3953 que
951 3864 1179 3956 possessiones
1194 3863 1252 3932 lra-

120 3981 186 4050 bite
202 4001 277 4048 oum
293 3980 388 4049 metis
413 3980 458 4048 ad
473 3979 615 4048 inuieem
631 3977 870 4062 coniunguntur
896 3983 929 4044 et
950 3974 1190 4059 contiguautur,
1217 3972 1252 4040 iu

1 4143 2 4164 1
119 4109 258 4175 quarum
278 4089 375 4158 metis
399 4095 431 4155 et
456 4087 626 4156 uioinitate
649 4085 795 4172 piseina,
823 4102 885 4169 que
912 4081 1096 4168 antiquiore
1119 4078 1251 4148 nomine

119 4197 319 4268 Potholxtouu
335 4203 478 4284 uocatur,
506 4217 565 4284 per
580 4193 740 4279 quosdam
755 4199 864 4261 autem
879 4189 1117 4274 Ohalathouua,
1144 4191 1176 4254 et
1192 4206 1251 4274 per

118 4309 202 4376 alios
218 4305 444 4376 Rasanthouua
459 4310 677 4390 nunoupatur,
694 4299 810 4368 eadem
825 4297 955 4386 pisoina
971 4295 1005 4364 in
1017 4296 1117 4378 longo
1133 4301 1166 4362 et
1181 4293 1250 4362 lato

120 4438 191 4486 oum
206 4414 448 4503 prenominatis
459 4410 724 4501 possessionibus
740 4415 773 4475 et
784 4424 894 4474 earum
904 4401 1143 4472 utilitatibusin
1161 4407 1251 4489 toto,

118 4524 196 4592 itern
215 4520 405 4591 Temeriuen
415 4519 675 4607 propel'yeiarn,
695 4535 768 4583 oum
783 4510 968 4581 nemoribus
985 4510 1018 4576 in
1028 4507 1154 4578 duobus
1170 4508 1253 4578 loeis

117 4632 351 4715 existentibus,
369 4637 402 4696 et
416 4628 492 4713 aliJs
502 4625 699 4695 utilitatibus
715 4623 794 4707 suis,
812 4641 875 4706 que
885 4621 971 4687 intra
987 4625 1091 4686 motos
1108 4615 1253 4685 eiusdem

1030 4735 1092 4790 16·
