3162 5188
650 315 806 418 3,ρῖ-

144 505 269 574 metis
285 513 318 574 et
334 508 492 595 terminis,
511 529 567 578 seo
585 510 688 578 eciem
705 511 973 584 distinccionibns
987 520 1208 609 terminorum,
1237 525 1307 611 qui·

137 610 228 682 bus
254 634 312 700 per
332 618 457 704 priores
472 610 682 705 possessores
707 617 848 688 iimitsta
863 623 972 690 extitit
995 643 1053 694 seu
1068 646 1235 713 possesso.
1263 633 1307 705 Vt

150 719 281 806 igitur
297 723 394 792 huius
409 732 521 795 nostro
547 725 737 795 donacionis
752 729 853 796 series
870 731 966 800 robur
988 733 1136 802 obtineat
1150 743 1305 826 perpetue

154 824 353 918 tirmitotis,¹
379 853 440 901 nco
456 853 613 921 processu
629 841 809 923 temporum
826 839 930 924 possit
955 839 988 906 in
1003 840 1127 911 irritum
1145 849 1304 933 reuocari,

153 948 348 1026 presentes
365 943 587 1012 concessimus
599 943 725 1012 litteras
743 945 881 1033 duplicis
897 948 998 1034 sigilli
1007 951 1110 1018 nostri
1128 954 1305 1025 munimine

149 1050 362 1120 roboratos.
380 1051 502 1119 Dctnm
519 1069 580 1140 per
594 1069 709 1121 manns
725 1053 858 1123 discreti
873 1056 936 1124 uiri
952 1058 1101 1143 Magistri
1120 1059 1214 1130 Pculi
1229 1065 1304 1134 Pre-

148 1157 276 1243 positi
291 1157 447 1227 Aliensis
473 1160 547 1227 aule
572 1169 683 1230 nostre
700 1163 988 1252 Vico-Ocnoeilarij
1013 1165 1124 1236 dilecti
1149 1178 1182 1238 et
1196 1170 1303 1242 tidelis

154 1266 291 1332 nostri.
317 1267 413 1335 Anno
429 1265 563 1336 Domini
584 1269 630 1335 M⁰
645 1267 710 1336 00ο
725 1271 1004 1359 quinquagesimo,
1030 1275 1114 1344 xw.
1140 1277 1302 1349 kalendas

154 1372 378 1458 Decembris,
396 1375 502 1460 Regni
519 1380 626 1444 entem
643 1379 746 1446 nostri
761 1380 917 1449 vicesimo
932 1381 1054 1468 quinto.

150 1571 308 1633 {Ercdetie
322 1590 339 1627 e
352 1575 442 1642 any
456 1573 549 1629 cssltd
561 1575 746 1631 ieveitfirtbsm
757 1596 765 1640 ς
778 1574 910 1632 ωᾶοοίεὶι
922 1591 939 1632 ι
950 1581 1066 1649 Engyon
1074 1581 1224 1638 Aksdemis
1238 1585 1299 1640 kes-

561 1669 624 1720 irsti
644 1665 915 1738 gytjsenenytben)

594 1974 851 1987 m

689 2490 767 2561 216.

167 2673 187 2737 I
193 2671 231 2736 V.
247 2672 329 2738 Boio
343 2671 448 2758 leonto
464 2672 569 2758 Ftttp
595 2674 728 2758 reprobi
739 2673 860 2759 picpo'lc
874 2681 904 2738 e‘o
928 2685 1048 2741 tcctccre
1067 2675 1182 2740 Tamn's
1197 2699 1294 2743 comcs

160 2781 316 2846 ontimana
332 2781 506 2865 mocpcrcim'ts‘
521 2780 606 2866 otyja
622 2779 668 2846 II.
680 2781 799 2862 Endos,
815 2788 845 2846 e's
860 2783 942 2866 eajcit
955 2783 1062 2864 elthei,
1077 2781 1199 2850 Ζοίοηα
1214 2790 1292 2850 neoti

408 2887 537 2954 bs'rtokot
552 2892 705 2975 tdrpyczo'
721 2890 922 2975 adomdnycit.
943 2887 1042 2955 1250.

276 3085 346 3153 Nos
371 3083 514 3152 Methins
530 3084 594 3153 Dei
617 3083 732 3170 grecie
754 3083 825 3150 Rex
843 3082 1024 3169 limparis,
1048 3085 1203 3152 Bohemie
1226 3092 1288 3154 etc.

162 3193 323 3262 memorie
347 3191 622 3276 commendemus,
649 3189 734 3278 quod
751 3189 785 3257 in
800 3189 991 3276 Ncwburgo
1005 3189 1181 3260 Ginnstroii
1206 3191 1289 3261 serio

160 3300 266 3370 tercia
283 3299 435 3387 proximo
460 3307 535 3388 post
551 3301 672 3369 testum
688 3298 926 3394 lipihoniorum
942 3298 1073 3367 Domini
1098 3319 1184 3367 anno
1203 3300 1285 3368 cius·

161 3409 238 3478 dem
255 3408 428 3479 millesimo
454 3408 777 3496 quadringentesimo
792 3406 991 3493 octogesimo
1012 3407 1125 3492 quinto
1140 3407 1287 3496 proxime

160 3525 341 3603 transacto,
363 3517 470 3588 tidelis
494 3523 605 3587 noster
620 3518 780 3604 Dgregius
795 3516 962 3586 iohannes
988 3518 1029 3584 do
1052 3516 1287 3604 Zenthgyrolth

161 3631 310 3695 nostrum
326 3625 463 3696 veniens
478 3626 512 3692 in
528 3633 737 3713 conspectum
752 3625 785 3691 in
802 3644 864 3692 sno
877 3624 1094 3694 ooFroneisci
1109 3624 1218 3693 fratris
1233 3626 1285 3696 sui

160 3734 305 3802 cormelis
330 3732 516 3804 nominibus
531 3741 566 3802 et
580 3735 613 3802 in
638 3735 787 3822 personis
804 3733 898 3803 nobis
915 3753 1077 3820 exponere
1102 3738 1234 3803 curerat
1251 3734 1284 3802 in

161 3844 249 3910 huno
274 3841 425 3912 modum:
443 3843 531 3930 qnod
556 3842 641 3912 alios
665 3843 699 3912 in
725 3843 866 3930 quedem
891 3861 993 3910 cause
1015 3841 1099 3910 inter
1123 3841 1284 3926 Egregios

161 3949 386 4037 Benediotnm,
412 3951 596 4020 Johcnnem
613 3957 647 4020 ot
663 3952 862 4039 Stephanum
878 3951 919 4018 de
935 3950 1078 4036 Thema,
1101 3956 1136 4017 vt
1154 3953 1284 4018 soteres

160 4059 204 4127 ab
231 4078 306 4144 one,
332 4063 366 4124 ct
391 4059 480 4148 ipsos
496 4058 679 4129 Johonncm
705 4065 739 4126 et
753 4059 963 4127 Franciscnm
988 4057 1077 4125 velut
1091 4057 1125 4125 in
1150 4073 1283 4126 oensem

160 4172 319 4236 attrectes
339 4165 489 4253 portibus
508 4167 681 4251 obeliero,
699 4187 787 4236 anno
802 4165 955 4234 videlicet
980 4165 1072 4233 cuins
1087 4170 1164 4232 tunc
1181 4165 1284 4232 torcia

122 4263 125 4267 ’
157 4273 342 4342 instetissct
358 4274 532 4359 reuoiocio,
549 4273 723 4345 occasione
738 4273 941 4360 quorundam
957 4271 1201 4359 possessionum
1212 4273 1283 4341 Zie-

156 4400 282 4470 wynyc
297 4385 331 4448 et
345 4379 524 4450 Keresthnr
540 4387 729 4451 vocatorum
744 4377 778 4446 in
794 4377 957 4447 Comitstu
976 4378 1131 4448 Grisicnsi
1154 4380 1281 4450 habito-

157 4513 239 4577 rnm,
265 4489 299 4556 in
316 4488 441 4558 octonis
466 4490 541 4558 testi
557 4489 815 4577 Epiphaniarnm
831 4487 964 4554 Domini
988 4507 1097 4556 eorem
1113 4488 1282 4556 Personcii

154 4601 278 4666 Nostro
303 4600 479 4666 l'rcsenoio
506 4608 539 4667 ct
566 4599 735 4686 Magistris
762 4596 1020 4665 Prothonotcriis
1045 4595 1140 4664 (turio
1171 4603 1280 4664 nostre
