3226 5194
633 377 794 484 ffl-

147 577 273 646 abinde
288 575 407 644 transit
422 595 483 662 per
497 571 675 660 uirgultum
691 571 736 642 ad
751 572 897 661 fluuium,
914 573 1007 642 iuxta
1020 593 1115 661 quem
1127 580 1203 642 sunt
1217 572 1282 643 (lue

148 692 237 756 mete
262 687 324 754 sub
349 683 452 754 tribus
477 681 649 752 arboribus
672 682 813 771 ylieum3
846 686 983 771 posthae
1007 685 1134 772 regitat
1163 703 1278 754 versus

148 793 338 878 aquilonem
354 791 389 858 in
414 797 524 859 meatu
549 789 697 858 eiusdem
722 789 813 876 fluuij
831 789 875 857 ad
899 799 1005 862 metas
1029 797 1115 862 terre
1138 791 1280 861 liliorum

148 900 436 987 Petriangulares,
454 897 542 967 etibi
558 905 644 968 mete
653 897 757 986 ipsius
772 903 858 967 terre
868 899 1092 970 terminantur.
1108 901 1281 970 Adicimus

147 1010 264 1096 eciam,
281 1007 413 1094 quodsi
429 1007 542 1090 aliqua
557 1005 685 1092 questio
700 1015 815 1075 eontra
828 1007 1011 1095 predictum
1027 1010 1208 1097 Herrieum,
1224 1011 1279 1079 vel

149 1119 221 1188 eius
237 1117 385 1203 heredes,
401 1118 534 1186 racione
559 1116 645 1184 dieto
661 1121 747 1185 terre
761 1117 894 1184 uendite
909 1118 1145 1206 superuenerit‚
1172 1117 1278 1207 ipsam

148 1230 354 1312 questionem
363 1227 469 1294 dietus
480 1225 554 1313 Gal,
572 1233 603 1294 et
613 1225 831 1312 prenominati
842 1227 899 1314 filij
912 1225 1053 1313 Gurgus,
1070 1227 1279 1316 uelipsernm

149 1338 289 1406 heredes
304 1336 502 1404 tenebuntur
529 1334 685 1421 expedire
701 1343 734 1404 et
750 1337 892 1404 saluere.
918 1336 988 1404 Nee
1003 1337 1065 1403 hoe
1087 1338 1281 1424 prettermit-

153 1447 263 1533 timus,
280 1445 368 1532 quod
383 1443 488 1516 dietus
505 1441 567 1511 Gal
583 1463 682 1511 vnam
697 1444 828 1512 vineam
844 1465 938 1512 suam
952 1443 1051 1511 sitam
1066 1443 1100 1512 in
1117 1443 1280 1514 territorio

149 1554 228 1622 ville
245 1554 407 1621 Bokunulr
424 1575 523 1642 super
547 1553 651 1622 tribus
667 1553 833 1637 iugeribus
858 1561 1015 1622 terrarum
1040 1553 1125 1620 dioto
1140 1551 1277 1622 Herrioo

148 1687 208 1752 pro
224 1683 291 1731 una
306 1683 417 1731 marea
434 1668 466 1730 et
482 1662 607 1730 fertone
624 1661 667 1730 ab
685 1661 799 1730 eodem
825 1663 921 1748 plene
936 1659 1126 1749 recipiendo
1142 1661 1227 1729 dixit
1243 1681 1279 1729 se

148 1772 338 1842 vendidisse
352 1773 385 1841 in
411 1778 603 1861 perpetuum
618 1770 863 1859 possidendam.
888 1773 926 1838 In
946 1771 1039 1839 euius
1064 1770 1111 1839 rei
1136 1770 1280 1838 testimo-

147 1883 238 1950 nium
262 1880 517 1967 adpetitionem
542 1881 690 1968 pareium
711 1887 880 1967 presentes
903 1879 1032 1948 litteras
1060 1879 1279 1947 eonoessimos

147 1992 251 2076 sigilli
266 1989 372 2059 nostri
387 1989 563 2057 munimine
584 1990 764 2056 roboratas.
785 1991 906 2056 Datum
922 2007 981 2075 per
996 2007 1113 2056 manus
1129 1987 1280 2074 Magistri

146 2098 282 2168 Roberti
297 2098 446 2167 Leetoris
462 2097 610 2166 lleelesie
627 2103 737 2164 nostre
753 2117 840 2163 anno
857 2097 968 2182 graeie
985 2095 1108 2182 lacit
1124 2095 1280 2181 quinqua·

147 2209 273 2293 gesimo
290 2227 388 2276 nono.
412 2205 602 2276 Venerabili
618 2207 652 2273 in
668 2205 795 2275 Christo
812 2211 904 2292 patre
928 2209 1040 2272 nostro
1058 2204 1185 2272 Zlando
1202 2203 1279 2292 Epi-

146 2336 258 2402 soopo,
275 2317 368 2382 Fauo
384 2313 565 2402 Preposito,
582 2313 773 2384 Lodomerio
790 2312 940 2400 cantore,
966 2311 1121 2382 Johanne
1136 2311 1280 2380 (lustode

147 2423 376 2492 existentibus.

202 2625 238 2692 (A
248 2621 398 2694 veszpremi
411 2621 602 2694 ltpralannak
617 2624 728 2676 last-ki
741 2620 899 2687 aureorum,
913 2637 930 2675 a
942 2624 1026 2678 bndai
1037 2623 1090 2675 lrir.
1103 2622 1228 2675 tramaria

615 2711 807 2783 laveltirban.)

588 3003 843 3014 ...ι-ιι--υ--ιι-

671 3445 750 3515 369.

147 3635 178 3701 Α
192 3600 580 3722 pteromadikoaveetuek
596 3628 868 3715 bizonyedyleoele,
888 3629 970 3714 kopp
980 3625 1107 3693 Joanlco
1118 3623 1283 3691 Joooooak

185 3745 238 3828 fia
253 3741 455 3830 naydoycltai
469 3738 591 3824 aalileje‘t
605 3759 663 3825 epy
672 3739 800 3804 sarrensi
810 3735 990 3824 polpdrnalr
1005 3735 1123 3802 eladta.
1137 3735 1236 3801 1259.

255 3937 374 4005 Passio
399 3953 508 4004 eoram
524 3936 694 4004 conuentu
718 3929 830 4021 (Peos)
847 3931 1045 4000 Varadiensi
1065 3927 1198 3997 Joanka
1221 3925 1281 3993 filii

147 4047 285 4119 Joannis
311 4064 410 4132 super
433 4046 533 4112 vinea
557 4064 619 4111 sua
634 4045 668 4110 in
684 4042 765 4110 villa
783 4039 992 4126 Naydayeha
1007 4034 1190 4123 Syrmiensi
1217 4034 1280 4101 civi

148 4157 190 4224 de
205 4154 338 4224 Zelrehu
354 4154 389 4221 in
405 4153 547 4239 quinque
564 4152 684 4218 mareis
705 4146 925 4236 perennaliter
939 4145 1101 4230 obligata.

318 4351 353 4420 (n
367 4352 441 4408 meru.
455 4353 482 4406 u.
494 4349 589 4418 usvay
603 4346 696 4401 olores
709 4335 898 4400 reversarentur
911 4341 1121 4413 lajanomltol.)

589 4637 849 4656 W
