3162 5188
508 344 668 448 -212-

28 539 105 608 cioni
121 559 188 608 non
210 541 387 609 annuimus
412 541 484 609 sine
508 541 627 609 littaris
644 541 766 609 domini
790 540 851 629 sui,
878 542 938 609 scd
961 541 1077 609 iterato
1093 540 1157 608 sibi

26 646 195 716 terminum
213 649 416 735 prefiximus.
444 647 497 716 Ad
512 668 609 735 quem
624 668 707 716 unus
723 647 825 716 frater
850 651 990 718 accessit
1008 649 1051 716 do
1065 648 1157 715 Tam·

26 755 152 842 plariis,
183 757 240 822 cui
269 779 342 825 cum
368 757 560 826 satisfacere
585 757 812 841 voluissemus,
843 755 1028 824 huiusmodi
1049 755 1159 824 intulit

28 865 132 949 uerba,
160 865 256 950 quod
274 886 334 934 nos
350 867 491 932 mediam
515 871 642 952 partem
658 865 744 932 dicte
759 872 844 932 terre
868 865 932 933 sibi
947 863 1157 948 traderemus,

28 980 55 1038 et
67 972 207 1058 insuper
223 975 403 1059 sexaginta
427 974 552 1060 iugera.
580 975 649 1039 Nos
665 993 742 1039 vero
763 973 832 1040 eius
851 973 1004 1060 peticioni
1030 969 1159 1040 satisfa-

28 1099 92 1146 cere
115 1099 184 1146 non
201 1082 368 1168 ualentes,
395 1081 473 1166 quia
488 1099 560 1146 cnm
586 1078 736 1148 dominus
751 1080 866 1149 Abbas
886 1080 1044 1150 voluisset
1062 1077 1159 1165 justi·

28 1186 103 1253 ciam
116 1186 234 1254 lacere
259 1189 392 1275 populis
406 1188 540 1274 Regius,
566 1188 631 1273 ipsi
648 1187 830 1273 noluerunt,
857 1195 890 1256 et
905 1189 952 1256 sic
968 1187 1083 1276 populi
1098 1190 1158 1255 Re-

28 1294 95 1379 gina
119 1295 279 1380 inspecta
302 1293 470 1381 injusticia
495 1292 636 1361 aduersa
662 1296 765 1380 partis
790 1314 850 1362 nos
875 1295 1096 1381 proibuerunt,
1127 1298 1160 1359 ot

29 1403 128 1469 taliter
150 1402 289 1471 iustiori
314 1403 400 1490 parti
424 1401 620 1471 satisfacere
644 1402 862 1486 requisimus.
887 1405 1007 1470 Varum
1031 1401 1110 1488 quia
1125 1401 1159 1467 in

29 1509 214 1578 terminibus
233 1507 325 1597 (lgy)
344 1510 512 1597 premissis
536 1509 572 1576 in
595 1511 641 1576 ais
658 1509 727 1576 fore
752 1511 876 1577 nullam
902 1509 1065 1578 iusticiam
1089 1529 1158 1594 pcr-

30 1619 201 1703 speximus,
230 1617 372 1688 consilio
389 1617 527 1703 (lollegii
542 1618 711 1686 Nobilium
727 1624 759 1684 et
774 1637 913 1685 assensu
929 1617 972 1684 ad
987 1637 1159 1703 personam

30 1727 189 1812 propriam
206 1727 327 1813 Magni
342 1726 493 1812 Magistri
509 1732 638 1795 nostras
654 1725 781 1794 litteras
796 1725 1046 1810 transmisimus,
1071 1731 1106 1792 ut
1121 1744 1158 1793 se

32 1840 133 1902 nostro
165 1835 363 1922 conspectui
396 1841 601 1921 presentaret
631 1834 849 1902 satisfaciens.
889 1834 994 1918 Igitur
1029 1833 1159 1902 domino

31 1941 149 2009 Abbate
177 1951 393 2030 comparente
420 1942 678 2026 cumfratribus,
703 1943 859 2028 ipsenon
885 1941 1075 2028 comparuit,
1101 1941 1160 2008 scd

31 2051 92 2116 loco
107 2069 166 2117 suo
184 2051 327 2118 fratrem
342 2070 436 2118 suum
447 2050 536 2118 misit
549 2075 557 2136 ;
574 2050 632 2136 qui
647 2050 749 2118 irater
765 2050 848 2117 dura
857 2050 986 2117 ceruice
1005 2049 1159 2134 existens,

33 2161 59 2221 et
79 2157 120 2223 ad
144 2158 330 2243 collegium
353 2159 521 2226 Nobilium
548 2166 580 2225 ct
596 2165 702 2226 locum
727 2158 941 2243 assignatum,
966 2157 1092 2222 scilicet
1116 2156 1161 2223 ad

35 2265 197 2332 ecclesiam
215 2269 342 2334 Sancta
356 2266 565 2350 Margarethc
582 2266 693 2333 venire
710 2265 922 2352 contempsit,
949 2263 1097 2332 similiter
1113 2283 1161 2330 se·

38 2375 136 2457 quenti
152 2376 209 2444 dia
229 2374 276 2442 ad
291 2375 464 2445 ecclesiam
474 2376 596 2444 Sancte
613 2374 724 2444 Crucis
741 2375 782 2443 de
792 2375 885 2441 Baua
900 2380 1035 2441 uocatus
1051 2371 1161 2439 uenire

37 2486 223 2575 denegauit3
253 2496 284 2556 ct
300 2490 350 2557 sic
364 2489 487 2556 nullam
502 2487 668 2556 iusticiam
683 2488 769 2554 inter
784 2503 842 2555 eos
857 2484 967 2551 lacero
985 2484 1160 2569 potuimus.

37 2596 129 2664 Huius
152 2597 241 2666 iacti
256 2617 317 2664 nos
341 2605 443 2665 testes
458 2617 570 2664 sumus
587 2603 620 2663 et
639 2595 860 2664 testimonium
885 2593 1102 2680 perhibemus,
1128 2594 1161 2656 et

36 2704 87 2770 has
101 2704 234 2772 litteras
251 2705 372 2790 sigillis
390 2705 591 2789 quorundam
607 2703 768 2771 Comitum
784 2701 1010 2785 sigillauimus,
1036 2697 1162 2765 scilicet

37 2812 108 2898 Apa,
124 2815 290 2900 Marcelli,
311 2813 470 2902 Chepani,
487 2813 650 2899 Dionisij3
677 2811 755 2898 quia
769 2829 879 2880 omnes
895 2808 1031 2896 propria
1049 2805 1161 2891 sigilla
1271 2849 1274 2857 .

39 2921 278 2992 nonhabamus.

43 3116 166 3182 (lirsdctie
179 3119 359 3189 btlrhrirtyln,
379 3120 601 3188 apanuoubalmi
621 3116 765 3186 fbapatslg
783 3113 977 3170 lsrtltlrtban.
1000 3114 1033 3164 V.
1048 3119 1072 3164 b.
1086 3111 1162 3162 Posti

41 3210 142 3278 Frigyas
160 3211 353 3280 kbulembnybt
365 3228 382 3264 a
395 3215 512 3278 Magyar
524 3209 675 3262 Akadbmia
690 3209 802 3260 lsai-ki
822 3192 1032 3270 Mrtositlijbbcn,
1050 3206 1120 3254 tbrv.
1134 3195 1162 3249 bs

409 3307 471 3353 tort.
487 3307 552 3352 osas.
565 3299 600 3350 11.
615 3300 670 3350 rot.
685 3300 744 3349 rur.
756 3297 786 3365 1.)

466 3586 736 3600 ——a—u———tfl—
