3252 5198
86 479 119 546 de
132 476 297 544 durmend
311 498 367 564 per
385 485 493 544 metas
510 499 624 546 uersus
640 485 761 546 terram
773 481 862 546 Buca
876 479 1005 548 leuatae
1023 481 1068 548 ad
1084 489 1205 552 terram

86 585 186 671 Lapsa
212 586 414 670 pertinuisse
439 587 638 671 allegabant.
670 588 738 652 Nos
763 592 873 654 autem
897 589 1011 656 ordine
1033 591 1207 674 judiciario

87 693 291 779 procedentes
323 695 455 778 utrique
479 696 566 781 parti
591 696 811 780 iniunximus,
843 701 880 761 ut
904 703 1024 764 terram
1050 699 1102 766 sui
1130 701 1209 768 iuris

86 801 175 868 tuisse
191 803 382 872 testimonio
398 806 660 890 comprobarent.
689 804 752 870 Die
769 810 878 884 autem
893 807 1101 892 probaeionis
1123 809 1210 876 testi·

90 911 191 995 monii
209 911 301 978 Buza
316 933 396 999 sepe
413 913 600 980 nominatus
628 914 799 981 multorum
814 914 970 981 bonorum
986 916 1161 1003 hominum,
1179 927 1212 986 et

90 1023 382 1086 commetaneorum
412 1041 544 1088 snorum
568 1019 753 1087 testimonio
785 1021 1020 1087 terramillam
1051 1025 1101 1090 sui
1129 1025 1211 1092 iuris

90 1124 184 1191 tuisse
210 1127 458 1213 comprobauit;
484 1127 615 1215 populis
632 1127 673 1193 de
689 1125 769 1192 uilla
791 1126 953 1195 (turmend
978 1131 1099 1198 nullius
1124 1134 1210 1199 testi-

91 1235 192 1302 monio
209 1235 353 1320 probare
368 1235 565 1303 ualentibus.
582 1236 672 1301 Buza
689 1241 796 1302 autem
816 1237 970 1325 precipue
980 1237 1109 1307 illorum
1124 1241 1212 1308 testi-

93 1341 216 1426 monio,
242 1343 399 1411 videlieet
424 1343 675 1430 generacionum
699 1343 861 1429 Herman,
885 1345 941 1431 qui
966 1367 1007 1413 ex
1032 1347 1213 1418 donacione

93 1449 185 1531 Regis
203 1455 325 1517 terram
341 1452 503 1518 Curmend
530 1458 562 1518 at
577 1452 690 1538 Lapsa
704 1451 738 1517 in
754 1451 971 1539 perpetuitate
990 1457 1214 1543 possidebant,

93 1558 334 1644 comprobauit3
368 1559 423 1643 qui
449 1579 560 1626 eoram
584 1557 678 1626 nobis
702 1560 920 1645 personaliter
948 1561 1112 1630 constituti
1137 1564 1215 1631 uiua

92 1683 169 1732 uoce
195 1665 361 1753 dixerunt,
389 1668 477 1752 quod
501 1688 572 1733 eum
589 1667 655 1754 ipsi
681 1675 799 1733 terram
815 1668 977 1734 Gurmend
1002 1674 1033 1735 et
1048 1672 1162 1758 Lapsa
1180 1671 1214 1738 in

94 1771 271 1842 donacione
295 1777 546 1861 perpetuitatem
574 1775 797 1861 detinuissent,
816 1782 1003 1862 permotas,
1030 1798 1111 1863 quas
1126 1780 1216 1846 Buza

95 1881 341 1968 demonstrauit,
366 1885 514 1971 prefatas
529 1893 636 1952 terras
653 1882 824 1951 distinctas
840 1905 861 1950 a
875 1891 964 1950 terra
978 1885 1069 1952 Bura
1087 1888 1219 1955 babuis-

95 1998 174 2058 aent.
192 1992 264 2060 Nos
280 2000 389 2060 autem
415 1993 683 2076 adiudieauimns‚
705 2000 741 2058 ut
757 1992 998 2076 quatuordeeim
1015 1993 1161 2064 homines
1176 1997 1219 2063 de

95 2098 223 2166 tistibus
252 2097 337 2187 (tgy)
354 2102 444 2169 Buza
458 2121 518 2188 per
542 2100 682 2187 populos
708 2099 748 2165 de
771 2099 852 2166 nilla
868 2100 1031 2168 Gurmend
1057 2103 1162 2191 electi,
1188 2112 1220 2171 et

97 2206 183 2273 Buca
201 2207 394 2275 cumfratre
419 2227 477 2274 suo
493 2207 682 2274 Alexandro
699 2227 797 2294 super
812 2206 949 2274 eandem
971 2215 1092 2276 terram
1115 2231 1221 2278 saera·

98 2321 241 2381 mentum
258 2323 452 2400 prestarent.
479 2317 519 2382 ut
535 2316 590 2382 isti
615 2322 690 2382 sunt
714 2321 815 2383 testes
830 2335 888 2401 per
913 2318 1051 2403 populos
1076 2319 1117 2386 de
1142 2319 1222 2385 uilla

98 2419 262 2489 Gnrmend
278 2423 321 2490 ad
336 2422 548 2511 prestandum
574 2429 812 2491 sacramentum
830 2424 945 2490 electi:
970 2425 1090 2514 Endre,
1107 2428 1222 2512 Tyma,

98 2529 158 2596 Bet
174 2531 216 2597 de
231 2551 350 2616 genere
365 2533 521 2616 Hermen,
537 2533 662 2618 Moysa,
687 2529 886 2598 Laureneius
904 2532 1077 2617 degenere
1093 2535 1223 2602 Martini

98 2637 248 2722 Comitis,
264 2637 339 2704 Stes
340 2638 386 2704 ku
402 2637 486 2704 tilius
497 2637 667 2723 Stephani,
683 2637 755 2723 ipse
770 2637 855 2704 idem
865 2638 954 2704 Buza
966 2639 1149 2708 cumfratre
1165 2661 1224 2707 suo

97 2745 308 2831 Alexandro,
336 2765 448 2813 omnes
464 2745 519 2813 isti
545 2745 671 2811 nobiles
686 2749 780 2830 sunt3
807 2743 931 2832 Genov,
948 2747 1044 2812 Wota
1069 2767 1141 2814 eum
1158 2747 1223 2815 filio

99 2873 157 2921 suo
187 2853 344 2937 Georgio,
361 2851 480 2938 Chabe,
506 2853 637 2937 Tomas,
664 2853 750 2921 Pous
766 2852 851 2919 tilius
877 2851 1014 2936 Chanar,
1041 2854 1121 2939 Siga
1140 2857 1227 2923 filius

101 2961 234 3045 Varda5
260 2982 373 3030 omnes
390 2963 446 3029 isti
470 2963 673 3046 yobagiones
690 2961 798 3029 Castri
814 2960 944 3046 Ferret,
963 2962 1102 3029 Mutmer
1117 2985 1228 3051 specu-

100 3071 186 3138 lator
212 3069 323 3136 Castri
347 3069 468 3138 Ferrei.
495 3069 614 3136 Omnes
634 3069 689 3137 isti
715 3071 767 3136 die
792 3069 1008 3154 prestaeionis
1034 3073 1229 3137 sacramenti

103 3179 273 3245 mediante
291 3177 449 3264 pristaldo
465 3179 614 3246 Fabiano
630 3179 771 3263 nomine,
798 3177 838 3243 de
853 3176 935 3242 uilla
948 3176 1116 3262 Fanehka,
1133 3198 1230 3266 super

102 3287 244 3354 eandem
260 3293 382 3354 terram
398 3292 623 3373 comparentes
639 3293 876 3355 sacramentum
887 3283 1109 3369 prestiterunt.
1126 3287 1168 3351 Et
1183 3285 1231 3353 sic

102 3401 226 3462 terram
244 3395 337 3461 illam
352 3416 413 3464 nos
429 3396 517 3462 Buze
533 3403 565 3462 et
579 3395 736 3462 fratribus
752 3395 820 3461 suis
836 3393 1027 3461 statuimus:
1052 3393 1162 3462 Prima
1176 3394 1231 3462 bu·

101 3503 154 3570 ius
169 3511 259 3570 terre
276 3509 363 3569 meta
381 3503 494 3590 incipit
510 3504 550 3569 de
569 3502 691 3588 angulo
708 3500 803 3569 Guda
817 3501 918 3585 rehte,
939 3505 971 3567 et
987 3500 1123 3569 tendens
1138 3522 1232 3589 supe·

101 3612 170 3677 rius
188 3610 284 3676 uadit
308 3609 352 3678 ad
369 3631 521 3696 magnam
538 3612 636 3694 uiam,
662 3631 721 3697 per
737 3629 833 3693 quam
850 3609 891 3674 de
906 3610 1027 3676 Ferreo
1044 3607 1161 3677 Castro
1177 3631 1231 3676 ua-

102 3719 186 3785 dunt
203 3720 249 3785 ad
258 3719 495 3805 Teotboniam;
517 3717 636 3786 deinde
647 3719 783 3785 tendens
799 3717 890 3784 uadit
905 3717 1054 3783 adfinem
1064 3717 1232 3802 Rakatya;

103 3827 228 3894 deinde
246 3825 291 3892 ad
316 3827 465 3895 arborem
481 3828 544 3914 piri
560 3847 661 3914 prope
685 3826 792 3913 ipsam
808 3826 967 3908 arborem,
993 3825 1108 3893 arbore
1126 3832 1235 3891 tamen

103 3935 240 4021 populis
267 3935 309 4002 de
326 3935 488 4003 Ourmend
503 3942 710 4020 remanente,
737 3931 854 4000 deinde
869 3952 927 4019 per
944 3932 1068 4000 Huront
1086 3930 1178 3998 uadit
1193 3931 1238 3998 ad

103 4064 264 4132 magnam
291 4045 399 4130 uiam,
431 4065 494 4129 que
518 4045 609 4112 uadit
634 4046 677 4111 ad
702 4044 830 4112 Nouum
857 4043 1006 4108 Castrum
1032 4061 1091 4126 per
1125 4039 1237 4107 uillam

101 4153 270 4240 Stephani
287 4160 320 4219 et
336 4154 459 4240 Gelca3
485 4153 603 4220 deinde
619 4153 663 4218 ad
679 4155 810 4239 planam
825 4157 956 4234 terram,
974 4167 1035 4232 que
1056 4147 1176 4232 Purlog
1192 4147 1237 4212 di-

104 4261 204 4348 eitur,
230 4267 263 4327 et
280 4262 314 4328 in
331 4261 439 4331 medio
456 4262 577 4348 Purlog
600 4268 676 4329 sunt
692 4269 794 4346 mete;
822 4256 939 4324 deinde
954 4256 998 4322 ad
1021 4275 1174 4340 magnam
1190 4274 1238 4320 ar-

103 4370 221 4436 borem
238 4371 336 4455 ilicis,
362 4389 426 4453 que
451 4371 548 4455 uulgo
569 4371 797 4458 tolp'uoeatur,
814 4374 847 4432 ot
861 4366 953 4430 iuxta
976 4365 1065 4430 ittam
1089 4363 1238 4430 arborem

104 4487 327 4547 comuretatut·
355 4484 443 4544 terre
468 4478 625 4544 nobilium
652 4479 693 4544 de
718 4477 861 4558 Raduzt,
889 4479 921 4538 et
946 4474 993 4539 sie
1018 4472 1238 4540 terminantur.
1300 4475 1304 4486 '

105 4590 227 4656 Actum
254 4611 341 4656 anno
367 4587 478 4672 gracie
503 4589 547 4652 Μο
564 4584 855 4667 OG⁰XXX⁰V111·¹,
883 4582 1022 4648 Hoholto
1048 4579 1172 4647 Gemite
1197 4579 1237 4650 de
