3226 5194
856 229 1024 373 Q.

371 465 562 535 nooabiliter
577 461 821 553 possidendam,
846 466 1034 552 tenendam,
1058 463 1183 552 pariter
1199 473 1232 533 et
1245 463 1450 548 habendam,
1467 478 1512 530 er

372 575 510 642 licencia
534 573 689 642 videlieet
713 581 746 641 et
760 575 848 642 bona
872 574 1041 642 uoluntate
1062 571 1157 658 Gugo
1181 583 1215 642 et
1237 573 1390 642 Ladizlai
1417 577 1512 638 ante-

373 684 551 767 diotorum3
578 702 675 768 quam
702 682 833 768 quidem
857 681 1031 769 peouniam
1047 683 1293 768 quatuordeeim
1318 699 1511 750 marearum

372 791 459 859 idem
475 791 570 858 Lutra
584 789 671 858 filius
687 790 821 875 Bogard
838 789 879 856 ab
895 788 1014 876 Egidio
1030 791 1096 858 filio
1106 791 1218 876 Rogas
1233 790 1401 858 antedicto
1418 806 1512 854 reee-

371 899 464 986 pisse
480 898 648 967 eonfessns
666 903 727 984 ost,
752 919 861 966 eoram
876 897 981 966 nobis.
998 899 1036 964 In
1054 899 1145 967 ouius
1162 899 1210 966 rei
1225 898 1421 966 memoriam
1438 915 1512 982 per·

372 1012 568 1094 petuamque
583 1004 779 1087 firmitatem,
805 1013 841 1072 ut
855 1007 930 1092 ipsa
945 1005 1071 1092 empoio
1087 1014 1121 1073 et
1135 1007 1285 1075 uendioio
1309 1008 1411 1075 robur
1427 1008 1512 1093 opti-

372 1121 459 1202 neat,
485 1135 545 1182 neo
567 1115 672 1202 possit
697 1133 755 1201 per
781 1114 967 1200 quempiam
992 1115 1172 1202 retraetari,
1189 1122 1369 1202 presentes
1397 1115 1510 1182 eidem

257 1259 259 1270 ·
372 1221 491 1308 Egidio
507 1221 573 1290 filio
590 1223 702 1306 Rogas
728 1220 949 1290 concessimus
966 1222 1068 1309 sigilli
1084 1223 1186 1289 nostri
1214 1223 1394 1290 munimine
1410 1225 1510 1292 robo-

372 1337 472 1398 ratas.
498 1331 621 1399 Datum
636 1350 695 1417 per
711 1350 826 1398 manus
851 1329 984 1398 disereti
1001 1329 1063 1398 viri
1079 1331 1228 1417 Magistri
1243 1330 1340 1417 syxti
1356 1331 1510 1397 Laetoria

372 1440 520 1508 Eoelesie
544 1445 654 1507 nostre
670 1438 704 1505 in
729 1438 814 1506 festo
839 1438 1013 1506 Beatorum
1029 1440 1097 1506 Viti
1113 1448 1145 1507 et
1164 1439 1306 1507 Modesti
1333 1440 1510 1507 martirum

373 1567 458 1617 anno
475 1547 608 1616 Domini
624 1547 798 1614 millesimo
815 1545 881 1614 00⁰
891 1549 931 1615 12⁰
946 1567 1042 1616 nono.

586 1707 616 1774 Α
816 1708 844 1774 Β
1037 1709 1063 1776 0
1256 1711 1286 1776 D

372 1871 515 1942 (Eredetie
534 1869 708 1939 bb'rbttrtytm
731 1889 748 1924 a
761 1873 849 1924 barna
869 1870 1095 1938 selyemnsinbron
1118 1873 1202 1940 tuggo
1214 1873 1309 1940 penset
1327 1874 1473 1939 olvosaett,
1492 1890 1510 1925 a

697 1963 779 2013 budai
793 1963 844 2014 lrir.
854 1963 977 2014 kamarai
991 1961 1179 2032 levbltr'srban.)

811 2239 1068 2259 κιρ-...ιη-

893 2697 972 2771 365.

373 2881 422 2952 Aa
437 2888 504 2972 eprt'
526 2879 741 2972 kdptalannak
759 2881 923 2971 Olympius
938 2882 1087 2948 Babunut'
1102 2879 1237 2970 Geryety
1260 2883 1325 2967 osje
1351 2883 1502 2970 aspiretis·

596 2992 716 3059 boton
730 2997 878 3079 trtrppuao'
894 2991 1159 3078 manupsdqteoete.
1177 2991 1275 3056 1259.

482 3170 641 3239 Omnibus
658 3170 779 3240 Christi
794 3170 946 3239 fidelibus
961 3176 1029 3238 tam
1042 3169 1248 3257 presentibus
1258 3187 1357 3252 quam
1374 3166 1501 3251 futuris,

374 3278 418 3348 ad
433 3300 514 3364 qnos
530 3299 666 3366 presens
690 3280 846 3367 seriptum
872 3280 1067 3368 peruenerit,
1084 3276 1255 3363 Agriensis
1274 3273 1425 3342 Eualesie
1441 3275 1500 3340 Oa·

372 3389 508 3478 pitnlum
524 3388 664 3456 salutem
679 3387 712 3455 in
729 3408 777 3474 eo,
794 3389 848 3475 qui
863 3410 922 3476 pro
937 3389 1080 3456 humano
1090 3406 1212 3472 genere
1228 3385 1333 3453 uoluit
1343 3383 1499 3468 oruoifigi.

373 3497 426 3564 Ad
442 3493 663 3564 uniuersitatis
688 3503 797 3564 uestre
813 3497 967 3565 notioiam
992 3502 1105 3563 tenore
1121 3492 1325 3582 presencium
1351 3491 1501 3558 uolumus

373 3605 554 3692 peruenire,
571 3604 745 3689 quodcum
763 3603 896 3673 domina
905 3604 1088 3692 Olympias,
1105 3601 1174 3669 filia
1188 3601 1338 3668 Maroeus
1359 3597 1401 3665 de
1417 3599 1499 3686 Pnk,

373 3731 456 3782 uxor
480 3713 631 3799 Gregorij
649 3713 690 3780 de
706 3713 844 3780 Babana
868 3713 964 3799 grani
989 3710 1175 3796 egritudine
1200 3708 1375 3794 laboraret,
1402 3707 1500 3775 misso

373 3819 417 3888 ad
432 3840 492 3889 nos
507 3819 626 3887 nunoio
651 3840 710 3888 suo
731 3817 825 3888 nobis
851 3819 1037 3907 suplioanit‚
1063 3818 1150 3904 qnod
1168 3817 1331 3886 hominem
1356 3821 1500 3883 nostrum

372 3928 503 3998 fidelem
519 3924 562 3994 ad
585 3929 692 4014 ipsam
708 3928 920 4017 mitteremus,
947 3948 1058 3997 eoram
1073 3946 1137 4014 quo
1153 3926 1306 3996 oonderet
1330 3931 1500 3994 testamen·

371 4044 450 4105 tum.
481 4036 523 4103 Et
547 4057 608 4104 nos
633 4035 730 4103 iustis
754 4036 906 4124 preoibus
930 4036 1035 4125 ipsius
1061 4040 1251 4122 annuentes,
1282 4034 1433 4102 misimus
1458 4033 1499 4101 ad

372 4145 479 4234 ipsam
489 4145 637 4214 homines
649 4153 777 4214 nostros
787 4146 980 4232 fidedignos‚
1001 4145 1058 4233 qui
1073 4145 1198 4213 reuersi
1207 4143 1302 4214 nobis
1312 4143 1498 4228 retulerunt,

372 4255 458 4339 quod
484 4274 593 4322 eoram
618 4253 711 4341 ipsis,
737 4261 770 4322 et
794 4255 871 4324 aliis
895 4256 976 4323 uiris
996 4253 1143 4342 prouidis
1171 4259 1203 4322 et
1227 4252 1376 4321 honestis
1402 4271 1497 4338 quam

371 4359 529 4451 pluribus,
547 4359 588 4426 ob
605 4359 818 4431 dileooionem
834 4362 943 4429 mariti
960 4362 1011 4430 sui
1028 4362 1137 4430 dotem
1160 4381 1253 4430 suam
1270 4367 1303 4428 et
1319 4378 1372 4427 res
1390 4378 1497 4450 seeum

369 4473 405 4542 in
430 4470 637 4540 matrimonio
661 4474 830 4542 traductas
856 4474 972 4542 marito
989 4494 1048 4542 suo
1073 4475 1204 4544 omnino
1229 4473 1429 4558 remisisset;
1453 4470 1498 4538 ita

371 4578 459 4668 quod
475 4579 608 4650 ratione
621 4580 708 4652 dotis
724 4604 782 4652 sus
799 4593 831 4654 et
846 4604 955 4654 rerum
965 4603 1096 4654 suarum
1112 4583 1333 4672 predictarum
1347 4581 1496 4650 maritum
