3186 5188
852 263 1003 366 Q

358 459 574 531 celebrandis.
600 459 698 529 Unde
713 479 786 527 cum
811 458 880 527 illis
896 458 1050 528 efficiaris
1076 459 1262 544 conformis,
1289 459 1379 527 etin
1404 468 1499 528 terre

356 566 634 652 consuetudinem,
645 566 679 631 in
690 584 756 650 qua
766 565 918 634 consistis
929 567 1122 653 Episcopus,
1133 566 1283 651 imiteris;
1300 566 1498 635 celebrandi

357 676 480 742 Diuiua
495 672 673 741 secundum
683 672 804 740 dictam
816 673 959 740 litteram
975 694 996 740 a
1011 675 1108 742 nobis
1120 675 1313 761 suppliciter
1322 674 1497 743 licentiam

357 783 543 871 postulasti.
553 781 623 848 Nos
632 779 732 866 igitur
742 780 957 866 attendentes,
968 780 1056 866 quod
1066 801 1173 850 sermo
1184 781 1241 866 rei,
1253 789 1286 848 et
1294 803 1360 851 non
1373 802 1427 849 res
1438 789 1495 848 est

261 963 268 976 ,
356 889 498 958 sermoni
513 888 671 972 subiecta,
688 887 854 955 licentiam
864 889 924 956 tibi
939 888 972 954 in
989 888 1054 955 illis
1071 889 1242 956 dumtaxat
1251 888 1410 975 partibus,
1426 889 1492 956 ubi

356 996 398 1064 de
424 996 659 1065 consuetudine
683 994 899 1063 obseruantur
923 997 1095 1082 premissa,
1121 994 1296 1065 dummodo
1323 996 1488 1065 sententia

356 1126 398 1172 ex
413 1104 517 1190 ipsius
532 1103 692 1170 varietate
707 1103 816 1172 littere
829 1124 893 1172 non
905 1104 1048 1188 ledetur,
1072 1104 1267 1172 auctoritate
1282 1104 1488 1190 presentium

355 1210 563 1280 concedimus
589 1211 797 1296 postulatam.
824 1212 916 1278 Nulli
932 1232 1010 1298 ergo
1037 1212 1167 1279 omnino
1193 1213 1359 1279 hominum
1385 1211 1489 1278 liceat

352 1319 439 1400 banc
455 1319 611 1407 paginam
628 1325 737 1385 nostre
757 1320 978 1387 concessionis
994 1318 1180 1405 infringere,
1206 1326 1264 1387 aut
1278 1319 1310 1386 ei
1329 1338 1411 1385 ausu
1435 1323 1485 1383 te-

354 1427 492 1495 merario
509 1425 679 1493 contraire.
705 1425 740 1492 Si
756 1427 830 1510 quis
853 1439 963 1495 autem
979 1429 1041 1495 boc
1057 1433 1254 1514 attemptare
1279 1445 1483 1514 presumpse-

353 1534 414 1616 rit,
439 1529 699 1617 indignationem
726 1532 966 1618 Omnipotentis
991 1533 1054 1600 Dei
1078 1539 1112 1602 et
1136 1534 1313 1602 Beatorum
1337 1533 1426 1600 Petri
1452 1540 1485 1599 et

352 1640 447 1708 Pauli
463 1641 692 1728 Apostolorum
717 1641 788 1708 eius
804 1660 841 1708 se
857 1643 985 1710 nouerit
1009 1642 1222 1710 incursumm.
1248 1643 1370 1709 Datum
1395 1642 1482 1726 Lug-

352 1749 429 1816 duni
445 1750 501 1816 lIl.
519 1749 682 1818 kalendas
698 1747 833 1835 Aprilis,
853 1749 1066 1818 Pontificatus
1082 1750 1185 1818 nostri
1200 1769 1286 1817 anno
1302 1750 1425 1834 quinto.

352 1946 488 2012 (Theiner,
502 1947 602 2000 Vetera
615 1949 791 2000 Monumenta
803 1947 946 1999 slavorum
960 1947 1178 2000 Meridionalinm
1189 1948 1329 2000 historiam
1342 1945 1480 1998 illustran-

316 2025 321 2038 '
781 2038 829 2098 tra,
853 2038 874 2087 1.
888 2038 947 2088 not.
962 2040 1003 2088 re.
1016 2037 1046 2103 r.)

776 2319 1050 2332 ψ

871 2783 948 2851 187.

399 2962 423 3028 I
426 2963 460 3027 l'.
476 2962 566 3030 Incze
578 2968 667 3052 pdpa
690 2963 787 3050 Uocon
803 2964 938 3050 cpolatoc‘
951 2963 1089 3029 moelcol
1105 2988 1125 3029 a
1136 2965 1304 3050 pollinctot
1319 2963 1417 3028 tutos

862 3071 958 3136 1248.

451 3266 658 3334 Innocentius
682 3265 865 3353 Episcopus
891 3284 1004 3334 seruus
1020 3286 1187 3334 seruorum
1211 3265 1276 3332 Dei
1288 3265 1473 3334 venerabili

342 3371 435 3439 fratri
451 3374 492 3439 D.
509 3373 671 3460 Episcopo
687 3373 905 3442 Scardonensi
921 3374 1061 3441 salntem
1077 3379 1111 3442 et
1135 3374 1358 3459 Apostolicam
1374 3375 1471 3441 bene-

341 3479 528 3548 dictionem.
555 3481 635 3548 Oum
654 3481 800 3569 pallium,
827 3481 956 3567 insigne
979 3481 1133 3550 videlicet
1147 3481 1347 3568 episcopalis
1372 3480 1472 3547 oflicii

339 3585 454 3653 fuisset
472 3607 493 3653 a
509 3587 602 3655 nobis
619 3607 660 3654 ex
675 3594 770 3675 parte
794 3587 906 3655 dilecti
923 3588 981 3656 lilii
998 3589 1037 3656 U.
1053 3588 1158 3656 illecti
1174 3587 1381 3674 Spalatcnsis
1397 3607 1470 3654 cum

338 3693 499 3762 instantia
514 3697 726 3782 postulatum,
751 3717 812 3765 nos
829 3698 899 3764 eius
915 3696 1209 3783 supplicationibus
1226 3701 1406 3762 annuentes
1422 3696 1470 3782 ip·

338 3819 410 3868 sum
427 3801 468 3869 de
494 3823 630 3890 corpore
655 3805 750 3872 Beati
765 3804 1043 3891 Petri-sumptum
1062 3804 1125 3872 sibi
1150 3802 1385 3888 assignandum
1411 3821 1471 3889 per

336 3914 369 3976 te
394 3908 546 3978 duximus
571 3910 810 3979 destinandum.
836 3911 981 3996 Ideoque
996 3911 1193 3978 iratemitati
1220 3917 1275 3975 tue
1296 3928 1355 3997 pcr
1382 3909 1470 3994 Apo·

334 4015 453 4082 stolica
468 4018 594 4102 scripta
608 4019 812 4103 mandamus,
832 4023 992 4102 quatenus
1009 4018 1091 4086 illud
1107 4018 1138 4085 ei
1153 4017 1304 4101 assignes
1320 4015 1381 4082 sub
1403 4016 1468 4083 ior·

337 4142 400 4206 ma,
427 4142 524 4207 quam
543 4124 604 4191 tibi
619 4124 680 4191 sub
704 4126 797 4192 bulla
811 4133 926 4192 nostra
950 4123 1106 4191 mittimus
1129 4123 1348 4206 interclusam,
1374 4129 1407 4188 et
1422 4122 1466 4187 ab

334 4228 407 4315 ipso
422 4231 553 4300 nomine
567 4239 679 4299 nostro
696 4241 729 4300 et
745 4235 891 4301 Romane
908 4233 1054 4300 Ecclesie
1071 4232 1131 4298 sub
1146 4231 1259 4312 forma,
1288 4247 1386 4314 quam
1403 4229 1465 4296 sub

332 4335 449 4404 eadem
475 4337 566 4405 bulla
592 4338 651 4406 tibi
677 4339 859 4425 dirigimus,
884 4338 1052 4407 fidelitatis
1067 4339 1209 4425 recipias
1229 4337 1462 4423 juramentum.

332 4443 484 4511 Formam
500 4451 609 4513 autem
631 4445 819 4532 juramenti,
845 4443 933 4531 quod
955 4446 1027 4533 ipse
1043 4445 1213 4532 prestabit,
1238 4444 1280 4511 de
1294 4443 1394 4511 verbo
1419 4442 1463 4509 ad

331 4552 464 4619 verbum
482 4553 576 4621 nobis
591 4573 650 4639 per
666 4553 814 4639 eiusdem
842 4561 993 4640 patentes
1009 4554 1135 4621 litteras
1150 4552 1211 4622 sub
1227 4551 1337 4638 siglllo
1353 4550 1470 4636 signa·
