3168 5186
614 979 691 1049 27⁰.

76 1157 99 1221 I
102 1157 136 1222 V.
164 1159 250 1226 Bata
272 1161 376 1248 kirtly
392 1187 412 1226 a
425 1163 655 1250 punaoabulma'
678 1169 709 1227 e'a
734 1188 753 1227 a
772 1166 968 1250 cocaoqyadta'
993 1163 1104 1249 updtok
1128 1163 1208 1228 kdzta‘

77 1267 156 1332 Fac‘z
174 1271 332 1357 bclyaa'yre
347 1272 516 1337 croaatkozd
532 1272 816 1360 myonctlcurdyeket
830 1269 956 1338 etiateriss
973 1271 1202 1336 1245-1258.

190 1467 261 1534 Nos
277 1467 359 1536 Bela
375 1467 438 1536 Dei
465 1469 577 1554 gracia
592 1471 660 1537 Rex
678 1471 845 1554 Hungarie
869 1471 983 1537 damus
1010 1489 1066 1556 pro
1083 1491 1204 1538 memo-

80 1575 140 1660 ria,
168 1576 261 1661 quod
278 1595 349 1645 cum
365 1577 450 1645 inter
465 1579 552 1646 viros
578 1578 758 1668 religiosos,
782 1579 934 1646 videlicet
949 1579 1060 1647 Sancti
1073 1578 1204 1648 Martini

78 1681 119 1747 de
146 1686 331 1773 Pannonia,
358 1693 390 1753 et
414 1687 527 1754 Sancti
550 1688 660 1774 Egidii
688 1688 728 1755 de
753 1687 897 1775 Symigio
922 1689 1066 1755 Abbates
1090 1697 1204 1756 exorta

79 1791 198 1859 inisset
223 1796 361 1861 materia
388 1796 567 1880 questionis
594 1817 692 1884 super
717 1795 858 1881 quadam
888 1804 979 1884 parte
1006 1805 1091 1864 terre
1113 1797 1202 1880 Faiz,

79 1898 217 1966 tandem
234 1903 452 1971 mediantibus
469 1905 548 1974 viris
564 1906 691 1974 idoneis
707 1907 784 1974 talis
800 1906 882 1972 inter
897 1906 1024 1973 eosdem
1046 1905 1201 1990 composi-

78 2009 128 2075 cio
145 2011 341 2097 intervenit;
370 2015 455 2098 quod
480 2015 645 2100 predictus
664 2017 778 2083 Abbas
793 2017 902 2084 Sancti
925 2014 1054 2082 Martini
1080 2015 1114 2081 iu
1129 2034 1201 2100 pre·

78 2117 147 2184 fata
165 2120 250 2187 villa
269 2121 347 2188 Faiu
369 2123 510 2207 quinque
533 2124 718 2192 mansiones
739 2124 950 2210 jobagionum
975 2124 1119 2210 babebit,
1148 2120 1203 2207 qui

77 2225 200 2294 ibidem
223 2238 470 2318 commorantes,
495 2239 625 2299 utentur
649 2232 806 2301 fructibus
826 2243 857 2300 et
875 2233 1015 2300 utilitate
1031 2239 1115 2300 terre
1132 2249 1202 2318 pre-

77 2334 155 2416 fate,
183 2337 271 2403 sicut
288 2341 485 2425 jobagiones
501 2341 638 2409 Abbatis
658 2341 880 2428 Symigieusis,
908 2341 1107 2429 proprietate
1116 2347 1202 2407 terre

79 2462 181 2528 penes
209 2445 443 2531 Monasterium
472 2446 513 2514 de
539 2447 685 2535 Symigio
712 2456 916 2532 remanente;
950 2450 978 2515 si
1004 2457 1112 2516 autem
1145 2469 1201 2516 nu·

79 2573 186 2620 merus
215 2555 395 2622 excreverit
420 2554 604 2640 eorundem,
631 2556 746 2641 reliqui
772 2557 967 2643 posteriores
987 2557 1200 2624 removebun-

14 2669 16 2672 ’
80 2668 139 2746 tur,
158 2665 303 2747 quinque
318 2665 386 2731 illis
402 2668 456 2732 vel
473 2666 548 2734 aliis
564 2667 706 2762 quinque
722 2665 880 2732 duntaxat
896 2665 966 2733 loco
982 2665 1109 2734 illorum
1127 2669 1201 2735 sub·

80 2771 202 2838 stitutis
214 2775 458 2842 remanentibus
469 2773 565 2862 modo
576 2774 772 2860 supradicto,
790 2773 1202 2859 contradiccionequalibet

78 2900 141 2946 non
157 2881 333 2964 abstante;
351 2881 463 2950 Abbas
479 2889 588 2951 tamen
605 2881 820 2968 Symigiensis
832 2882 865 2947 in
879 2880 947 2948 illis
962 2883 1104 2967 quinque
1114 2904 1201 2949 man·

80 2987 228 3056 sionibus
253 2991 385 3058 racione
400 2999 487 3059 terre
510 2993 673 3059 fruetuum
689 2998 912 3077 percepturum
935 2996 967 3056 et
983 2991 1202 3076 percipiendo-

81 3118 148 3163 rum
165 3098 291 3166 nullam
302 3098 365 3165 sibi
377 3099 644 3185 jurisdicciouem
655 3099 782 3187 penitus
792 3099 996 3184 vendicabit3
1013 3099 1073 3166 sed
1080 3099 1202 3166 Abbati

82 3207 192 3272 Sancti
219 3207 351 3277 Martini
378 3208 519 3276 servient
542 3207 718 3275 secundum
742 3203 916 3274 eorundem
937 3206 1202 3274 consvetudinem

82 3314 241 3384 hactenus
258 3319 476 3385 observatam.
493 3319 645 3385 Preterea
655 3317 869 3386 existentibus
884 3315 950 3383 illis
960 3315 1101 3402 quinque
1117 3337 1202 3382 man·

81 3423 240 3509 sionibus,
264 3427 319 3492 vel
334 3425 458 3494 eisdem
474 3427 711 3510 deficientibus,
726 3425 838 3493 Abbas
853 3423 965 3491 Sancti
981 3423 1125 3508 Martini,
1151 3425 1203 3490 vel

82 3531 237 3598 officiales
266 3534 412 3601 eiusdem
426 3534 469 3602 de
494 3513 581 3602 terra
598 3532 673 3620 ipsa
688 3535 796 3602 locare
810 3531 886 3598 aliis
913 3551 977 3598 uon
992 3538 1144 3616 poterunt
1159 3532 1203 3598 ad

84 3638 263 3727 culturam;
288 3643 347 3708 sed
363 3641 577 3710 deductibus
603 3650 635 3710 et
650 3642 792 3710 utilitate
807 3641 877 3728 ipse
902 3641 1042 3725 quinque
1065 3643 1203 3708 mansio·

83 3765 148 3833 nes,
174 3748 230 3814 vel
258 3751 533 3836 superexistentes
558 3751 746 3836 pauciores,
778 3753 908 3816 utentur
932 3746 1027 3816 modo
1053 3749 1203 3834 superius

82 3863 268 3924 memorato.
295 3858 415 3928 Datum
431 3859 465 3925 iu
489 3857 607 3928 eastris
625 3859 713 3926 circa
727 3858 896 3926 Petoviam
921 3857 956 3922 iu
982 3855 1203 3924 translacioue

82 3963 190 4033 Sancti
208 3965 348 4034 Martini.

83 4161 215 4228 (Eredctie
228 4164 401 4234 bdrbdrtydm
412 4183 429 4218 a
443 4164 667 4234 bdrtyassinogen
680 4168 764 4234 fdggd
776 4149 922 4234 peosdtuek
936 4163 1065 4220 turedtke
1076 4181 1199 4232 rusgucu,

342 4273 359 4308 a
371 4257 563 4324 paunonhalmi
576 4255 719 4324 fdapdtsdg
731 4255 932 4324 levtlttrdban.)

502 4547 776 4561 W—
