3168 5186
612 909 691 975 302.

70 1090 93 1154 I
101 1091 140 1154 V.
165 1091 242 1156 Be'lu
258 1090 423 1177 kiruilpuulu
438 1090 506 1154 uada
532 1111 717 1175 apportares
733 1090 1025 1176 cpyeuctlccec‘peluc
1045 1089 1210 1154 ucuutdczd

490 1199 683 1264 intdzlrede'ce.
700 1197 797 1264 1256.

192 1396 304 1486 (Biela
319 1399 382 1468 Dei
397 1404 511 1488 gracia
526 1401 703 1487 Hungarie,
720 1402 899 1487 Dalmacie,
925 1399 1071 1482 Croeeie,
1097 1401 1209 1482 Reme,

68 1507 206 1592 Seruis,
218 1509 368 1598 Callicie,
385 1510 587 1594 Lcdomerie‚
601 1509 823 1592 Cumauieque
839 1509 1065 1576 Reuomuibus
1082 1527 1209 1594 presen-

69 1621 131 1682 tes
155 1616 282 1685 litteras
307 1619 501 1704 inspecturis
526 1619 665 1686 salntem
689 1617 879 1711 inlcmuium
902 1616 1075 1683 saluatore.
1102 1615 1209 1699 Oilieij

72 1724 187 1790 nostri
198 1724 344 1792 debitum
359 1745 418 1794 nos
435 1732 601 1794 ammonet
616 1725 793 1810 inuigilare
802 1723 955 1810 remedijs
972 1725 1188 1791 subiectorum
1201 1743 1208 1805 3

73 1833 163 1917 quia
177 1833 254 1901 dum
271 1852 383 1902 eorum
395 1834 575 1901 excutimus
591 1834 724 1920 honera,
742 1832 817 1900 dnm
829 1832 988 1900 scandala
997 1849 1210 1914 remanemus,

73 1963 143 2010 nos
158 1945 194 2007 in
210 1942 356 2028 ipsorum
381 1942 489 2026 quiete
505 1942 712 2025 quiescimus,
740 1945 773 2006 et
788 1940 879 2027 pacis
905 1959 1015 2009 eorum
1041 1936 1210 2007 commodo

75 2049 297 2132 gratulamur.
324 2048 466 2117 Proinde
493 2049 536 2115 ad
562 2048 785 2116 uniuersorum
810 2047 964 2115 noticiam
988 2048 1103 2114 barum
1125 2046 1211 2112 serie

76 2157 235 2224 velumus
251 2157 433 2244 peruenire,
451 2157 625 2241 quodcum
641 2157 915 2225 iuterHenricum
932 2156 1090 2224 Comitem
1107 2155 1210 2240 Symi-

78 2263 231 2347 giensem
248 2263 400 2332 dilectum
417 2264 546 2332 lidelem
562 2270 718 2349 nostrum,
738 2269 771 2331 et
785 2270 968 2331 castrenses
981 2261 1089 2330 Casiri
1105 2261 1209 2347 Symi

78 2372 209 2456 giensis
236 2371 277 2438 de
293 2370 408 2457 Curyg
423 2393 464 2438 ex
481 2391 545 2438 una
560 2380 674 2459 parte3
701 2392 740 2439 ac
764 2371 958 2456 iobagicnes
981 2369 1088 2437 Castri
1107 2369 1210 2455 Symi-

81 2479 211 2564 giensis
236 2481 268 2547 in
293 2481 398 2566 Carig
422 2481 599 2548 existentes
624 2501 664 2547 ex
689 2480 802 2565 ultera,
828 2479 920 2564 quia
943 2486 1088 2566 tempore
1110 2477 1210 2562 Regis

80 2585 256 2656 Colcmaui
281 2587 450 2655 karissimi
473 2587 583 2655 fratris
600 2587 704 2656 nostri
719 2587 803 2656 bone
828 2589 990 2672 memorie,
1017 2591 1049 2652 et
1065 2591 1150 2671 aute,
1176 2584 1210 2650 in

80 2695 190 2780 Carig
206 2701 309 2762 terras
326 2694 553 2782 possederant,
579 2715 678 2781 super
693 2696 839 2762 terminis
855 2705 1011 2762 terrarum
1028 2713 1160 2760 suarum
1176 2692 1209 2756 in

80 2809 198 2872 nostra
213 2802 385 2889 presencia
401 2801 528 2886 questio
549 2809 748 2888 uerteretur3
776 2804 922 2870 uolentes
944 2800 1136 2868 scandalum
1152 2818 1210 2865 seu

82 2911 281 2977 discordiam
295 2912 409 2978 tollere
425 2912 465 2977 de
482 2911 588 2979 medic
605 2911 790 2997 eorundem,
807 2932 848 2978 ue
866 2912 899 2977 iu
916 2915 1014 2978 antea
1033 2913 1210 2994 grauentur

81 3017 252 3084 laboribus
278 3023 310 3083 et
325 3017 499 3104 expensis3
526 3017 648 3085 dictum
663 3018 843 3085 Henricum
867 3016 1032 3102 Comitem,
1060 3016 1114 3100 qui
1138 3013 1209 3081 vicc

83 3144 146 3192 sua
161 3124 379 3209 Paugracium
404 3124 578 3193 officialem
593 3145 687 3192 suum
704 3126 744 3192 de
761 3123 865 3210 Garig
881 3125 923 3190 ad
940 3125 1002 3191 hcc
1028 3121 1209 3210 deputarit,

83 3238 115 3298 et
132 3231 325 3318 Magistrum
341 3231 551 3299 Benedictum
568 3231 951 3315 Quinqueecclesieuscm
967 3230 1095 3297 lidelem
1112 3229 1210 3294 homi-

82 3360 157 3408 nem
168 3347 315 3408 nostrum
325 3357 384 3425 pro
401 3339 495 3406 metis
511 3339 688 3406 eorundem
698 3338 935 3423 distinguendis
946 3338 1097 3405 duximus
1106 3343 1210 3404 trans-

84 3447 272 3532 mittendos,
288 3467 329 3514 ne
346 3465 498 3532 processu
515 3456 695 3534 temporum
720 3445 838 3533 prelati
854 3447 1046 3531 icbagicncs
1062 3446 1106 3513 de
1122 3452 1212 3514 terra

84 3555 304 3642 predictorum
330 3553 542 3622 castrensium
569 3555 717 3621 ualerent
741 3575 920 3640 occupare,
948 3556 1003 3622 uel
1027 3561 1211 3622 castrenses

85 3669 198 3731 contra
215 3661 348 3730 eosdem
363 3662 557 3748 icbagiones
573 3662 779 3730 occasionem
804 3682 861 3730 seu
878 3658 1048 3731 materiam
1068 3663 1211 3730 habeant

84 3769 289 3855 querelandi.
314 3773 366 3838 Ex
382 3771 500 3855 quibus
525 3769 678 3838 uidelicet
703 3769 930 3856 icbagicnibus
955 3771 1054 3840 castri
1074 3771 1211 3857 predicti

85 3885 168 3948 mete
192 3888 281 3946 terre
305 3880 416 3947 Kokct
437 3879 524 3947 dicte
548 3878 650 3946 ilorci
675 3877 762 3965 (lgy)
787 3879 845 3965 filij
866 3879 959 3966 Zella,
985 3886 1081 3965 prout
1106 3878 1210 3956 dictus

84 3989 241 4073 Magister
255 3983 450 4054 Benedictus
465 3986 560 4054 uobis
577 3986 695 4071 retulit,
720 3994 753 4053 et
768 3985 914 4073 prefatus
937 3985 1136 4069 Pcngracius
1152 4006 1210 4071 per

85 4116 161 4163 suas
177 4095 307 4162 litteras
332 4093 504 4180 intimauit,
522 4094 634 4162 taliter
650 4093 878 4179 distinguntur.
905 4092 1016 4159 Prima
1031 4098 1118 4160 meta
1130 4092 1209 4160 inci

85 4204 133 4291 pit
147 4204 243 4272 iuxta
258 4202 443 4270 Canariam
470 4203 503 4270 in
520 4211 607 4271 meta
622 4209 747 4289 terrea;
774 4202 851 4270 inde
868 4201 960 4270 uadit
983 4201 1075 4268 iuxta
1096 4201 1209 4269 Cama-

85 4313 165 4379 riam
181 4311 227 4378 ad
243 4310 326 4379 duas
343 4317 458 4400 metas,
474 4331 611 4395 quarum
627 4331 692 4378 uua
707 4318 757 4378 est
773 4310 875 4399 ipsius
888 4309 999 4378 Kokot
1014 4309 1075 4376 sub
1091 4309 1209 4379 arbore

84 4421 188 4506 rubim·
215 4416 293 4485 iude
308 4437 367 4502 per
382 4416 493 4486 Cherit
518 4418 622 4486 cundo
640 4417 707 4484 exit
722 4417 766 4484 ad
781 4423 902 4494 metm
919 4417 979 4483 snb
998 4417 1116 4484 arbore
1132 4441 1209 4506 qar-

83 4529 182 4614 tunsa,
198 4524 310 4609 ibique
325 4525 427 4593 intrat
442 4527 562 4593 uallem
577 4525 781 4609 Hemeliuna‚
798 4531 832 4592 et
846 4525 944 4632 uadit
953 4526 988 4592 in
1005 4545 1046 4594 ea
1061 4528 1210 4612 superius

83 4653 183 4720 usque
200 4631 246 4700 ad
261 4633 379 4718 locum,
404 4633 460 4699 ubi
476 4653 535 4719 per
550 4630 715 4718 quandam
740 4633 888 4700 semitam
905 4633 1043 4701 uertitur
1061 4631 1104 4700 ad
1121 4653 1208 4702 mon·
