3226 5194
605 274 758 376 jas

120 466 384 553 parasernalibus
410 468 540 538 domine
555 469 727 536 Elisabeth
753 467 817 536 lille
833 467 968 536 (inmitis
987 468 1116 536 Pharon
1137 469 1249 537 uxoris

118 572 260 642 sueiure
270 581 426 663 perpetuo
442 576 638 660 reliquisset.
657 574 755 644 Cuius
766 575 852 644 lactc
871 576 904 643 in
919 575 1088 662 premissis
1099 576 1247 645 omnibus

118 680 238 750 Comes
253 681 437 750 Feliciones
454 690 487 749 et
500 681 667 768 Martisue,
684 683 785 751 frater
800 682 903 769 ipsius
922 681 1058 752 Comitis
1073 682 1248 767 l'elioiaui,

117 787 244 856 domini
259 790 397 877 predicti
412 790 521 858 Pousa
537 809 646 858 coram
663 791 757 859 nobis
774 791 991 878 personaliter
1009 797 1246 877 comparentes,
1327 801 1332 812 '

116 896 251 980 plenum
274 896 472 983 prebuerunt
495 917 689 964 consensum
716 906 749 964 et
764 915 943 979 assensum,
971 897 1079 983 ipsum
1104 895 1244 964 Pousam

116 1001 300 1071 liberaliter
316 1005 477 1089 premissa
493 1004 675 1087 relinquere
690 1003 924 1091 permittentes.
942 1004 985 1071 Vt
1000 1002 1101 1088 igitur
1115 1023 1245 1089 presen-

116 1111 162 1178 tis
179 1109 403 1179 ordinacionis
428 1111 529 1179 series
545 1112 644 1179 robur
662 1113 809 1198 optineat
834 1117 989 1198 perpetue
1004 1111 1173 1195 firmitatis,
1200 1110 1244 1177 ad

116 1217 315 1285 instanciam
341 1223 373 1284 et
397 1219 592 1305 peticionem
618 1218 722 1304 ipsius
747 1218 856 1286 Pensa
883 1236 1018 1303 pressus
1050 1217 1245 1285 contulimus

116 1323 274 1412 scriptum
299 1324 402 1410 sigilli
427 1329 529 1394 nostri
554 1325 730 1393 munimine
755 1325 958 1395 roborantes.
992 1326 1086 1392 Anno
1112 1321 1244 1392 Domini

115 1432 163 1498 Μ’
173 1430 238 1498 00⁰
254 1433 473 1517 sexagesimo,
484 1431 646 1500 Michaclc
657 1430 837 1519 Prepesito,
853 1433 944 1499 iwan
954 1432 1105 1516 Cantore,
1120 1431 1244 1500 sudro-

115 1539 189 1608 nico
206 1538 361 1625 Custode,
378 1541 504 1609 Thema
520 1543 653 1609 Dccano
672 1540 897 1608 existentibus.

115 1734 253 1801 (Eredesie
264 1733 439 1806 borumyln,
460 1753 479 1790 a
490 1734 715 1806 hdrtyarsinegsn
729 1738 813 1805 tuggo
827 1735 919 1804 peosdt
928 1751 1053 1804 messan,
1065 1751 1083 1788 a
1091 1735 1175 1790 budai
1187 1736 1241 1788 lrir.

520 1820 840 1900 hunnilerdltirban.)

110 2743 145 2811 A
154 2745 323 2831 caspreinc'
331 2744 543 2832 topelannat
551 2748 819 2834 bizonyadplcccle,
838 2750 922 2836 kopp
931 2747 1026 2816 Maec
1035 2748 1134 2834 [tophi
1142 2767 1239 2814 eomes

109 2853 256 2938 biscopes
270 2873 357 2937 peres
371 2862 469 2939 ily-,ore
484 2858 574 2918 ndzce
589 2854 724 2938 Lcdeqec
730 2855 849 2936 fiaioal
863 2854 1045 2939 ὺανάίοάροε
1067 2859 1238 2940 ocyusdpre

573 2961 668 3044 tepet
685 2961 781 3024 1260.

231 3151 416 3239 Capitulum
442 3152 589 3220 Ecclesic
614 3150 867 3239 Vesprimiensis
892 3152 1044 3222 omnibus
1068 3159 1234 3241 presentes

107 3259 236 3328 litteras
250 3260 445 3347 inspecturis
463 3263 602 3328 salutern
618 3261 653 3330 iu
668 3263 819 3329 Domino.
844 3261 896 3329 sd
912 3261 1136 3332 uniuersorum
1154 3263 1235 3331 uoti-

108 3366 195 3435 eiam
213 3377 325 3435 tenore
340 3371 542 3454 presencium
560 3371 706 3438 nolumus
730 3370 911 3457 pcrucnire,
939 3371 1027 3455 quod
1042 3369 1157 3438 Marko
1174 3369 1234 3438 (io-

108 3473 187 3540 mile
203 3473 245 3540 dc
260 3475 356 3559 lteylr
373 3476 415 3541 ab
433 3495 497 3542 uua
512 3485 616 3563 parte,
643 3484 675 3544 et
690 3475 799 3546 llndre
819 3497 858 3544 ac
874 3478 1050 3564 Stephano,
1076 3477 1158 3563 filljs
1173 3478 1232 3544 Le-

107 3578 223 3666 degcri
237 3578 382 3666 Oomytis
399 3581 440 3648 dc
456 3584 592 3668 Vasyan
608 3604 648 3650 cx
665 3586 777 3671 altera,
796 3605 904 3654 coram
920 3585 1014 3652 nobis
1030 3584 1235 3672 constitutis,

105 3684 205 3772 ydem
230 3688 327 3754 llnrls
353 3710 460 3758 eomes
487 3690 654 3759 coufessus
681 3701 712 3759 et
734 3693 810 3760 uiua
834 3712 923 3775 uoce,
953 3692 1040 3776 quod
1064 3711 1137 3760 eum
1161 3693 1235 3779 ipse

107 3797 265 3862 mouisset
282 3817 413 3864 causam
431 3805 543 3864 contra
559 3799 666 3866 Eudre
684 3801 922 3886 etStephanum
938 3799 1112 3886 predictos,
1129 3801 1233 3884 requi·

106 3901 208 3969 rende
226 3903 267 3968 ab
285 3903 418 3986 eisdem,
439 3905 550 3974 ordine
561 3906 747 3992 judiciario,
773 3906 836 3974 duo
848 3905 985 3992 judicia,
1003 3923 1101 3991 super
1116 3904 1232 3988 quibus

108 4017 202 4107 pater
219 4029 329 4076 eorum
347 4011 452 4078 dietus
469 4013 656 4100 Ledegerus
682 4022 794 4082 contra
810 4012 946 4080 eundem
962 4009 1113 4077 Maritum
1129 4009 1233 4079 cemi-

106 4125 171 4182 tcm
187 4115 293 4183 iuerat
310 4119 487 4202 conuictus,
506 4126 537 4185 et
553 4121 635 4187 duas
653 4141 790 4206 marcas,
808 4139 888 4204 quas
905 4120 976 4204 ipsc
993 4115 1086 4184 Mark
1104 4118 1232 4207 Comes,

104 4232 139 4291 rt
161 4223 254 4309 dixit,
283 4225 405 4292 eisdem
424 4232 532 4293 mutuo
559 4234 773 4312 concesserat,
802 4247 842 4292 ac
859 4223 1120 4292 serberacionem
1145 4228 1233 4293 serui

104 4333 166 4416 sni,
183 4352 282 4419 super
293 4354 358 4422 qrra
375 4335 477 4400 ceiam
489 4355 589 4402 eausa
605 4343 716 4421 partes
728 4334 772 4401 ad
789 4333 988 4408 sentenciam
1003 4330 1232 4412 arbitratorum

102 4447 341 4527 peruenerant,
371 4442 508 4509 eandem
534 4461 666 4508 causam
692 4440 794 4508 luisse
818 4439 967 4507 sedatam
992 4443 1025 4504 et
1055 4438 1232 4517 secundum

101 4546 240 4620 sorrnam
259 4548 350 4643 pacis
369 4549 584 4637 terminatam,
611 4549 670 4615 tali
685 4548 792 4638 modo,
819 4546 905 4637 quod
921 4545 1030 4614 Ender
1049 4552 1081 4610 et
1095 4544 1230 4636 Stephrp
