3168 5186
911 355 1058 458 ..o-oa-

426 559 459 619 et
476 553 512 620 L.
537 552 738 641 prefatorum
754 561 922 640 presentes
938 551 1157 620 concessimus
1178 552 1303 619 litteras
1319 551 1418 636 sigilli
1438 555 1516 618 nosti

425 663 602 730 munimine
618 663 799 730 roboratas.
817 663 937 729 Datum
954 683 1013 748 per
1029 681 1144 729 manus
1160 661 1308 746 Magistri
1323 661 1415 746 Syrti
1433 663 1517 728 Lecto-

425 771 471 838 ris
496 769 643 838 Ecclesie
666 775 778 838 nostre
804 790 888 838 anno
915 769 1084 838 Dominice
1109 769 1354 838 Incnmacionis
1378 767 1517 836 dccc

424 881 546 967 quinto,
563 899 649 948 nono
664 879 824 950 kalendas
845 879 1002 948 Octobris.

681 1062 711 1127 A
872 1060 899 1127 B
1059 1058 1086 1126 C
1248 1061 1279 1125 D

423 1241 562 1308 (Eredetie
572 1239 745 1310 bdrhirtydm
761 1257 779 1294 a
790 1239 936 1294 voror-ltu
947 1237 1174 1308 solyomasiudrou
1186 1239 1295 1307 idggdtt
1304 1239 1395 1308 pec-adt
1406 1237 1520 1292 olvosastt.

729 1333 839 1384 abudai
853 1333 903 1383 kir.
918 1331 1042 1384 kamarai
1055 1327 1244 1396 levdltdrbsn.)

853 1619 1110 1629 -ι---.-.......

945 2068 1023 2136 286.

422 2252 471 2316 ΑΖ
486 2253 669 2338 daatcrpama'
682 2248 897 2336 copulandae
906 2250 1173 2336 otconpacpteoele,
1188 2251 1271 2337 copy
1285 2251 1523 2340 apparucolrlde·

420 2381 479 2444 pos
494 2357 646 2426 comeeaelr
655 2357 770 2424 Sarocu'
784 2357 984 2424 birtolukouk
999 2380 1056 2444 epp
1071 2357 1172 2426 mdcvi
1185 2364 1281 2424 reato
1296 2361 1428 2428 eludtdlc
1445 2357 1522 2426 1255.

679 2535 708 2602 A
868 2535 894 2600 B
1057 2535 1082 2602 C
1243 2539 1273 2604 D

527 2715 699 2803 Philippus
715 2716 916 2803 Propositus,
932 2721 966 2784 et
981 2715 1166 2802 Capitulum
1182 2717 1329 2785 Ecclesie
1344 2715 1523 2802 strigonien·

420 2825 468 2893 sis
492 2823 641 2892 omnibus
657 2822 776 2892 Christi
802 2823 951 2892 fidelibus
975 2824 1176 2910 presencium
1200 2825 1356 2893 noticiam
1381 2823 1523 2893 habitmis

420 2932 560 3000 salutem
584 2933 617 2999 iu
640 2931 779 3000 Domino
800 2933 877 3000 Jesu
895 2931 1034 3000 Christo.
1061 2933 1112 3000 Ad
1136 2933 1361 3004 uniuersorum
1386 2931 1522 3002 noticiam
1570 2995 1571 3006 ,

419 3043 533 3108 harum
549 3041 791 3109 seriovolumus
807 3044 986 3127 peruenire,
1004 3043 1089 3128 quod
1101 3044 1195 3128 (luge
1210 3043 1278 3112 lilio
1288 3043 1378 3111 Petri
1394 3042 1435 3110 de
1449 3037 1523 3107 willa

419 3149 532 3232 Balan‚
551 3147 749 3218 etLadizlao
766 3149 834 3217 tilio
850 3150 985 3218 Adriani
1001 3153 1102 3220 fratre
1117 3173 1177 3221 suo
1193 3153 1235 3220 ab
1246 3173 1311 3221 una
1326 3161 1441 3239 parte;
1459 3150 1523 3215 iton

419 3258 543 3326 Gomite
557 3259 668 3345 Rugas
694 3259 735 3325 de
751 3259 840 3325 willa
856 3259 944 3344 Saag
961 3260 1107 3346 proximo
1123 3261 1298 3330 eorundem
1322 3265 1419 3349 parte
1434 3277 1471 3325 ex
1485 3256 1524 3323 al·

418 3372 490 3434 tera
504 3387 613 3435 coram
629 3366 723 3434 nobis
748 3368 964 3452 personaliter
987 3367 1181 3454 constitutis,
1208 3371 1409 3457 propositum
1434 3367 1524 3435 extitit

419 3482 451 3540 ct
466 3474 603 3542 relatum
629 3494 688 3561 per
705 3474 836 3542 eosdem
857 3477 950 3558 Guge
977 3484 1009 3543 et
1024 3476 1215 3544 Ladiclacm
1231 3479 1265 3544 in
1289 3479 1375 3546 hunc
1399 3475 1522 3556 modun,

418 3581 505 3668 quod
529 3579 570 3647 do
585 3587 673 3648 terra
698 3582 851 3668 ipsorum,
881 3601 979 3665 quum
1005 3585 1129 3652 habent
1155 3585 1307 3654 in'Sarou
1332 3585 1376 3652 ad
1401 3589 1523 3670 qnatmr

418 3695 530 3756 aratra
553 3688 775 3774 sufficientem,
803 3689 955 3758 videlicet
980 3691 1166 3779 incipiendo
1183 3713 1204 3759 a
1219 3695 1301 3774 loco,
1327 3695 1383 3761 vbi
1406 3691 1522 3759 iluuium

418 3797 656 3866 Goronvnatur
671 3817 743 3865 cum
760 3819 866 3886 ryppa
877 3800 1011 3887 Campa,
1027 3821 1143 3868 versus
1162 3802 1294 3888 plagam
1303 3801 1522 3870 occidentalem

416 3907 629 3993 adiacentem,
655 3914 688 3976 et
702 3907 779 3974 iudo
804 3910 1002 3977 transeundo
1018 3910 1149 3979 flumieu
1168 3910 1254 4000 (lgy)
1271 3913 1381 3981 Goion
1406 3909 1448 3978 ad
1461 3927 1522 3995 par·

416 4024 481 4085 tem
497 4017 646 4086 similiter
657 4016 835 4085 occidentis
845 4037 947 4105 usqne
962 4019 1101 4087 riuulum
1117 4018 1246 4106 Nogsar
1263 4026 1411 4089 vocatum
1421 4019 1522 4096 sitam;

416 4127 506 4195 cuius
522 4125 652 4211 quidem
678 4131 763 4194 terre
779 4137 907 4214 aparte
933 4129 1173 4216 septemtrionis
1189 4113 1274 4196 iacet
1297 4128 1429 4197 residua
1447 4135 1522 4194 turra

416 4234 589 4304 eorundem
604 4233 701 4320 Gnge
725 4241 758 4302 et
772 4235 930 4320 Ludizlai,
957 4255 1030 4303 cum
1054 4235 1162 4306 ieneto
1187 4245 1219 4304 et
1242 4237 1427 4304 nemoribus
1450 4234 1522 4300 iuter

415 4342 540 4432 Compa
554 4353 588 4413 et
603 4343 713 4412 Goion
737 4344 921 4413 fluminibus
947 4345 988 4412 ad
1006 4345 1209 4413 latitudinem
1236 4345 1322 4412 dicte
1345 4341 1520 4430 quantitatis

415 4459 500 4522 terre
516 4453 752 4541 adiacentibus,
769 4474 828 4541 pro
845 4452 1015 4522 duodecim
1032 4455 1150 4522 marcis
1161 4455 1287 4540 argenti
1303 4455 1399 4540 plone
1414 4449 1519 4522 habitis

414 4562 559 4650 predicto
575 4562 693 4631 (inmiti
708 4563 829 4649 Rugas‚
857 4569 889 4630 ct
903 4583 961 4649 per
977 4583 1049 4629 eum
1071 4564 1139 4631 suis
1163 4563 1346 4648 heredibus,
1366 4563 1519 4632 heredum·

415 4691 478 4760 que
494 4691 624 4740 suorum
641 4671 890 4758 suecessoribus,
907 4677 1062 4758 perpetuo
1080 4677 1112 4738 et
1122 4669 1378 4738 irreuocabiliter
1394 4665 1518 4738 contusi
