3252 5198
912 329 933 392 2

844 421 1000 431 ’.-

357 525 535 611 karissimi,
552 525 618 612 ipsi
627 524 828 592 Monasterio
843 521 1044 589 reddidimus
1064 530 1097 589 ct
1113 520 1239 588 restitui
1251 517 1398 602 fecimus,
1413 518 1490 584 iure

357 641 517 721 perpetuo
540 630 805 700 inrenocabiliter
820 637 853 697 et
867 627 1075 697 immobiliter
1089 625 1329 715 possidendas,
1354 624 1489 712 priuile-

359 741 416 829 gia
440 760 518 808 nero
533 740 587 806 nel
612 739 752 824 litteras,
778 739 849 806 siue
868 735 984 805 Comes
1000 735 1194 803 Valentinus
1219 734 1304 801 filius
1330 733 1488 818 Sequani,

359 851 431 918 sine
457 848 607 917 Castum
622 849 852 933 Musuniense,
879 848 1009 930 siquas
1036 845 1173 912 haberet
1197 843 1364 912 coniectas
1390 859 1492 930 super

359 958 456 1026 torris
471 956 543 1024 sine
557 955 647 1024 villis
671 955 866 1044 prenotatis,
892 959 925 1020 et
939 952 1123 1036 ubicunque
1151 951 1307 1018 deberent
1331 951 1492 1035 exhiberi,

361 1065 427 1132 sint
450 1065 541 1132 irrite
565 1072 599 1131 ct
612 1065 737 1147 inanes,
766 1083 805 1130 ac
820 1064 935 1148 vigore
959 1067 1094 1128 careant
1117 1059 1290 1126 firmitatis.
1316 1061 1439 1125 Datum
1455 1058 1491 1125 in

361 1172 508 1238 Zowlum
524 1171 607 1238 feria
622 1177 741 1255 quarta
756 1179 831 1256 post
845 1169 963 1236 festum
978 1167 1091 1237 Sancti
1107 1167 1233 1236 Jacobi.

363 1367 500 1435 (Eredetie
509 1364 683 1432 borotmytn,
695 1368 808 1434 melyrdl
820 1383 837 1419 a
849 1365 926 1421 laltnl
936 1367 989 1419 oda
1000 1371 1124 1432 nyonrott
1135 1361 1236 1430 kirtlyi
1244 1361 1338 1430 pecsdt
1350 1362 1494 1427 elressett,

616 1474 634 1510 a
645 1456 718 1512 molt.
731 1454 797 1510 otro
810 1455 904 1523 Rdaay
917 1452 1009 1508 emto
1020 1447 1228 1521 lereltdrfiban.)

921 2185 954 2251 2.

371 2367 391 2430 l
396 2365 430 2431 V.
447 2364 531 2430 Belo
545 2361 718 2450 kirolyaat
743 2361 888 2449 biscopes
901 2385 924 2428 a
938 2363 995 2430 Sol
1008 2365 1097 2430 ohta
1116 2363 1184 2430 leod
1210 2363 1367 2430 molem
1391 2373 1502 2428 conat-

661 2472 739 2538 koad
752 2473 952 2539 interludere.
974 2475 1205 2539 1235-1270.

479 2670 517 2735 B.
528 2670 591 2737 Dei
607 2669 721 2753 gracia
729 2670 801 2736 Rex
811 2668 956 2754 Vngarie
971 2669 1121 2736 fidelibus
1135 2669 1204 2736 suis
1213 2705 1258 2720 -
1267 2706 1310 2718 -
1320 2667 1501 2753 Salomoni,

373 2777 544 2863 Gregorio,
568 2777 717 2846 Emerico
734 2777 776 2844 de
791 2779 903 2861 Lytcr,
919 2775 1061 2845 licutino
1077 2783 1111 2844 et
1124 2777 1250 2845 Jacobo
1267 2775 1344 2862 iilijs
1359 2777 1501 2860 Balchn,

373 2885 485 2953 Blasio
510 2884 713 2970 procuratori
737 2885 879 2952 Abbatis
901 2886 1013 2953 Sancti
1037 2885 1169 2952 Martini
1194 2885 1236 2952 de
1255 2884 1338 2952 Saar
1361 2904 1504 2952 mmmc-

372 2992 470 3078 ranti,
487 2991 616 3075 Araris,
642 2998 674 3058 et
688 2992 861 3061 Dominieo
878 2993 919 3059 de
934 2994 1018 3060 Saar
1034 2995 1172 3060 salutem
1189 2999 1222 3060 et
1236 2993 1389 3079 graciam.
1408 2992 1501 3058 Vidi-

374 3119 446 3168 mus
462 3100 497 3166 in
511 3099 674 3186 prioribus
700 3100 820 3167 litteris
835 3101 955 3168 uostris
982 3099 1075 3173 uobis
1092 3100 1202 3168 missis
1218 3100 1386 3185 contineri,
1412 3101 1502 3186 qnod

241 3265 247 3276 .
374 3229 448 3276 cum
472 3207 595 3275 iactum
619 3206 765 3274 fidelium
789 3215 983 3292 nostrorum,
1010 3209 1164 3276 Albensis
1186 3217 1219 3276 et
1234 3209 1504 3297 Wesprimiensis

376 3315 609 3402 (iapitnlornm,
636 3314 725 3399 quod
741 3335 841 3402 supcr
864 3315 1007 3400 quodam
1022 3316 1207 3383 molendino
1230 3317 1389 3384 existente
1403 3335 1505 3402 super

375 3423 475 3490 fluuio
492 3423 580 3490 Sowl
607 3423 743 3488 uertitur
757 3422 842 3487 inter
859 3422 968 3508 ipsos,
994 3421 1087 3491 nobis
1113 3423 1386 3492 commisissemus
1403 3424 1504 3491 reior-

378 3529 548 3614 mandnm;
566 3549 625 3597 uos
641 3537 751 3596 temen
767 3529 961 3613 neglexistis
977 3539 1166 3616 preceptum
1182 3539 1338 3616 nostram,
1354 3538 1391 3597 nt
1405 3553 1507 3619 prop-
1575 3549 1578 3554 ·

377 3635 536 3704 toranius
562 3634 730 3720 coarbitry
745 3635 847 3702 nestri
872 3635 1060 3705 absenciam
1075 3639 1175 3705 nichil
1201 3637 1353 3706 ordinare
1372 3645 1405 3704 et
1422 3638 1507 3704 diffi-

375 3745 447 3811 nire
471 3745 621 3828 uoluistis
645 3745 679 3810 in
697 3743 784 3810 iacto
809 3745 1008 3832 supradicto.
1035 3747 1197 3826 Quocirca
1219 3746 1371 3814 fidelitati
1395 3754 1507 3814 uestre

377 3853 572 3921 mandamus
588 3849 817 3941 precipiendo;
844 3860 1004 3936 quatenus
1019 3854 1175 3922 vicesimo
1200 3852 1343 3922 secundo
1360 3853 1414 3920 die
1429 3863 1511 3939 post

377 3959 610 4028 Pentecosthes
626 3959 791 4027 accedatis
808 3980 905 4048 super
920 3961 1027 4048 ipsum
1037 3962 1268 4046 molendinum,
1289 3969 1322 4042 et
1337 3961 1507 4045 ordinetis,

378 4068 561 4136 reformetis
577 4075 609 4134 et
625 4066 815 4153 emendetis,
840 4066 996 4154 quicquid
1014 4067 1240 4153 ordinandum,
1265 4068 1507 4137 reformandum

380 4185 413 4243 et
428 4175 666 4243 emendandum
689 4177 836 4243 fueritin
851 4176 976 4261 eodem,
1002 4177 1190 4246 conuocatis
1215 4176 1380 4262 adipsum
1398 4176 1509 4245 locum

379 4287 438 4354 illo
454 4284 510 4351 die
533 4284 791 4370 molendinarijs,
817 4303 954 4370 quorum
979 4285 1185 4371 presenciam
1210 4284 1254 4351 ad
1269 4286 1332 4352 hoc
1349 4283 1512 4352 uidebitis

381 4394 547 4481 expedire.
562 4392 633 4460 Hoc
649 4399 758 4460 autem
773 4392 964 4462 fidelitatem
981 4401 1126 4462 uestram
1141 4393 1226 4462 scire
1240 4391 1401 4475 uolumus,
1419 4391 1511 4475 quod

346 4579 351 4588 ,
381 4500 609 4585 Salomonem,
635 4497 828 4585 Gregorium
840 4551 849 4585 ,
873 4501 1077 4584 Emericum,
1101 4499 1276 4568 Martinam
1300 4504 1332 4565 et
1346 4498 1512 4566 Jacobum

380 4609 636 4696 Wesprimiense
651 4606 848 4694 Capitulum,
873 4609 1020 4676 Blasium
1034 4627 1124 4694 uero,
1144 4607 1299 4675 Anariam
1315 4613 1349 4673 et
1363 4607 1512 4704 Domini·
