3226 5194
678 885 757 954 alc.

141 1069 213 1135 IV.
231 1071 310 1136 Belo
326 1069 501 1155 lrirailpmzlr,
518 1069 596 1132 Posi
622 1069 748 1155 lodoyci
771 1071 915 1156 ocpyedet
939 1075 1087 1155 tdoppczo
1107 1059 1278 1154 tcirce‘aykc·

518 1179 578 1240 aeac'
593 1177 783 1244 tetdrozata.
810 1177 908 1242 1258.

257 1374 326 1442 Nos
342 1375 378 1440 Β.
400 1373 461 1440 Dei
487 1375 601 1456 gracia
625 1376 695 1440 Rex
720 1372 864 1458 Vngarie
892 1374 1046 1442 memorie
1073 1369 1277 1442 commenda-

141 1501 232 1567 mus,
257 1480 432 1566 quodcum
448 1481 628 1550 Corrardus
643 1479 759 1548 (lomes
775 1482 861 1550 lilius
877 1482 1034 1569 Stephani
1051 1479 1198 1566 Comitis,
1225 1503 1275 1550 so·

140 1609 241 1660 rores
266 1611 344 1658 snas
370 1591 457 1657 filias
482 1589 584 1674 Poth,
611 1589 773 1657 dominam
797 1589 951 1657 videlicet
975 1597 1157 1658 consortem
1183 1588 1278 1659 Pauli

141 1698 285 1767 Comitis
302 1699 359 1784 lilij
376 1698 480 1782 Elsch,
507 1707 540 1768 et
555 1697 718 1766 dominam
743 1705 924 1766 consortem
941 1698 1099 1785 Stephani
1120 1699 1203 1767 Beni
1219 1699 1275 1785 filij

141 1807 245 1876 chal
265 1806 400 1878 Comitis
416 1826 524 1875 coram
542 1806 635 1875 nobis
651 1807 866 1892 conuenisset,
883 1808 1074 1894 requirendo
1096 1809 1139 1876 ab
1155 1807 1278 1876 eisdem

140 1917 248 1984 llswa
265 1924 299 1983 et
314 1915 469 1984 Bohocha
494 1924 629 1983 uocatas
643 1916 869 2002 possessiones
886 1915 1018 1984 nomine
1044 1921 1128 1983 terre
1151 1934 1209 1981 sue
1226 1916 1277 1982 he-

143 2024 314 2094 redituris.
341 2025 427 2105 Quia
442 2024 536 2092 nobis
551 2025 585 2091 in
601 2027 706 2109 ligura
728 2023 845 2109 judicij
863 2045 904 2090 ex
924 2024 1087 2092 relacione
1111 2026 1276 2106 utriusque

141 2134 252 2220 partis
262 2135 377 2221 patuit,
392 2133 497 2200 dictas
508 2132 730 2218 possessiones
742 2131 865 2200 eisdem
877 2131 1069 2200 dominabus
1085 2151 1145 2217 pro
1161 2139 1277 2216 quarte

143 2261 224 2309 esse
235 2241 434 2329 assignatas,
453 2261 494 2307 ne
505 2241 538 2306 in
555 2241 677 2308 eisdem
688 2242 953 2328 possessionibus
963 2240 1051 2308 idem
1065 2237 1274 2328 mommo)

143 2348 267 2419 Comes
283 2351 335 2418 nel
352 2350 402 2416 sni
427 2349 565 2417 heredes
582 2350 645 2417 sibi
661 2352 790 2437 possint
816 2351 953 2418 ulterius
970 2347 1104 2435 aliquod
1123 2350 1179 2435 jus
1201 2367 1276 2416 aen·

144 2457 271 2544 dicere,
298 2455 403 2525 eidem
420 2457 455 2524 O.
473 2463 505 2523 et
528 2459 597 2525 suis
622 2458 864 2527 successoribus
890 2467 1081 2546 perpetuum
1107 2456 1275 2526 silencium

144 2585 249 2654 super
272 2567 334 2634 hoc
353 2565 504 2635 duximus
529 2568 772 2635 sentencialiter
796 2567 1046 2654 imponendum
1073 2564 1275 2634 decreuimus

143 2683 268 2758 tamen,
301 2679 335 2740 ut
359 2671 514 2761 deinceps
538 2673 665 2760 prefate
690 2675 820 2743 domine
847 2693 904 2742 sen
931 2674 1067 2742 heredes
1096 2673 1275 2750 earundem
1347 2727 1350 2734 .

146 2783 256 2869 ipsum
282 2780 477 2849 Gorrardnm
502 2781 659 2851 Comitem
684 2791 718 2850 et
734 2804 811 2852 snos
831 2803 1035 2852 successores
1060 2803 1124 2850 non
1149 2781 1277 2870 possint

144 2891 306 2976 impetere
331 2889 536 2974 aliquatenus
563 2890 695 2957 racione
714 2898 828 2977 quarte
852 2891 963 2978 sepius
989 2898 1176 2970 memorate,
1202 2909 1275 2956 enm

147 2997 274 3065 eisdem
301 2996 506 3065 satisfactum
522 2996 626 3082 inerit,
650 2995 734 3067 sicot
750 3001 898 3087 superius
915 3007 967 3069 est
991 3018 1189 3084 expressum.
1210 3001 1274 3064 Da-

147 3109 218 3170 tnm
234 3105 267 3171 in
283 3105 425 3190 Hydueg
441 3105 474 3172 in
490 3103 573 3173 leste
588 3107 710 3173 llatliei
728 3109 876 3194 Apostoli
897 3113 928 3176 et
943 3105 1166 3192 Ewangeliste
1188 3126 1273 3174 anno

147 3213 280 3281 Domini
296 3213 468 3281 millesimo
484 3213 705 3285 ducentesimo
721 3215 991 3300 quiuquagesimo
1012 3221 1138 3283 octono.

149 3413 290 3482 (Eredetie
300 3411 473 3480 biii-hirtyalu,
486 3416 609 3481 melynels
620 3412 702 3468 itan
713 3432 744 3468 ac
758 3417 808 3468 oda
818 3423 939 3482 nyomott
952 3414 1099 3484 peesltuek
1112 3431 1211 3482 nyoma
1222 3413 1272 3470 ltc-

323 3505 381 3556 szilr
393 3503 462 3572 meg.
482 3507 505 3557 Δ
519 3505 592 3560 molt.
604 3504 670 3560 biso
684 3507 777 3577 Revsy
790 3507 882 3562 osella
895 3505 1099 3576 levelttrlban.)
