3226 5194
365 479 566 578 aduenisset,
584 478 690 547 dictus
708 477 799 546 ouen
817 499 926 549 eoram
943 479 1038 547 nobis
1058 479 1152 564 dixit,
1169 499 1206 546 se
1221 498 1285 546 non
1301 497 1404 566 posse
1421 471 1508 543 recli-

366 609 455 654 mere
471 595 589 655 terram
607 609 712 672 sunna,
736 590 927 675 permittens
943 605 1016 655 eam
1032 587 1137 654 eidem
1154 585 1264 653 ludrih
1283 609 1343 673 pro
1361 587 1505 673 pecunia

366 696 600 783 prenominata
625 696 860 782 perpetualiter
886 692 1138 782 possidendam
1164 694 1375 780 postmodum
1396 700 1508 759 autem

367 803 520 871 defuncto
537 803 622 870 dicto
639 801 742 888 thk,
759 812 794 871 ut
810 803 990 886 dicebatur,
1007 802 1094 869 idern
1112 800 1224 869 Indrih
1242 801 1385 868 adduxit
1405 801 1506 867 homi·

367 929 440 978 nem
458 909 581 976 domini
597 909 738 977 Rolandi
755 911 905 998 Palatini,
924 911 1059 980 Comitis
1074 910 1295 992 Posoniensis,
1318 915 1353 975 et
1368 917 1508 995 accepto

368 1018 498 1084 homine
514 1025 623 1084 nostro
640 1017 673 1084 in
690 1019 910 1087 testimoninm
928 1039 969 1086 ex
985 1023 1139 1105 precepto
1158 1017 1263 1103 ipsius
1280 1017 1428 1084 Palatini
1450 1017 1511 1082 init

369 1124 413 1192 ad
427 1126 720 1214 perambulandam
735 1127 857 1194 dictum
874 1135 1005 1212 terrani,
1032 1133 1065 1193 et
1081 1126 1125 1192 ad
1139 1125 1315 1193 uidendum
1332 1132 1367 1192 ct
1383 1143 1505 1210 cogno-

369 1234 534 1318 scendum,
552 1235 580 1300 si
596 1235 697 1318 aliqui
714 1233 755 1302 de
771 1234 1023 1320 consanguineis
1040 1234 1117 1300 dicti
1128 1233 1229 1316 Ohekl.
1250 1234 1305 1300 nel
1321 1239 1507 1300 commeta-

370 1340 434 1425 nei,
451 1340 516 1427 ipsi
531 1341 642 1410 Indrih
669 1343 930 1410 contradicerent
946 1342 980 1408 in
997 1343 1059 1410 hac
1084 1349 1186 1427 parte.
1213 1341 1285 1420 Quo
1309 1339 1400 1408 iacto
1419 1340 1510 1406 idern

370 1450 467 1518 homo
483 1450 626 1518 Palatini
641 1459 673 1517 et
690 1450 785 1518 honac
802 1459 912 1520 noster
929 1451 973 1518 ad
989 1471 1048 1517 uos
1065 1451 1190 1517 reuersi
1207 1450 1401 1530 retulerunt,
1418 1447 1509 1533 quod

370 1576 484 1624 ornnes
500 1557 733 1644 consanguinei
761 1559 879 1644 prelati
896 1557 998 1642 cher,
1024 1559 1103 1624 item
1119 1557 1344 1642 commonear,
1366 1557 1512 1644 Stepha-

371 1684 433 1732 nus
458 1665 583 1732 scilicet
609 1673 641 1732 et
660 1666 743 1732 Besa
769 1665 827 1750 filij
854 1665 990 1733 Oornitis
1007 1667 1129 1750 Bened,
1153 1666 1228 1732 item
1257 1664 1338 1732 uilla
1367 1649 1512 1748 Cholroy

372 1771 470 1838 castri
487 1771 671 1857 Nitriensis,
689 1781 723 1839 et
748 1774 829 1840 uilla
845 1772 1028 1859 Gulgoach,
1048 1773 1091 1840 ad
1112 1775 1217 1860 ipsam
1242 1778 1364 1838 terram
1391 1791 1511 1840 conue-

375 1881 502 1948 nientes
519 1878 643 1962 absque
653 1877 720 1944 ullo
737 1879 1008 1948 contradiccionis
1019 1879 1187 1948 obstaculo
1203 1879 1426 1967 permiserunt
1436 1899 1512 1946 eam

374 1984 644 2073 sepefatclndrih
656 1985 914 2056 irreuccabiliter
924 1988 1170 2074 possidendam
1182 1987 1258 2054 item
1268 1987 1410 2055 Moclrov
1420 1985 1511 2052 filius

374 2095 491 2162 Jacobi
515 2093 627 2161 fratris
644 2094 768 2161 scilicet
783 2096 863 2163 dicti
880 2095 970 2163 chen
996 2097 1070 2164 huic
1085 2095 1172 2162 iacto
1189 2115 1299 2163 coram
1321 2095 1418 2162 nobis
1436 2114 1512 2161 con-

375 2221 505 2269 sensnrn
521 2201 651 2287 prebuit
668 2202 745 2268 nina
761 2222 850 2270 noce.
868 2206 905 2274 ln
922 2203 1013 2270 cuins
1029 2203 1074 2272 rei
1090 2204 1309 2271 testimonium
1331 2209 1507 2289 presentes

376 2309 597 2378 concessimus
621 2309 750 2377 litteras
767 2310 869 2396 sigilli
895 2310 996 2380 nostri
1012 2311 1187 2380 munimine
1206 2313 1390 2396 roboratus,
1417 2331 1509 2378 anno

376 2418 486 2502 gracie
501 2415 621 2484 M⁰oc⁰
633 2418 671 2482 L⁰
686 2441 783 2487 none.
808 2421 927 2488 Datum
944 2429 1037 2489 sexto
1061 2420 1221 2488 kalendas
1238 2420 1340 2505 Junij.
1367 2421 1509 2487 Lectore

376 2525 523 2592 Ecclesia
539 2530 650 2594 nostre
670 2527 830 2594 existente
846 2564 890 2576 —
907 2565 951 2574 —-
966 2565 1021 2592 —.

378 2721 516 2794 (Eredstie
535 2721 709 2789 bitrhlrtytn¹
733 2725 845 2792 melyro'l
858 2743 875 2778 a
894 2725 1024 2792 kiptnlnu
1043 2725 1150 2792 pecscte
1168 2725 1328 2790 noros-iejlr
1352 2725 1511 2792 sslyemzai·

522 2810 607 2863 aaron
620 2814 688 2878 sugg
701 2829 717 2863 a
731 2813 986 2881 basaterraebluyni
999 2813 1130 2882 laiptalan
1143 2812 1349 2881 lereltrlrlban.)
