3226 5194
838 273 998 383 jec-

349 478 428 561 tum,
455 478 487 540 et
501 473 673 542 formulam
689 474 757 542 vite
772 480 879 544 vostre
894 496 916 543 a
931 475 1038 544 felicis
1062 472 1298 544 recordationis
1320 463 1502 556 Gregorio

349 581 442 669 Papa
457 580 688 669 predecessore
713 589 825 651 nostro
841 583 946 653 ordini
961 590 1071 652 uestro
1090 580 1255 667 baditam,
1280 602 1356 649 cum
1377 577 1502 646 adinum

351 693 439 756 esset
453 687 487 754 iu
504 688 620 759 minori
636 689 744 758 officio
759 691 965 776 constitutus,
985 689 1018 756 in
1035 689 1149 758 eodem
1167 690 1368 759 Monasterio
1390 686 1497 752 insti·

351 800 439 863 tutus
455 817 529 865 esse
546 798 737 884 dinoscitur,
753 801 921 886 perpetuis
942 797 1063 866 ibidem
1088 797 1288 885 temporibus
1308 794 1499 864 inviolabi-

351 904 426 972 liter
435 906 633 974 observetur.
643 910 797 975 Preietos
807 927 1029 995 quascumque
1039 907 1278 995 possessiones,
1288 923 1497 991 quecunque

352 1013 439 1082 bona
448 1014 771 1085 idemllcnusterium
782 1015 1066 1104 impresentiarum
1076 1016 1161 1084 inste
1171 1021 1204 1083 ct
1214 1015 1373 1084 canonice
1385 1011 1499 1100 possi-

353 1123 417 1212 det,
435 1122 536 1192 autin
552 1123 693 1193 futurum
708 1125 919 1194 concessioue
928 1124 1130 1209 Pontificum,
1145 1124 1343 1193 liberalitate
1357 1124 1496 1204 Regum

353 1233 405 1300 rel
420 1232 619 1320 Principum,
645 1233 811 1303 oblatione
826 1233 982 1317 fidelium,
1008 1252 1066 1302 seu
1082 1232 1157 1299 aliis
1171 1232 1268 1301 iustis
1285 1229 1394 1299 modis
1413 1229 1493 1296 Deo

353 1343 499 1430 propitio
512 1334 633 1431 poterit
649 1342 799 1430 adipisci,
814 1344 907 1410 firma
924 1341 1027 1429 vobis,
1045 1343 1225 1428 vestrisque
1241 1339 1495 1410 successoribus

355 1450 485 1519 illibata
495 1459 719 1539 permaneant.
735 1450 774 1519 Iu
790 1452 908 1537 quibus
924 1451 985 1519 bec
994 1453 1135 1538 propriis
1147 1450 1299 1518 duximus
1310 1447 1491 1516 vocabulis

356 1558 596 1647 exprimenda:
622 1561 744 1630 Locum
768 1561 888 1648 ipsum,
916 1559 950 1628 iu
975 1580 1040 1646 quo
1065 1559 1226 1649 prefatum
1250 1555 1495 1627 lionastcrium

357 1667 456 1736 situm
481 1677 541 1754 est,
567 1689 639 1736 cum
656 1671 806 1737 omuibus
831 1670 1035 1757 pertinentiis
1059 1669 1147 1754 suis,
1172 1668 1346 1736 ecclesiam
1370 1666 1492 1734 Sancti

356 1775 518 1844 iohannis
535 1776 718 1846 doMezano
735 1798 807 1846 cum
823 1778 920 1845 vinea
931 1783 964 1845 et
979 1778 1074 1846 terris
1085 1775 1208 1845 ibidem
1218 1775 1349 1862 positis3
1368 1775 1490 1841 vineas

355 1884 397 1953 de
414 1884 536 1956 Gilano
552 1907 625 1954 cum
651 1887 800 1955 omnibus
816 1885 920 1974 terris,
948 1906 1012 1974 que
1027 1891 1102 1953 sunt
1118 1885 1161 1952 ad
1182 1887 1336 1970 Racoam,
1363 1890 1491 1949 etcum

354 1995 506 2062 omnibus
524 1994 630 2080 terris,
656 2015 720 2080 que
735 2002 810 2063 sunt
826 1994 869 2062 ad
884 1995 998 2080 Braus,
1023 2001 1145 2062 etcum
1161 1991 1311 2062 omnibns
1331 1990 1488 2058 domibus

356 2105 389 2166 et
404 2101 572 2189 casalinis,
589 2121 653 2188 que
669 2103 793 2170 suntin
808 2102 941 2170 civitate
956 2098 1120 2187 iodrensi,
1145 2119 1218 2168 cum
1233 2099 1348 2186 pratis,
1366 2097 1488 2184 vineis,

355 2209 461 2295 terris,
477 2210 677 2296 nemoribus,
702 2211 849 2295 usuagiis
865 2215 898 2278 ct
911 2208 1043 2298 pascuis
1068 2207 1102 2275 iu
1128 2208 1228 2276 bosco
1252 2212 1284 2274 et
1309 2205 1421 2293 piano,
1450 2206 1485 2272 in

354 2319 449 2404 aquis
465 2324 498 2386 et
514 2316 721 2404 molendinis,
746 2319 780 2386 iu
796 2317 859 2387 uiis
875 2324 908 2385 et
923 2317 1058 2404 semitis,
1076 2321 1108 2384 et
1124 2315 1274 2385 omnibns
1290 2313 1367 2382 aliis
1386 2314 1486 2381 liber·

354 2425 478 2495 tatibus
494 2433 528 2492 et
552 2425 777 2494 immunitibus
802 2426 883 2495 suis.
909 2425 1022 2494 Liceat
1046 2441 1174 2510 quoquo
1199 2423 1294 2493 vobis
1321 2441 1484 2510 personas

354 2532 477 2601 liberas
494 2539 526 2599 ct
543 2532 713 2602 absolutas
729 2553 747 2600 e
764 2534 875 2602 seculo
890 2531 1054 2618 fugientes
1071 2532 1115 2599 ad
1138 2529 1385 2600 conversionem
1402 2528 1482 2596 reci·

355 2661 443 2730 pere,
461 2649 494 2710 et
509 2661 567 2710 eas
576 2641 700 2728 absque
711 2641 970 2710 contradictione
978 2643 1092 2728 aliqua
1101 2641 1248 2710 retinere.
1268 2639 1484 2709 Prohibemus

355 2750 500 2840 insuper,
519 2751 645 2822 utnulli
662 2770 810 2821 sororum
821 2760 1005 2821 vestrarum
1017 2759 1092 2841 post
1100 2753 1223 2820 factam
1238 2751 1272 2818 in
1282 2749 1398 2818 ecdem
1408 2749 1482 2818 loco

355 2857 590 2948 professionem
606 2861 719 2948 aliqua
735 2861 869 2929 levitate
884 2861 957 2930 sine
971 2860 1148 2930 Abbatisse
1162 2860 1298 2928 licentia
1312 2857 1366 2926 ias
1382 2859 1426 2926 sit
1442 2856 1483 2925 de

356 2970 502 3038 claustro
519 2967 707 3056 discedere,
724 2968 946 3038 discedentem
962 2989 1039 3040 vcro
1057 2970 1183 3057 absque
1198 2967 1415 3038 communium
1433 2963 1493 3034 lit-

356 3085 499 3147 terarum
515 3078 783 3148 cautioneuullus
799 3080 921 3146 audeat
936 3079 1084 3146 retinere.
1100 3081 1164 3146 Pro
1181 3074 1482 3147 consecrationibus

357 3208 436 3258 vero
462 3187 617 3254 altarium
640 3187 692 3254 rel
717 3186 856 3256 ecclesie
873 3195 990 3273 vestre,
1017 3187 1088 3255 sive
1111 3208 1171 3276 pro
1191 3189 1264 3255 oleo
1283 3192 1408 3269 sancto,
1432 3185 1487 3252 vel

360 3295 507 3385 quolibet
522 3295 746 3365 ecclesiastico
763 3305 980 3383 sacramento,
1002 3297 1111 3366 nullus
1127 3318 1148 3363 a
1164 3295 1259 3365 vobis
1275 3298 1336 3364 sub
1352 3295 1488 3363 obtentu

362 3404 607 3474 consuetudinis
617 3406 671 3472 vel
687 3406 754 3474 alio
770 3405 865 3475 modo
882 3405 1002 3473 audeat
1017 3403 1197 3491 quidquam
1209 3409 1413 3489 extorquere,
1430 3399 1489 3470 sed

361 3509 422 3580 hec
438 3513 548 3581 omnia
563 3513 666 3598 gratis
681 3513 774 3582 robis
790 3513 974 3602 Episcopus
989 3514 1193 3582 Diocesauns
1209 3511 1392 3600 impendat,
1409 3511 1487 3580 alio·

359 3620 440 3705 quin
456 3619 556 3688 liceat
570 3619 664 3689 vobis
681 3621 741 3689 hec
756 3622 1074 3690 nostraauctoritate
1090 3621 1236 3709 recipere
1252 3641 1274 3686 a
1284 3637 1487 3705 quocumque

359 3727 538 3795 malueritis
556 3727 726 3796 catholico
737 3729 892 3798 Antistitc
907 3730 1050 3816 gratiam
1065 3738 1097 3797 et
1114 3729 1375 3798 communionem
1392 3725 1488 3796 Sedis

359 3837 548 3924 Apostolice
564 3836 742 3906 obtinente.
759 3836 898 3916 Quodsi
915 3837 1018 3906 Sedes
1034 3839 1215 3908 Diocesani
1235 3836 1391 3925 Episcopi
1406 3835 1487 3905 torte

358 3947 538 4031 vacaverit,
562 3945 692 4014 interim
716 3945 825 4016 omnia
851 3946 1074 4016 ecclesiastica
1098 3953 1306 4015 sacramenta
1326 3966 1345 4012 a
1371 3945 1486 4015 vicinis

360 4051 533 4141 Episcopis
560 4053 709 4141 accipere
734 4053 836 4120 libere
851 4060 885 4124 et
909 4055 1034 4142 absque
1049 4054 1306 4124 contradictione
1330 4051 1482 4141 possitis;

360 4161 410 4230 sic
425 4169 544 4247 tamen,
570 4167 606 4230 ut
620 4183 661 4230 eu
677 4163 738 4230 hoc
754 4164 886 4250 proprio
903 4163 1068 4251 Episcopo
1084 4185 1181 4251 super
1203 4162 1302 4231 eisin
1319 4169 1485 4249 posterum

360 4270 484 4337 nullum
493 4271 709 4356 prciudicium
722 4279 905 4355 generetur.
922 4270 1010 4350 Quia
1019 4291 1096 4340 raro
1106 4272 1269 4339 interdum
1281 4270 1484 4359 propriorum

361 4375 596 4464 Episcopornm
607 4377 813 4466 copiamuon
829 4377 967 4464 habetis,
986 4378 1014 4446 si
1025 4399 1121 4464 quem
1132 4378 1333 4465 Episcopum
1344 4379 1485 4446 Romane

363 4482 469 4572 Sedis,
486 4493 522 4552 ut
537 4485 689 4574 diximus,
715 4487 857 4572 gratiam
873 4495 906 4556 et
920 4487 1180 4556 communionem
1199 4486 1387 4573 habentem,
1404 4485 1487 4556 etde

364 4609 428 4674 quo
445 4593 577 4678 plenam
592 4594 747 4662 noticiam
762 4593 923 4680 habeatis,
940 4616 999 4683 per
1015 4615 1073 4666 ves
1088 4595 1229 4665 transire
1244 4593 1430 4682 contigerit,
1447 4594 1487 4662 ab
