3252 5198
589 324 750 426 „m-

100 512 214 580 nulium
229 515 448 601 monachum,
463 516 518 584 rel
533 517 641 604 potius
657 519 893 609 demoniacum,
917 523 959 590 de
975 525 1133 596 mandato
1152 531 1237 598 eius·

101 621 171 687 dem
178 619 367 688 Prenestiui
383 641 406 688 a
421 626 621 694 monasterio
637 624 711 713 ipso
728 628 935 712 exigentibus
951 631 1021 700 suis
1036 635 1141 722 culpis
1154 636 1235 706 eisc

99 738 176 814 tum,
190 729 399 799 Mouasterio
414 732 554 819 prefecit
570 734 695 801 eidem:
713 739 960 826 propterquod,
978 763 1021 811 ne
1035 749 1103 810 tam
1115 765 1234 831 gram

99 856 263 921 excessus,
280 839 310 902 si
326 858 394 904 non
411 859 469 907 eos
484 860 571 925 pena
582 839 694 908 debita
706 844 893 932 castigaret,
912 849 1091 918 transirent
1107 851 1183 920 aliis
1198 854 1234 919 in

97 945 295 1033 exemplum,
312 946 442 1013 dilectis
459 946 535 1014 filiis
553 950 730 1016 ...Sancti
747 949 907 1039 Stephani
922 956 1034 1045 Regis,
1120 961 1234 1027 Sancti

99 1054 269 1121 Benedicti
286 1060 319 1119 et
335 1103 386 1121 ...
403 1054 517 1121 Sancti
541 1056 704 1142 Stephani
718 1058 973 1145 Protomartiris,
993 1062 1109 1129 Sancti
1124 1065 1233 1149 Augu-

97 1163 174 1229 stini
182 1161 320 1230 Ordinis
332 1161 521 1229 Abbatibus
530 1162 757 1230 Waradiensis
767 1165 929 1253 Diocesis,
944 1169 1066 1236 nostris
1083 1169 1232 1239 dedimus

97 1270 203 1338 literis
230 1271 265 1335 in
289 1268 469 1356 mandatis,
495 1275 531 1335 nt
555 1269 585 1337 si
600 1290 669 1336 rem
694 1271 875 1339 invenirent
899 1275 1010 1342 taliter
1035 1296 1072 1344 se
1097 1278 1230 1364 babere,

94 1377 279 1465 predictum
294 1376 516 1463 Episcopum,
543 1384 579 1443 ut
593 1377 725 1445 eosdem
741 1378 904 1448 Abbatem
919 1391 953 1448 et
971 1385 1150 1454 monachos
1166 1387 1230 1473 pri-

95 1486 182 1553 atine
209 1485 386 1553 restituens
401 1484 556 1570 libertati,
584 1505 641 1552 eos
657 1485 701 1553 ad
717 1491 950 1557 monasterium
974 1491 1093 1579 ipsum,
1119 1502 1228 1564 amoto

95 1597 139 1665 ab
155 1615 195 1662 eo
209 1593 355 1681 quolibet
365 1592 535 1661 detentore
544 1595 672 1680 illicito,
689 1596 793 1664 libere
809 1601 919 1667 redire
931 1604 1144 1686 permitteret,
1163 1625 1247 1697 mo·¹

93 1705 221 1773 uitione
236 1704 408 1791 premissa,
427 1704 620 1772 auctoritate
630 1713 744 1774 nostra
759 1709 1021 1796 subllpostolioa
1042 1711 1229 1780 obedientia

95 1819 312 1900 coarctarent,
329 1810 497 1899 predictos
513 1833 666 1880 manuum
676 1814 849 1883 iniectores
865 1817 991 1884 tamdiu
1002 1819 1227 1906 appellatione

92 1929 220 1990 remota
243 1919 543 1988 excommunicatos
570 1921 703 2006 publice
717 1923 923 2009 nunciantes,
950 1945 989 1992 ae
1004 1925 1163 1994 iacientes
1183 1927 1226 1992 ab

93 2029 245 2098 omuibus
262 2027 386 2094 arctius
406 2025 533 2112 enitari,
561 2025 665 2095 donoc
682 2029 792 2114 passis
817 2031 970 2097 iniuriam
995 2031 1226 2100 satisfacerent

92 2140 318 2222 competenter
337 2162 345 2199 ι
372 2140 493 2199 etcum
516 2133 703 2200 eorumdem
715 2135 863 2219 jndicum
886 2137 1068 2204 litterarum
1084 2139 1225 2207 testimo·

90 2245 145 2312 nio
160 2243 314 2309 venirent
339 2239 383 2306 ad
402 2237 521 2306 Sedem
536 2240 762 2327 Apostolicam
778 2244 982 2328 absolvendi,
1009 2245 1133 2332 prelixo
1159 2247 1224 2334 ipsi

89 2353 262 2438 Episcopo
285 2350 424 2416 termino
441 2349 658 2436 peremptorio
682 2353 897 2437 competenti,
922 2372 986 2438 qno
1006 2373 1223 2439 responsurus

90 2459 132 2526 de
155 2457 312 2545 dampnis
329 2463 362 2522 ct
386 2457 514 2523 iniuriis
539 2457 748 2544 supradietis,
774 2481 813 2526 ac
832 2459 1003 2528 auditurus
1026 2480 1125 2548 super
1149 2481 1225 2546 que·

90 2575 198 2642 stione
214 2571 390 2660 premissa,
407 2588 470 2654 que
485 2568 612 2636 iustitia
627 2567 790 2656 suaderet,
810 2572 1001 2658 Apostoliec·
1015 2591 1053 2639 se
1068 2591 1223 2657 conspec-

89 2685 137 2752 tui
153 2685 371 2770 presentaret.
398 2676 543 2763 Sumque
567 2679 686 2763 prefati
700 2680 829 2763 judices
854 2681 1009 2765 inquisita
1033 2701 1132 2766 super
1158 2680 1222 2747 biis

91 2791 230 2858 sollicite
245 2787 396 2869 veritate,
424 2787 522 2872 louge
536 2787 634 2872 plura
656 2795 769 2854 contra
793 2797 991 2857 memoratos
1009 2788 1172 2855 Abbatem
1190 2797 1222 2855 et

91 2901 295 2967 Contentum
319 2901 511 2982 presumpta
537 2913 596 2980 per
620 2895 759 2962 eundem
783 2897 982 2985 Episcopum
1011 2896 1221 2982 invenissent,

93 3030 189 3096 qnam
205 3006 330 3073 nostris
357 3003 497 3071 fuissent
521 3003 654 3071 auribus
670 3003 839 3091 intimata,
868 3006 1071 3091 sepedictum
1089 3005 1221 3091 Episco-

92 3137 169 3204 pum
185 3113 368 3182 efficaciter
385 3116 585 3195 monuerunt,
610 3119 646 3177 ut
660 3114 824 3198 premissa
839 3113 948 3179 omnia
963 3113 1089 3180 faciens
1116 3130 1223 3178 ernen-

90 3225 170 3308 dari,
189 3219 367 3288 iamdictos
380 3217 543 3283 Abbatem
559 3224 592 3285 et
606 3219 793 3304 monachos,
820 3218 939 3286 amotis
954 3218 1075 3284 exinde
1090 3218 1221 3302 quibus-

91 3332 169 3399 libet
184 3328 310 3396 illicitis
326 3324 560 3412 detentoribus,
587 3327 689 3393 libere
705 3326 812 3393 redire
828 3326 1029 3414 permitteret
1053 3327 1096 3392 ad
1112 3345 1221 3393 mona-

93 3439 229 3508 sterium
244 3432 444 3501 eorumdem.
467 3432 531 3500 Sed
546 3433 619 3519 ipse
633 3455 699 3502 non
715 3434 819 3501 solum
834 3432 869 3500 id
885 3433 1013 3503 efficere
1027 3434 1157 3520 penitus
1173 3453 1220 3501 re-

90 3547 366 3628 conuitiorum
393 3540 492 3607 etiam
516 3547 654 3628 peecata
682 3542 827 3629 peccatis
853 3543 1080 3626 accumulans,
1105 3542 1220 3628 peiora

88 3654 254 3743 prioribus
270 3646 331 3714 luit
347 3648 396 3714 eis
411 3645 600 3714 terribiliter
614 3649 829 3717 comminatus
842 3674 849 3714 ι
867 3648 1097 3735 propterquod
1112 3648 1219 3737 ipsum

89 3762 169 3830 dicti
182 3755 317 3845 judiees
333 3758 378 3823 ab
393 3755 501 3824 officio
527 3762 559 3822 et
573 3757 733 3825 beneficio
749 3757 996 3846 suspendentes,
1023 3758 1127 3827 dictos
1153 3781 1219 3826 ma-

88 3892 189 3939 nuum
215 3867 391 3933 iniectores
416 3865 711 3932 excommunicatos
741 3867 872 3951 publice
896 3867 1104 3950 nuntiarunt,
1136 3887 1219 3951 quos

85 3978 175 4044 idem
190 3975 379 4062 Episcopus
394 3972 429 4037 in
454 3973 584 4039 malitia
598 3993 659 4040 sua
674 3973 800 4060 fovens,
826 3995 886 4041 neo
900 3977 991 4062 ipsos
1007 3995 1028 4039 a
1044 3994 1105 4040 sua
1127 3972 1219 4039 fami-

85 4085 233 4153 liaritate
248 4079 399 4164 removit,
414 4098 475 4146 nee
490 4099 526 4147 se
541 4099 656 4166 gerere
670 4083 774 4149 voluit
788 4101 848 4167 pro
863 4101 1033 4169 suspenso,
1058 4083 1092 4148 iu
1108 4081 1216 4151 anime

85 4215 141 4262 sue
157 4190 344 4280 periculum
368 4191 402 4254 et
418 4205 519 4272 grave
536 4190 730 4257 scandalum
746 4191 893 4259 aliorum.
919 4191 963 4256 At
978 4188 1076 4256 iidem
1087 4191 1217 4274 judices

84 4318 277 4388 processum
302 4315 399 4364 suum
414 4293 459 4360 ad
484 4316 623 4364 examen
637 4293 862 4382 Apostolioum
881 4296 1092 4380 remittentes,
1117 4297 1217 4362 uomi-

84 4417 158 4479 uato
174 4408 349 4496 Episcopo
373 4404 549 4471 terminum
563 4403 826 4492 peremptorium,
853 4402 1014 4470 kalendas
1030 4403 1154 4490 Aprilis
1170 4403 1216 4468 vi-

83 4518 199 4588 delicet
225 4517 361 4584 futuras
386 4519 464 4579 tuuc
487 4513 653 4601 proximo,
680 4513 898 4600 premerunt,
924 4532 988 4596 quo
1013 4518 1217 4598 compareret

78 4626 300 4715 personaliter
317 4641 432 4690 coram
446 4621 554 4705 uobis,
580 4641 679 4708 super
694 4621 863 4709 premissis
879 4619 1029 4688 omnibus
1045 4640 1217 4708 responsu·
