3252 5198
374 1069 514 1133 Kdlmda
529 1069 682 1154 policaica'
707 1068 817 1153 kirtly
837 1070 868 1132 c‘a
884 1067 1062 1131 sclavonici
1080 1065 1207 1153 dmcch
1231 1068 1509 1157 kcaczclldrjdrcl

375 1177 447 1240 Fila
470 1174 602 1261 adprctdi
622 1174 802 1260 prdpcettol
819 1179 850 1240 dr
873 1173 1063 1240 tcotcdwicel
1087 1175 1286 1241 birtckccere't
1311 1187 1381 1240 tara.
1407 1179 1509 1242 1237.

484 1369 679 1436 Oclcnranus
695 1371 759 1434 Dei
776 1370 891 1454 gracia
906 1371 978 1436 Rex
994 1376 1027 1436 ct
1037 1371 1112 1434 Dux
1128 1371 1230 1436 tocius
1247 1370 1422 1438 Solanonie
1437 1371 1508 1436 rni-
1540 1411 1550 1434 1

376 1476 481 1542 uersis
496 1482 665 1564 presentes
690 1477 817 1544 litteras
833 1477 1029 1564 inspecturis
1055 1479 1196 1544 salutem
1213 1485 1245 1543 et
1262 1499 1355 1546 omne
1373 1480 1505 1546 bonum.

376 1584 590 1651 Vniuersitati
615 1591 724 1650 uestre
739 1592 851 1651 tenore
877 1585 1085 1669 presencium
1111 1586 1260 1652 volumus
1277 1584 1348 1652 lieri
1370 1584 1512 1656 manile.-

378 1695 473 1774 stum,
498 1711 559 1757 nos
585 1711 658 1756 cum
673 1691 833 1773 Magistro
858 1691 966 1775 Phyla
982 1690 1070 1756 fidoli
1096 1710 1135 1756 ac
1160 1688 1279 1758 dilecto
1300 1689 1510 1758 (lancellario

374 1803 496 1880 nostro,
512 1795 683 1882 Prcposito
710 1798 835 1864 scilicet
851 1798 1088 1882 Zagrabyensi,
1112 1817 1254 1865 necnon
1278 1818 1352 1863 cnm
1376 1798 1510 1865 Thema

377 1903 502 1971 Comitc
519 1905 561 1972 de
577 1905 670 1990 Chay
687 1905 789 1971 fratre
805 1925 874 1990 suc,
903 1926 1000 1992 super
1015 1905 1157 1989 quadam
1173 1912 1270 1989 terra,
1289 1926 1387 1990 quarn
1404 1906 1512 1992 primo

376 2011 459 2098 ipsis
476 2011 671 2077 dederamus
686 2013 720 2076 in
736 2011 872 2077 Wamus
898 2013 942 2079 ad
957 2010 1075 2096 uiginti
1093 2019 1213 2095 aratra,
1240 2018 1272 2076 et
1296 2032 1393 2098 super
1418 2018 1515 2077 terra

379 2120 524 2206 Kyliani,
551 2140 614 2205 quc
630 2125 680 2185 est
695 2119 786 2184 iuxta
803 2119 951 2202 eandem,
977 2140 1075 2204 quam
1090 2119 1155 2205 ipsi
1179 2128 1336 2202 emerant,
1361 2127 1393 2185 et
1410 2141 1515 2205 super

379 2237 468 2294 terra
483 2226 579 2293 Musd
594 2248 615 2293 a
630 2226 770 2292 Martinc
794 2227 861 2293 filio
877 2227 1011 2293 Martini
1027 2228 1068 2292 de
1083 2227 1201 2314 Lypcy
1220 2227 1371 2293 similiter
1397 2246 1513 2294 eorum

381 2334 575 2421 empticiam,
603 2341 635 2400 et
650 2352 716 2397 non
742 2333 869 2400 duabus
894 2333 999 2399 uineis
1017 2333 1153 2398 Farcaai
1176 2333 1224 2398 iili
1240 2331 1356 2416 Celtae,
1381 2333 1449 2398 tale
1464 2331 1513 2398 fe·

381 2442 465 2508 cisse
481 2440 714 2526 concambium,
743 2439 830 2524 quod
852 2461 911 2526 pro
938 2440 1245 2525 recompensacione
1270 2439 1414 2525 predicte
1438 2459 1516 2524 pos·

381 2549 537 2616 sessionis
564 2555 596 2615 et
618 2546 842 2615 ccmutacione
868 2547 1016 2613 eiusdem
1042 2545 1191 2612 dedimus
1217 2555 1337 2614 terram
1363 2557 1515 2613 nostram

381 2659 510 2726 nomine
535 2658 643 2725 Luder
667 2656 878 2740 integraliter,
904 2662 937 2722 et
951 2662 1074 2721 terram
1099 2656 1229 2721 nomine
1252 2655 1386 2740 Heyreh
1413 2654 1516 2720 certis

382 2768 477 2833 metis
494 2787 535 2832 ex
551 2767 638 2832 omni
653 2773 747 2850 parte
763 2764 949 2836 distinctam
966 2770 999 2830 et
1014 2763 1284 2848 circumpositam,
1309 2761 1391 2827 sicut
1407 2761 1513 2846 Bctyz

383 2872 500 2942 (lomes
516 2895 589 2940 eam
612 2873 805 2960 possederat
822 2893 894 2938 cum
918 2873 1024 2939 tribus
1041 2870 1224 2958 mancipijs,
1250 2871 1417 2955 inquibus
1435 2876 1515 2936 sunt

383 2979 538 3049 tredecim
555 2982 721 3048 hominnm
747 2982 865 3067 capita,
884 2981 996 3064 libere,
1024 2980 1131 3063 quiete
1148 2985 1181 3044 et
1195 2978 1332 3065 pacifice
1348 2977 1382 3043 in
1398 2997 1515 3064 perpe·

384 3098 473 3156 tuum
499 3091 742 3176 possidendam.
770 3091 814 3156 Vt
830 3095 940 3155 antem
959 3090 1018 3155 hcc
1044 3086 1220 3154 conuencio
1246 3092 1320 3151 rata
1336 3105 1463 3171 semper
1480 3093 1518 3152 et

383 3198 626 3282 inrefragabilis
651 3216 842 3284 permanere
867 3198 988 3281 ualeat,
1015 3196 1177 3282 presentia
1193 3195 1308 3280 scripti
1336 3195 1453 3261 seriem
1470 3193 1514 3260 si·

383 3307 454 3390 gilli
470 3308 572 3374 nostri
595 3309 771 3373 munimine
786 3305 981 3372 contulimus
997 3325 1096 3390 snper
1111 3305 1173 3370 hoc
1197 3303 1395 3385 roboratam,
1423 3322 1515 3370 anno

385 3415 494 3498 gracie
509 3415 555 3480 Μο
566 3411 630 3479 00⁰
640 3415 750 3481 XXX⁰
760 3415 847 3481 vla.

422 3629 480 3695 (IV.
493 3628 560 3680 sela
572 3627 717 3695 kirtlynak
731 3629 842 3679 1244=lri
857 3627 1020 3696 megcrdsr'td
1032 3624 1275 3697 privileginmdbdl
1294 3627 1362 3677 mint
1374 3621 1477 3691 aldbb.)
