3210 5194
883 265 1039 364 ..ΕΞ

394 461 501 528 indiae
518 460 688 547 superiori,
718 469 750 528 et
766 483 829 528 non
849 461 1006 547 hospites,
1033 461 1152 529 debent
1168 463 1344 532 conueniri.
1370 460 1531 530 Concedi-

395 589 466 636 mus
482 569 597 652 eciam,
624 569 710 652 quod
729 570 762 634 iu
779 571 911 638 minutis
926 571 1156 656 mercimoniis,
1183 592 1245 656 que
1262 573 1383 640 ibidem
1404 573 1529 640 infore

394 676 435 742 de
455 677 535 744 Bors
561 677 753 744 contrahere
770 678 953 760 debuerint,
979 679 1134 746 tributum
1160 679 1292 765 aliquod
1309 703 1375 750 non
1401 683 1528 768 persul-

393 788 498 850 uatur.
529 782 654 861 Quibus
679 785 784 851 eciem
810 785 853 850 ad
878 783 1146 874 inhabitandum,
1174 795 1208 853 ut
1234 789 1383 856 seruioiis
1407 791 1528 873 augeri

392 898 528 978 possent
544 899 576 958 et
592 911 737 976 numero,
752 893 813 959 bas
830 898 935 959 terras
951 892 1102 961 duximus
1118 895 1344 963 conferendas.
1369 898 1419 963 De
1436 904 1526 963 terra

394 1000 608 1067 castrensium
635 999 676 1068 de
692 1001 824 1086 Zeugev
848 1007 969 1068 terrum
985 1002 1136 1070 trutinum
1163 1009 1293 1072 uratvre
1308 1005 1448 1073 nondum
1466 1026 1527 1092 ap-

394 1116 460 1174 tam
477 1108 519 1174 ad
536 1117 674 1192 quatuor
691 1115 819 1194 aratra,
846 1109 923 1175 item
948 1115 1068 1176 terrum
1092 1112 1188 1178 vuius
1206 1112 1317 1196 aratri,
1343 1133 1405 1198 que
1421 1133 1525 1197 quou-

395 1217 470 1283 dam
486 1216 529 1282 ad
545 1216 719 1284 vdornioos
735 1223 864 1284 nostros
880 1218 1075 1304 pertinebat,
1099 1218 1158 1285 sed
1172 1241 1258 1288 nune
1273 1241 1379 1288 vacua
1394 1242 1525 1288 romau-

394 1330 490 1409 serut,
508 1325 600 1390 iuxta
610 1322 721 1390 Goron
738 1324 873 1391 fluuium
890 1325 1099 1411 existentem5
1116 1326 1194 1394 item
1210 1327 1253 1396 de
1269 1335 1356 1396 terra
1372 1329 1523 1396 eiusdem

395 1430 502 1497 Gustri
518 1432 561 1497 ad
575 1431 640 1498 triu
655 1437 775 1515 aratra,
794 1451 892 1514 quam
908 1432 1041 1518 quidam
1058 1434 1163 1502 otious
1179 1436 1308 1504 nomine
1328 1436 1425 1505 Guda
1441 1437 1524 1504 deti-

393 1539 500 1623 nebat,
519 1560 614 1624 quem
631 1541 735 1607 eoium
751 1561 817 1606 vua
833 1562 906 1608 oum
924 1562 982 1609 suo
998 1543 1098 1610 fratre
1113 1544 1147 1610 in
1163 1565 1297 1615 numero
1317 1553 1352 1612 et
1366 1547 1523 1613 libertate

392 1646 554 1732 hospitum
581 1646 757 1712 eorundem
774 1647 963 1731 reliquimus
985 1668 1251 1737 permansurum
1275 1653 1354 1720 item
1370 1655 1402 1721 in
1419 1655 1523 1742 Sepla

392 1761 510 1820 terram
527 1752 663 1820 duorum
679 1759 861 1820 aratrorum
878 1775 1015 1822 vuouam
1032 1757 1207 1844 quondam,
1231 1779 1294 1845 que
1309 1761 1458 1829 similiter
1474 1764 1522 1830 ad

392 1859 566 1927 vdornieos
583 1861 774 1946 pertinebat.
796 1861 887 1940 Quas
903 1883 961 1949 per
978 1871 1124 1932 nostrum
1140 1867 1336 1952 pristaldum
1349 1869 1445 1938 Belea
1462 1891 1521 1938 uo·

391 1966 478 2033 mine
494 1968 587 2034 metis
604 1967 790 2034 distinotam
807 1969 893 2058 (tgy)
910 1971 992 2057 ipsis
1007 1972 1143 2040 fecimus
1160 1976 1333 2062 assignari.
1349 1979 1392 2044 Vt
1407 1987 1520 2049 autem

392 2076 453 2140 hee
469 2094 490 2139 a
504 2082 614 2141 nostro
630 2075 782 2143 ordinate
806 2078 1009 2165 beneplacito
1025 2081 1217 2152 inconeussa
1238 2087 1337 2152 robur
1353 2087 1519 2156 firmitatis

390 2182 557 2248 obtineant
572 2183 605 2249 iu
621 2190 786 2269 posterum
797 2195 968 2273 presentes
976 2189 1104 2259 litteras
1114 2195 1334 2262 ooneessimus
1351 2196 1518 2284 duppliois

388 2287 489 2373 sigilli
505 2291 607 2356 nostri
624 2292 799 2360 munimine
814 2294 995 2365 roboratas.
1025 2299 1146 2366 Datum
1163 2301 1196 2367 in
1211 2303 1323 2370 Insula
1339 2323 1427 2370 anno
1442 2325 1519 2388 gra-

389 2394 437 2460 eie
453 2395 498 2460 Μο
509 2395 666 2479 now,
684 2408 799 2482 quarto
815 2401 893 2469 Idus
909 2403 1121 2490 Septembris,
1144 2407 1249 2492 Regni
1265 2428 1396 2493 quoque
1411 2411 1519 2478 nostri

258 2558 263 2572 ,
387 2519 473 2566 anuo
489 2500 611 2586 quinto.

333 2711 337 2716 -
386 2677 445 2746 (IV.
458 2679 525 2733 Bdlu
537 2679 682 2750 kirtlynak
697 2685 810 2738 lass-ki
823 2687 986 2757 megerdsltb
995 2689 1243 2761 privilegiumdbbl,
1256 2697 1325 2746 mint
1338 2693 1430 2750 aldbb.
1444 2698 1477 2748 V.
1490 2704 1517 2749 o.

663 2775 744 2841 sajet
757 2777 823 2828 eod.
837 2777 911 2846 Dipl.
925 2781 971 2832 IV.
985 2781 1042 2834 ket.
1058 2785 1081 2832 l.
1095 2799 1115 2836 r.
1131 2783 1192 2834 322.
1205 2779 1237 2851 l.)

820 3072 1078 3087 *nonan—..m

915 3529 971 3600 ee.

382 3695 403 3757 I
408 3695 440 3760 V.
459 3695 538 3762 Be'ta
554 3699 728 3790 kirdtyuuk
744 3707 852 3773 Ratun
868 3707 1009 3778 birtulodt
1024 3717 1178 3802 europaeo
1191 3718 1371 3807 adomeoya
1387 3724 1509 3792 Miletos

632 3812 663 3874 eu·
683 3813 794 3900 Tamp,
810 3817 904 3884 Zeres
912 3821 978 3904 fini
992 3825 1148 3893 uadmdra.
1164 3827 1262 3893 1240.

486 3999 567 4067 Bela
586 4004 649 4069 Dei
674 4009 787 4090 grecia
810 4011 986 4101 Hungun'e,
1012 4021 1193 4108 Dalmaoie‚
1218 4023 1365 4111 Groaeie,
1391 4029 1505 4117 Reme,

380 4106 504 4194 Seruie,
521 4110 670 4198 eollioie,
688 4113 1113 4214 Lodomeriocumsuisquo
1128 4132 1198 4199 Rex
1213 4135 1366 4204 omnibus
1384 4135 1507 4206 Christi

378 4211 528 4284 fidelibus
543 4219 699 4305 paginam
715 4233 897 4310 presentem
914 4231 1110 4318 inspeeturis
1133 4241 1274 4310 salutem
1291 4249 1324 4312 et
1339 4267 1436 4315 omne
1452 4250 1507 4319 bo·

378 4342 465 4389 num.
491 4323 544 4390 Ad
558 4328 782 4398 uniuersorum
809 4334 964 4403 noticiam
980 4339 1092 4410 harum
1109 4349 1194 4416 serie
1221 4351 1370 4421 uolumus
1393 4377 1506 4444 perue-

378 4430 458 4516 nire,
481 4431 568 4516 quod
585 4454 656 4502 uum
673 4439 745 4504 Deo
769 4442 914 4528 propieio
930 4446 1035 4533 Regni
1058 4451 1220 4537 regimine
1243 4479 1303 4544 per
1327 4465 1504 4536 sueeessio·

378 4557 452 4604 nem
469 4537 512 4606 ad
528 4560 588 4608 uos
604 4540 759 4614 deuolnto
773 4549 847 4618 iura
862 4559 1041 4624 uestrorum
1057 4566 1203 4649 tempore
1217 4565 1324 4637 ieliois
1347 4574 1504 4644 memorie
