<?xml version="1.0" encoding="UTF-8"?>
<!DOCTYPE html PUBLIC "-//W3C//DTD XHTML 1.0 Transitional//EN"
    "http://www.w3.org/TR/xhtml1/DTD/xhtml1-transitional.dtd">
<html xmlns="http://www.w3.org/1999/xhtml" xml:lang="en" lang="en">
 <head>
  <title>
</title>
<meta http-equiv="Content-Type" content="text/html;charset=utf-8" />
  <meta name='ocr-system' content='tesseract 3.04.00' />
  <meta name='ocr-capabilities' content='ocr_page ocr_carea ocr_par ocr_line ocrx_word'/>
</head>
<body>
  <div class='ocr_page' id='page_1' title='image "./codexdiplomatic18wenzgoog_0301.png"; bbox 0 0 3186 5188; ppageno 0'>
   <div class='ocr_carea' id='block_1_1' title="bbox 649 855 726 926">
    <p class='ocr_par' dir='ltr' id='par_1_1' title="bbox 649 855 726 926">
     <span class='ocr_line' id='line_1_1' title="bbox 649 855 726 926; baseline 0 -2"><span class='ocrx_word' id='word_1_1' title='bbox 649 855 726 926; x_wconf 77' lang='grc'><strong>185.</strong></span> 
     </span>
    </p>
   </div>
   <div class='ocr_carea' id='block_1_2' title="bbox 91 1033 1251 1331">
    <p class='ocr_par' dir='ltr' id='par_1_2' title="bbox 91 1033 1251 1331">
     <span class='ocr_line' id='line_1_2' title="bbox 92 1033 1251 1125; baseline 0.002 -26"><span class='ocrx_word' id='word_1_2' title='bbox 92 1033 116 1099; x_wconf 90' lang='grc' dir='ltr'><em>Ι</em></span> <span class='ocrx_word' id='word_1_3' title='bbox 121 1034 156 1100; x_wconf 87' lang='lat' dir='ltr'><strong>V.</strong></span> <span class='ocrx_word' id='word_1_4' title='bbox 183 1036 290 1101; x_wconf 78' lang='lat' dir='ltr'><strong>Iac-ze</strong></span> <span class='ocrx_word' id='word_1_5' title='bbox 315 1038 403 1122; x_wconf 85' lang='lat' dir='ltr'><strong>pclpu</strong></span> <span class='ocrx_word' id='word_1_6' title='bbox 420 1036 539 1101; x_wconf 80' lang='lat' dir='ltr'><strong>Daniel</strong></span> <span class='ocrx_word' id='word_1_7' title='bbox 562 1039 715 1123; x_wconf 72' lang='lat' dir='ltr'><strong>polluziui</strong></span> <span class='ocrx_word' id='word_1_8' title='bbox 732 1037 848 1125; x_wconf 65' lang='lat' dir='ltr'><strong>lirmlyt</strong></span> <span class='ocrx_word' id='word_1_9' title='bbox 863 1037 989 1123; x_wconf 65' lang='lat' dir='ltr'><strong>folkeri,</strong></span> <span class='ocrx_word' id='word_1_10' title='bbox 1015 1040 1094 1124; x_wconf 74' lang='lat' dir='ltr'><strong>kopp</strong></span> <span class='ocrx_word' id='word_1_11' title='bbox 1120 1045 1251 1104; x_wconf 62' lang='lat' dir='ltr'><strong>audeaut</strong></span> 
     </span>
     <span class='ocr_line' id='line_1_3' title="bbox 91 1143 1246 1232; baseline 0.005 -28"><span class='ocrx_word' id='word_1_12' title='bbox 91 1143 180 1208; x_wconf 76' lang='lat' dir='ltr'><strong>read</strong></span> <span class='ocrx_word' id='word_1_13' title='bbox 199 1145 352 1231; x_wconf 71' lang='lat' dir='ltr'><strong>locuput‘t</strong></span> <span class='ocrx_word' id='word_1_14' title='bbox 366 1147 508 1222; x_wconf 56' lang='lat' dir='ltr'><strong>artesium,</strong></span> <span class='ocrx_word' id='word_1_15' title='bbox 533 1145 575 1208; x_wconf 79' lang='lat' dir='ltr'><strong>ltu</strong></span> <span class='ocrx_word' id='word_1_16' title='bbox 599 1169 619 1208; x_wconf 87' lang='lat' dir='ltr'><strong>a</strong></span> <span class='ocrx_word' id='word_1_17' title='bbox 639 1146 760 1210; x_wconf 77' lang='lat' dir='ltr'><strong>tutdrok</strong></span> <span class='ocrx_word' id='word_1_18' title='bbox 783 1145 954 1232; x_wconf 62' lang='lat' dir='ltr'><strong>terente&#39;uy</strong></span> <span class='ocrx_word' id='word_1_19' title='bbox 962 1145 1071 1229; x_wconf 74' lang='lat' dir='ltr'><strong>foldrc</strong></span> <span class='ocrx_word' id='word_1_20' title='bbox 1095 1149 1178 1211; x_wconf 66' lang='grc' dir='ltr'><strong>ίὸνηί</strong></span> <span class='ocrx_word' id='word_1_21' title='bbox 1201 1147 1246 1210; x_wconf 77' lang='lat' dir='ltr'><strong>lu&gt;-</strong></span> 
     </span>
     <span class='ocr_line' id='line_1_4' title="bbox 558 1251 807 1331; baseline 0.008 -18"><span class='ocrx_word' id='word_1_22' title='bbox 558 1251 693 1331; x_wconf 68' lang='lat' dir='ltr'><strong>ezuiluel&#39;,</strong></span> <span class='ocrx_word' id='word_1_23' title='bbox 713 1251 807 1316; x_wconf 70' lang='lat'><em>1243.</em></span> 
     </span>
    </p>
   </div>
   <div class='ocr_carea' id='block_1_3' title="bbox 94 1445 1246 2713">
    <p class='ocr_par' dir='ltr' id='par_1_3' title="bbox 94 1445 1246 2713">
     <span class='ocr_line' id='line_1_5' title="bbox 213 1445 1246 1531; baseline 0.003 -20"><span class='ocrx_word' id='word_1_24' title='bbox 213 1447 434 1514; x_wconf 77' lang='lat' dir='ltr'><strong>Innocentius</strong></span> <span class='ocrx_word' id='word_1_25' title='bbox 454 1445 638 1531; x_wconf 77' lang='lat' dir='ltr'>Episcopus</span> <span class='ocrx_word' id='word_1_26' title='bbox 663 1463 778 1513; x_wconf 81' lang='lat' dir='ltr'><strong>servus</strong></span> <span class='ocrx_word' id='word_1_27' title='bbox 802 1465 970 1514; x_wconf 84' lang='lat' dir='ltr'><strong>servorum</strong></span> <span class='ocrx_word' id='word_1_28' title='bbox 987 1447 1050 1514; x_wconf 90' lang='lat' dir='ltr'><strong>Dei</strong></span> <span class='ocrx_word' id='word_1_29' title='bbox 1077 1447 1246 1515; x_wconf 86' lang='lat' dir='ltr'><strong>carissimo</strong></span> 
     </span>
     <span class='ocr_line' id='line_1_6' title="bbox 94 1553 1245 1641; baseline 0.003 -23"><span class='ocrx_word' id='word_1_30' title='bbox 94 1553 166 1620; x_wconf 86' lang='lat' dir='ltr'><strong>filio</strong></span> <span class='ocrx_word' id='word_1_31' title='bbox 186 1553 331 1620; x_wconf 84' lang='lat' dir='ltr'><strong>Danieli</strong></span> <span class='ocrx_word' id='word_1_32' title='bbox 347 1553 429 1638; x_wconf 78' lang='lat' dir='ltr'><strong>Regi</strong></span> <span class='ocrx_word' id='word_1_33' title='bbox 445 1553 563 1622; x_wconf 85' lang='lat' dir='ltr'><strong>Russie</strong></span> <span class='ocrx_word' id='word_1_34' title='bbox 578 1553 713 1637; x_wconf 89' lang='lat' dir='ltr'><strong>Illustri,</strong></span> <span class='ocrx_word' id='word_1_35' title='bbox 738 1555 878 1622; x_wconf 88' lang='lat' dir='ltr'><strong>salutem</strong></span> <span class='ocrx_word' id='word_1_36' title='bbox 893 1563 927 1622; x_wconf 89' lang='lat' dir='ltr'><strong>et</strong></span> <span class='ocrx_word' id='word_1_37' title='bbox 942 1555 1165 1641; x_wconf 84' lang='lat' dir='ltr'><strong>Apostolicam</strong></span> <span class='ocrx_word' id='word_1_38' title='bbox 1192 1557 1245 1622; x_wconf 88' lang='lat' dir='ltr'><strong>be-</strong></span> 
     </span>
     <span class='ocr_line' id='line_1_7' title="bbox 96 1659 1246 1747; baseline 0.003 -23"><span class='ocrx_word' id='word_1_39' title='bbox 96 1659 344 1728; x_wconf 84' lang='lat' dir='ltr'><strong>nedictionem.</strong></span> <span class='ocrx_word' id='word_1_40' title='bbox 369 1660 455 1740; x_wconf 80' lang='lat' dir='ltr'><strong>Quia</strong></span> <span class='ocrx_word' id='word_1_41' title='bbox 471 1661 619 1747; x_wconf 88' lang='lat' dir='ltr'><strong>pericula</strong></span> <span class='ocrx_word' id='word_1_42' title='bbox 641 1669 776 1747; x_wconf 76' lang='lat' dir='ltr'><strong>possunt</strong></span> <span class='ocrx_word' id='word_1_43' title='bbox 790 1661 924 1729; x_wconf 76' lang='lat' dir='ltr'><strong>facilius</strong></span> <span class='ocrx_word' id='word_1_44' title='bbox 936 1662 1064 1746; x_wconf 81' lang='lat' dir='ltr'><strong>evitari,</strong></span> <span class='ocrx_word' id='word_1_45' title='bbox 1088 1662 1118 1729; x_wconf 94' lang='lat' dir='ltr'><strong>si</strong></span> <span class='ocrx_word' id='word_1_46' title='bbox 1133 1671 1246 1728; x_wconf 86' lang='lat' dir='ltr'><strong>contra</strong></span> 
     </span>
     <span class='ocr_line' id='line_1_8' title="bbox 96 1768 1246 1856; baseline 0.002 -24"><span class='ocrx_word' id='word_1_47' title='bbox 96 1768 177 1854; x_wconf 87' lang='lat' dir='ltr'><strong>ipsa</strong></span> <span class='ocrx_word' id='word_1_48' title='bbox 205 1789 272 1854; x_wconf 92' lang='lat' dir='ltr'><strong>per</strong></span> <span class='ocrx_word' id='word_1_49' title='bbox 297 1769 503 1856; x_wconf 80' lang='lat' dir='ltr'><strong>providentie</strong></span> <span class='ocrx_word' id='word_1_50' title='bbox 527 1771 670 1856; x_wconf 90' lang='lat' dir='ltr'><strong>clipeum</strong></span> <span class='ocrx_word' id='word_1_51' title='bbox 694 1771 889 1851; x_wconf 82' lang='lat' dir='ltr'><strong>muniamur,</strong></span> <span class='ocrx_word' id='word_1_52' title='bbox 915 1769 1131 1838; x_wconf 75' lang='lat' dir='ltr'><strong>serenitatem</strong></span> <span class='ocrx_word' id='word_1_53' title='bbox 1155 1778 1246 1838; x_wconf 89' lang='lat' dir='ltr'><strong>tuam</strong></span> 
     </span>
     <span class='ocr_line' id='line_1_9' title="bbox 98 1877 1245 1965; baseline 0.005 -25"><span class='ocrx_word' id='word_1_54' title='bbox 98 1893 280 1962; x_wconf 80' lang='lat' dir='ltr'><strong>rogamus,</strong></span> <span class='ocrx_word' id='word_1_55' title='bbox 299 1897 475 1963; x_wconf 89' lang='lat' dir='ltr'><strong>monemus,</strong></span> <span class='ocrx_word' id='word_1_56' title='bbox 492 1884 524 1943; x_wconf 91' lang='lat' dir='ltr'><strong>et</strong></span> <span class='ocrx_word' id='word_1_57' title='bbox 539 1877 707 1944; x_wconf 75' lang='lat' dir='ltr'><strong>hortamur</strong></span> <span class='ocrx_word' id='word_1_58' title='bbox 724 1885 857 1958; x_wconf 85' lang='lat' dir='ltr'><strong>attente,</strong></span> <span class='ocrx_word' id='word_1_59' title='bbox 874 1884 1024 1964; x_wconf 86' lang='lat' dir='ltr'><strong>petentes</strong></span> <span class='ocrx_word' id='word_1_60' title='bbox 1039 1899 1098 1965; x_wconf 93' lang='lat' dir='ltr'><strong>pro</strong></span> <span class='ocrx_word' id='word_1_61' title='bbox 1114 1899 1245 1946; x_wconf 86' lang='lat' dir='ltr'><strong>munere</strong></span> 
     </span>
     <span class='ocr_line' id='line_1_10' title="bbox 97 1983 1245 2071; baseline 0 -23"><span class='ocrx_word' id='word_1_62' title='bbox 97 1983 261 2068; x_wconf 89' lang='lat' dir='ltr'><strong>speciali,</strong></span> <span class='ocrx_word' id='word_1_63' title='bbox 277 1991 438 2070; x_wconf 87' lang='lat' dir='ltr'><strong>quatenus</strong></span> <span class='ocrx_word' id='word_1_64' title='bbox 455 1986 633 2069; x_wconf 89' lang='lat' dir='ltr'><strong>quamcito</strong></span> <span class='ocrx_word' id='word_1_65' title='bbox 650 1985 709 2052; x_wconf 87' lang='lat' dir='ltr'><strong>tibi</strong></span> <span class='ocrx_word' id='word_1_66' title='bbox 724 1985 913 2070; x_wconf 89' lang='lat' dir='ltr'><strong>constiterit,</strong></span> <span class='ocrx_word' id='word_1_67' title='bbox 931 1984 1017 2071; x_wconf 89' lang='lat' dir='ltr'><strong>quod</strong></span> <span class='ocrx_word' id='word_1_68' title='bbox 1034 1985 1245 2053; x_wconf 82' lang='lat' dir='ltr'><strong>Tartaromm</strong></span> 
     </span>
     <span class='ocr_line' id='line_1_11' title="bbox 98 2091 1244 2178; baseline 0.003 -23"><span class='ocrx_word' id='word_1_69' title='bbox 98 2091 276 2159; x_wconf 84' lang='lat' dir='ltr'><strong>exercitus</strong></span> <span class='ocrx_word' id='word_1_70' title='bbox 293 2112 408 2160; x_wconf 85' lang='lat' dir='ltr'><strong>versus</strong></span> <span class='ocrx_word' id='word_1_71' title='bbox 433 2091 710 2160; x_wconf 72' lang='lat' dir='ltr'><strong>christianitatem</strong></span> <span class='ocrx_word' id='word_1_72' title='bbox 735 2091 858 2178; x_wconf 83' lang='lat' dir='ltr'><strong>dirigat</strong></span> <span class='ocrx_word' id='word_1_73' title='bbox 877 2112 1010 2178; x_wconf 83' lang='lat' dir='ltr'><strong>gressus</strong></span> <span class='ocrx_word' id='word_1_74' title='bbox 1035 2112 1122 2176; x_wconf 86' lang='lat' dir='ltr'><strong>suos,</strong></span> <span class='ocrx_word' id='word_1_75' title='bbox 1148 2092 1182 2160; x_wconf 89' lang='lat' dir='ltr'><strong>id</strong></span> <span class='ocrx_word' id='word_1_76' title='bbox 1197 2092 1244 2159; x_wconf 90' lang='lat' dir='ltr'><strong>di-</strong></span> 
     </span>
     <span class='ocr_line' id='line_1_12' title="bbox 98 2199 1245 2286; baseline 0.001 -23"><span class='ocrx_word' id='word_1_77' title='bbox 98 2199 199 2266; x_wconf 89' lang='lat' dir='ltr'><strong>lectis</strong></span> <span class='ocrx_word' id='word_1_78' title='bbox 225 2200 305 2267; x_wconf 88' lang='lat' dir='ltr'><strong>fillis</strong></span> <span class='ocrx_word' id='word_1_79' title='bbox 328 2199 484 2267; x_wconf 83' lang='lat' dir='ltr'><strong>iratribus</strong></span> <span class='ocrx_word' id='word_1_80' title='bbox 508 2199 549 2268; x_wconf 88' lang='lat' dir='ltr'><strong>de</strong></span> <span class='ocrx_word' id='word_1_81' title='bbox 567 2200 664 2268; x_wconf 89' lang='lat' dir='ltr'><strong>domo</strong></span> <span class='ocrx_word' id='word_1_82' title='bbox 679 2199 881 2270; x_wconf 80' lang='lat' dir='ltr'><strong>Theotonioa</strong></span> <span class='ocrx_word' id='word_1_83' title='bbox 897 2203 930 2267; x_wconf 90' lang='lat' dir='ltr'><strong>in</strong></span> <span class='ocrx_word' id='word_1_84' title='bbox 956 2200 1073 2269; x_wconf 88' lang='lat' dir='ltr'><strong>Russie</strong></span> <span class='ocrx_word' id='word_1_85' title='bbox 1097 2199 1245 2286; x_wconf 83' lang='lat' dir='ltr'><strong>portibus</strong></span> 
     </span>
     <span class='ocr_line' id='line_1_13' title="bbox 100 2305 1245 2394; baseline 0 -22"><span class='ocrx_word' id='word_1_86' title='bbox 100 2308 399 2390; x_wconf 75' lang='lat' dir='ltr'><strong>commorantibus,</strong></span> <span class='ocrx_word' id='word_1_87' title='bbox 425 2307 576 2374; x_wconf 85' lang='lat' dir='ltr'><strong>intimare</strong></span> <span class='ocrx_word' id='word_1_88' title='bbox 600 2327 771 2394; x_wconf 86' lang='lat' dir='ltr'><strong>procures3</strong></span> <span class='ocrx_word' id='word_1_89' title='bbox 797 2314 833 2374; x_wconf 85' lang='lat' dir='ltr'><strong>ut</strong></span> <span class='ocrx_word' id='word_1_90' title='bbox 856 2328 929 2374; x_wconf 92' lang='lat' dir='ltr'><strong>cum</strong></span> <span class='ocrx_word' id='word_1_91' title='bbox 945 2310 1007 2375; x_wconf 87' lang='lat' dir='ltr'><strong>lroc</strong></span> <span class='ocrx_word' id='word_1_92' title='bbox 1030 2328 1089 2394; x_wconf 91' lang='lat' dir='ltr'><strong>per</strong></span> <span class='ocrx_word' id='word_1_93' title='bbox 1113 2305 1245 2374; x_wconf 88' lang='lat' dir='ltr'><strong>eosdem</strong></span> 
     </span>
     <span class='ocr_line' id='line_1_14' title="bbox 101 2411 1242 2502; baseline 0.004 -26"><span class='ocrx_word' id='word_1_94' title='bbox 101 2411 229 2481; x_wconf 80' lang='lat' dir='ltr'><strong>fratres</strong></span> <span class='ocrx_word' id='word_1_95' title='bbox 248 2414 292 2481; x_wconf 76' lang='lat' dir='ltr'><strong>aul</strong></span> <span class='ocrx_word' id='word_1_96' title='bbox 316 2413 467 2483; x_wconf 87' lang='lat' dir='ltr'><strong>notitiam</strong></span> <span class='ocrx_word' id='word_1_97' title='bbox 484 2421 629 2482; x_wconf 87' lang='lat' dir='ltr'><strong>nostram</strong></span> <span class='ocrx_word' id='word_1_98' title='bbox 653 2414 849 2502; x_wconf 85' lang='lat' dir='ltr'><strong>pervenerit,</strong></span> <span class='ocrx_word' id='word_1_99' title='bbox 875 2413 1018 2500; x_wconf 85' lang='lat' dir='ltr'><strong>qualiter</strong></span> <span class='ocrx_word' id='word_1_100' title='bbox 1033 2414 1115 2502; x_wconf 90' lang='lat' dir='ltr'><strong>ipsis</strong></span> <span class='ocrx_word' id='word_1_101' title='bbox 1131 2416 1242 2480; x_wconf 82' lang='lat' dir='ltr'><strong>Tarta·</strong></span> 
     </span>
     <span class='ocr_line' id='line_1_15' title="bbox 103 2519 1244 2608; baseline 0.003 -24"><span class='ocrx_word' id='word_1_102' title='bbox 103 2520 151 2586; x_wconf 89' lang='lat' dir='ltr'><strong>ris</strong></span> <span class='ocrx_word' id='word_1_103' title='bbox 167 2520 313 2588; x_wconf 86' lang='lat' dir='ltr'><strong>uiriliter</strong></span> <span class='ocrx_word' id='word_1_104' title='bbox 329 2541 403 2588; x_wconf 89' lang='lat' dir='ltr'><strong>cum</strong></span> <span class='ocrx_word' id='word_1_105' title='bbox 418 2520 481 2588; x_wconf 90' lang='lat' dir='ltr'><strong>Dei</strong></span> <span class='ocrx_word' id='word_1_106' title='bbox 497 2519 661 2606; x_wconf 85' lang='lat' dir='ltr'><strong>adjutorio</strong></span> <span class='ocrx_word' id='word_1_107' title='bbox 677 2520 880 2608; x_wconf 83' lang='lat' dir='ltr'><strong>resistamus,</strong></span> <span class='ocrx_word' id='word_1_108' title='bbox 905 2523 1070 2607; x_wconf 85' lang='lat' dir='ltr'><strong>possimus</strong></span> <span class='ocrx_word' id='word_1_109' title='bbox 1087 2521 1244 2588; x_wconf 87' lang='lat' dir='ltr'><strong>maturius</strong></span> 
     </span>
     <span class='ocr_line' id='line_1_16' title="bbox 104 2627 1244 2713; baseline 0.004 -23"><span class='ocrx_word' id='word_1_110' title='bbox 104 2627 271 2712; x_wconf 82' lang='lat' dir='ltr'><strong>cogitare.</strong></span> <span class='ocrx_word' id='word_1_111' title='bbox 297 2631 420 2695; x_wconf 89' lang='lat' dir='ltr'><strong>Datum</strong></span> <span class='ocrx_word' id='word_1_112' title='bbox 445 2628 598 2713; x_wconf 82' lang='lat' dir='ltr'><strong>Lugduni</strong></span> <span class='ocrx_word' id='word_1_113' title='bbox 614 2631 672 2696; x_wconf 89' lang='lat' dir='ltr'><strong>XI.</strong></span> <span class='ocrx_word' id='word_1_114' title='bbox 690 2628 852 2698; x_wconf 83' lang='lat' dir='ltr'><strong>kalendas</strong></span> <span class='ocrx_word' id='word_1_115' title='bbox 871 2629 1053 2713; x_wconf 81' lang='lat' dir='ltr'><strong>Februarii,</strong></span> <span class='ocrx_word' id='word_1_116' title='bbox 1074 2629 1244 2698; x_wconf 86' lang='lat' dir='ltr'><strong>Pontifica-</strong></span> 
     </span>
    </p>
   </div>
   <div class='ocr_carea' id='block_1_4' title="bbox 104 2735 530 2819">
    <p class='ocr_par' dir='ltr' id='par_1_4' title="bbox 104 2735 530 2819">
     <span class='ocr_line' id='line_1_17' title="bbox 104 2735 530 2819; baseline 0.005 -20"><span class='ocrx_word' id='word_1_117' title='bbox 104 2741 159 2800; x_wconf 86' lang='lat' dir='ltr'><strong>tus</strong></span> <span class='ocrx_word' id='word_1_118' title='bbox 176 2736 285 2804; x_wconf 90' lang='lat' dir='ltr'><strong>nostri</strong></span> <span class='ocrx_word' id='word_1_119' title='bbox 301 2758 388 2804; x_wconf 88' lang='lat' dir='ltr'><strong>anno</strong></span> <span class='ocrx_word' id='word_1_120' title='bbox 405 2735 530 2819; x_wconf 85' lang='lat' dir='ltr'><strong>quinto.</strong></span> 
     </span>
    </p>
   </div>
   <div class='ocr_carea' id='block_1_5' title="bbox 258 2931 1098 3004">
    <p class='ocr_par' dir='ltr' id='par_1_5' title="bbox 258 2931 1098 3004">
     <span class='ocr_line' id='line_1_18' title="bbox 258 2931 1098 3004; baseline -0.002 -18"><span class='ocrx_word' id='word_1_121' title='bbox 258 2931 426 3004; x_wconf 80' lang='lat' dir='ltr'><strong>(Turgouev,</strong></span> <span class='ocrx_word' id='word_1_122' title='bbox 439 2936 577 2987; x_wconf 85' lang='lat' dir='ltr'><strong>Historica</strong></span> <span class='ocrx_word' id='word_1_123' title='bbox 589 2933 704 2988; x_wconf 80' lang='lat' dir='ltr'><strong>Russiae</strong></span> <span class='ocrx_word' id='word_1_124' title='bbox 716 2936 891 2994; x_wconf 78' lang='lat' dir='ltr'><strong>Munimenta,</strong></span> <span class='ocrx_word' id='word_1_125' title='bbox 905 2935 927 2987; x_wconf 90' lang='lat'><strong>1.</strong></span> <span class='ocrx_word' id='word_1_126' title='bbox 941 2935 999 2988; x_wconf 77' lang='lat' dir='ltr'><strong>lot.</strong></span> <span class='ocrx_word' id='word_1_127' title='bbox 1012 2935 1055 2987; x_wconf 79' lang='grc'><strong>68.</strong></span> <span class='ocrx_word' id='word_1_128' title='bbox 1068 2935 1098 3000; x_wconf 89' lang='lat' dir='ltr'><strong>l.)</strong></span> 
     </span>
    </p>
   </div>
   <div class='ocr_carea' id='block_1_6' title="bbox 549 3219 805 3232">
    <p class='ocr_par' dir='ltr' id='par_1_6' title="bbox 549 3219 805 3232">
     <span class='ocr_line' id='line_1_19' title="bbox 549 3219 805 3232; baseline -0.016 0"><span class='ocrx_word' id='word_1_129' title='bbox 549 3219 805 3232; x_wconf 54' lang='grc' dir='ltr'><strong>-μ</strong></span> 
     </span>
    </p>
   </div>
   <div class='ocr_carea' id='block_1_7' title="bbox 642 3663 719 3734">
    <p class='ocr_par' dir='ltr' id='par_1_7' title="bbox 642 3663 719 3734">
     <span class='ocr_line' id='line_1_20' title="bbox 642 3663 719 3734; baseline 0.026 -3"><span class='ocrx_word' id='word_1_130' title='bbox 642 3663 719 3734; x_wconf 80' lang='lat' dir='ltr'><strong>leo.</strong></span> 
     </span>
    </p>
   </div>
   <div class='ocr_carea' id='block_1_8' title="bbox 114 3843 1240 4039">
    <p class='ocr_par' dir='ltr' id='par_1_8' title="bbox 114 3843 1240 4039">
     <span class='ocr_line' id='line_1_21' title="bbox 114 3843 1240 3932; baseline -0.004 -22"><span class='ocrx_word' id='word_1_131' title='bbox 114 3845 135 3910; x_wconf 90' lang='lat' dir='ltr'><em>I</em></span> <span class='ocrx_word' id='word_1_132' title='bbox 139 3845 171 3912; x_wconf 88' lang='lat' dir='ltr'><strong>V.</strong></span> <span class='ocrx_word' id='word_1_133' title='bbox 189 3847 277 3912; x_wconf 80' lang='lat' dir='ltr'><strong>lnczc</strong></span> <span class='ocrx_word' id='word_1_134' title='bbox 299 3851 387 3930; x_wconf 79' lang='lat' dir='ltr'><strong>pdpa</strong></span> <span class='ocrx_word' id='word_1_135' title='bbox 411 3868 431 3908; x_wconf 89' lang='grc' dir='ltr'><em>α</em></span> <span class='ocrx_word' id='word_1_136' title='bbox 447 3846 569 3932; x_wconf 78' lang='lat' dir='ltr'><strong>cepniut&#39;</strong></span> <span class='ocrx_word' id='word_1_137' title='bbox 588 3843 766 3931; x_wconf 76' lang='lat' dir='ltr'><strong>piopu&#39;ilcnolr</strong></span> <span class='ocrx_word' id='word_1_138' title='bbox 790 3843 977 3928; x_wconf 75' lang='lat' dir='ltr'><strong>mepcupccli,</strong></span> <span class='ocrx_word' id='word_1_139' title='bbox 1003 3843 1084 3928; x_wconf 74' lang='lat' dir='ltr'><strong>lopy</strong></span> <span class='ocrx_word' id='word_1_140' title='bbox 1111 3843 1240 3927; x_wconf 67' lang='lat' dir='ltr'><strong>oppleri</strong></span> 
     </span>
     <span class='ocr_line' id='line_1_22' title="bbox 235 3949 1128 4039; baseline -0.007 -21"><span class='ocrx_word' id='word_1_141' title='bbox 235 3953 417 4039; x_wconf 75' lang='lat' dir='ltr'><strong>lro&#39;nycct&#39;beu</strong></span> <span class='ocrx_word' id='word_1_142' title='bbox 434 3977 454 4018; x_wconf 88' lang='grc' dir='ltr'><em>α</em></span> <span class='ocrx_word' id='word_1_143' title='bbox 472 3953 626 4038; x_wconf 74' lang='lat' dir='ltr'><strong>plaqolt&#39;lu</strong></span> <span class='ocrx_word' id='word_1_144' title='bbox 642 3951 756 4018; x_wconf 72' lang='lat' dir='ltr'><strong>betula</strong></span> <span class='ocrx_word' id='word_1_145' title='bbox 771 3951 1004 4016; x_wconf 75' lang='lat' dir='ltr'><strong>haazudlhuueu.</strong></span> <span class='ocrx_word' id='word_1_146' title='bbox 1031 3949 1128 4014; x_wconf 73' lang='lat'><em>1248.</em></span> 
     </span>
    </p>
   </div>
   <div class='ocr_carea' id='block_1_9' title="bbox 114 4145 1245 4660">
    <p class='ocr_par' dir='ltr' id='par_1_9' title="bbox 114 4145 1245 4660">
     <span class='ocr_line' id='line_1_23' title="bbox 219 4145 1242 4234; baseline -0.003 -19"><span class='ocrx_word' id='word_1_147' title='bbox 219 4146 429 4217; x_wconf 86' lang='lat' dir='ltr'><strong>Innocentius</strong></span> <span class='ocrx_word' id='word_1_148' title='bbox 445 4147 630 4234; x_wconf 80' lang='lat' dir='ltr'><strong>Episcopus</strong></span> <span class='ocrx_word' id='word_1_149' title='bbox 654 4165 769 4214; x_wconf 90' lang='lat' dir='ltr'><strong>seruus</strong></span> <span class='ocrx_word' id='word_1_150' title='bbox 794 4164 960 4213; x_wconf 92' lang='lat' dir='ltr'><strong>seruorum</strong></span> <span class='ocrx_word' id='word_1_151' title='bbox 987 4145 1049 4212; x_wconf 88' lang='lat' dir='ltr'><strong>Dei</strong></span> <span class='ocrx_word' id='word_1_152' title='bbox 1066 4146 1242 4213; x_wconf 82' lang='lat' dir='ltr'><strong>venerabili</strong></span> 
     </span>
     <span class='ocr_line' id='line_1_24' title="bbox 114 4251 1243 4343; baseline -0.001 -25"><span class='ocrx_word' id='word_1_153' title='bbox 114 4253 205 4322; x_wconf 81' lang='lat' dir='ltr'><strong>tratri</strong></span> <span class='ocrx_word' id='word_1_154' title='bbox 222 4307 230 4324; x_wconf 91' lang='lat'><strong>.</strong></span> <span class='ocrx_word' id='word_1_155' title='bbox 249 4305 257 4322; x_wconf 91' lang='lat'><strong>.</strong></span> <span class='ocrx_word' id='word_1_156' title='bbox 278 4304 286 4322; x_wconf 90' lang='lat'><strong>.</strong></span> <span class='ocrx_word' id='word_1_157' title='bbox 303 4255 469 4343; x_wconf 77' lang='lat' dir='ltr'><strong>Episcopo</strong></span> <span class='ocrx_word' id='word_1_158' title='bbox 485 4255 633 4323; x_wconf 85' lang='lat' dir='ltr'><strong>Seniensi</strong></span> <span class='ocrx_word' id='word_1_159' title='bbox 648 4254 787 4322; x_wconf 85' lang='lat' dir='ltr'><strong>salutern</strong></span> <span class='ocrx_word' id='word_1_160' title='bbox 803 4259 836 4320; x_wconf 89' lang='lat' dir='ltr'><strong>et</strong></span> <span class='ocrx_word' id='word_1_161' title='bbox 851 4252 1076 4338; x_wconf 84' lang='lat' dir='ltr'><strong>Apostolicam</strong></span> <span class='ocrx_word' id='word_1_162' title='bbox 1092 4251 1243 4320; x_wconf 85' lang='lat' dir='ltr'><strong>benedic-</strong></span> 
     </span>
     <span class='ocr_line' id='line_1_25' title="bbox 118 4356 1245 4446; baseline -0.001 -22"><span class='ocrx_word' id='word_1_163' title='bbox 118 4359 247 4434; x_wconf 85' lang='lat' dir='ltr'><strong>tionem.</strong></span> <span class='ocrx_word' id='word_1_164' title='bbox 264 4362 421 4429; x_wconf 66' lang='lat' dir='ltr'><strong>Porrecto</strong></span> <span class='ocrx_word' id='word_1_165' title='bbox 436 4359 531 4428; x_wconf 90' lang='lat' dir='ltr'><strong>nobis</strong></span> <span class='ocrx_word' id='word_1_166' title='bbox 547 4367 605 4428; x_wconf 88' lang='lat' dir='ltr'><strong>tua</strong></span> <span class='ocrx_word' id='word_1_167' title='bbox 620 4359 733 4446; x_wconf 88' lang='lat' dir='ltr'><strong>petitio</strong></span> <span class='ocrx_word' id='word_1_168' title='bbox 749 4357 948 4442; x_wconf 86' lang='lat' dir='ltr'><strong>continebat,</strong></span> <span class='ocrx_word' id='word_1_169' title='bbox 965 4356 1052 4444; x_wconf 87' lang='lat' dir='ltr'><strong>quod</strong></span> <span class='ocrx_word' id='word_1_170' title='bbox 1066 4358 1101 4425; x_wconf 90' lang='lat' dir='ltr'><strong>iu</strong></span> <span class='ocrx_word' id='word_1_171' title='bbox 1115 4358 1245 4426; x_wconf 85' lang='lat' dir='ltr'><strong>Sclauo-</strong></span> 
     </span>
     <span class='ocr_line' id='line_1_26' title="bbox 117 4463 1245 4554; baseline -0.001 -23"><span class='ocrx_word' id='word_1_172' title='bbox 117 4467 170 4532; x_wconf 85' lang='lat' dir='ltr'><strong>nia</strong></span> <span class='ocrx_word' id='word_1_173' title='bbox 185 4475 236 4535; x_wconf 90' lang='lat' dir='ltr'><strong>est</strong></span> <span class='ocrx_word' id='word_1_174' title='bbox 254 4469 364 4537; x_wconf 85' lang='lat' dir='ltr'><strong>littera</strong></span> <span class='ocrx_word' id='word_1_175' title='bbox 380 4466 546 4554; x_wconf 86' lang='lat' dir='ltr'><strong>specialis,</strong></span> <span class='ocrx_word' id='word_1_176' title='bbox 570 4487 668 4553; x_wconf 84' lang='lat' dir='ltr'><strong>quam</strong></span> <span class='ocrx_word' id='word_1_177' title='bbox 683 4465 772 4532; x_wconf 85' lang='lat' dir='ltr'><strong>illius</strong></span> <span class='ocrx_word' id='word_1_178' title='bbox 796 4472 881 4532; x_wconf 87' lang='lat' dir='ltr'><strong>terre</strong></span> <span class='ocrx_word' id='word_1_179' title='bbox 895 4465 1007 4532; x_wconf 88' lang='lat' dir='ltr'><strong>elerici</strong></span> <span class='ocrx_word' id='word_1_180' title='bbox 1030 4484 1068 4533; x_wconf 91' lang='lat' dir='ltr'><strong>se</strong></span> <span class='ocrx_word' id='word_1_181' title='bbox 1083 4463 1206 4532; x_wconf 84' lang='lat' dir='ltr'><strong>habere</strong></span> <span class='ocrx_word' id='word_1_182' title='bbox 1223 4485 1245 4530; x_wconf 94' lang='lat' dir='ltr'><strong>a</strong></span> 
     </span>
     <span class='ocr_line' id='line_1_27' title="bbox 120 4569 1244 4660; baseline 0.001 -23"><span class='ocrx_word' id='word_1_183' title='bbox 120 4572 216 4646; x_wconf 81' lang='lat' dir='ltr'><strong>Beato</strong></span> <span class='ocrx_word' id='word_1_184' title='bbox 232 4574 400 4645; x_wconf 86' lang='lat' dir='ltr'><strong>Jerouimo</strong></span> <span class='ocrx_word' id='word_1_185' title='bbox 426 4583 620 4660; x_wconf 70' lang='lat' dir='ltr'><strong>assuentes,</strong></span> <span class='ocrx_word' id='word_1_186' title='bbox 640 4593 713 4642; x_wconf 83' lang='lat' dir='ltr'><strong>eam</strong></span> <span class='ocrx_word' id='word_1_187' title='bbox 730 4573 905 4642; x_wconf 83' lang='lat' dir='ltr'><strong>obseruact</strong></span> <span class='ocrx_word' id='word_1_188' title='bbox 921 4573 955 4640; x_wconf 92' lang='lat' dir='ltr'><strong>iu</strong></span> <span class='ocrx_word' id='word_1_189' title='bbox 971 4572 1103 4640; x_wconf 89' lang='lat' dir='ltr'><strong>Diuinis</strong></span> <span class='ocrx_word' id='word_1_190' title='bbox 1119 4569 1244 4640; x_wconf 82' lang='lat' dir='ltr'><strong>Officiis</strong></span> 
     </span>
    </p>
   </div>
   <div class='ocr_carea' id='block_1_10' title="bbox 0 0 1626 5188">
    <p class='ocr_par' dir='ltr' id='par_1_10' title="bbox 0 0 1626 5188">
     <span class='ocr_line' id='line_1_28' title="bbox 0 0 1626 5188; baseline 0 0"><span class='ocrx_word' id='word_1_191' title='bbox 0 0 1626 5188; x_wconf 95' lang='lat' dir='ltr'><strong> </strong></span> 
     </span>
    </p>
   </div>
  </div>
 </body>
</html>
