3210 5194
828 316 983 417 Q

344 519 412 603 stri,
439 524 472 586 et
488 539 510 584 a
525 519 657 585 deserta
683 517 769 581 silua
786 513 911 597 (taetri,
939 524 970 578 et
987 511 1063 578 inde
1087 509 1299 596 progrediens
1322 505 1415 574 sauir
1429 506 1477 571 erl

343 635 457 714 perles
484 623 659 693 orientales
687 643 785 709 super·
810 641 907 687 unum
934 619 1043 702 borch,
1069 621 1102 685 in
1127 638 1191 702 quo
1208 615 1301 682 uadit
1320 635 1385 683 vna
1409 615 1476 680 cal-

343 735 395 820 lis,
421 741 454 802 ct
469 755 510 802 ex
536 741 674 820 utraque
699 739 793 819 parte
809 729 903 798 callis
929 735 1003 796 suut
1018 729 1052 794 iu
1077 726 1250 795 arboribus
1276 727 1319 792 ab
1334 731 1476 808 utraque

344 851 439 930 parte
454 843 552 928 signa
566 841 730 930 inposite3
752 844 784 906 et
801 837 970 906 descendit
986 835 1027 903 de
1043 841 1152 904 monte
1162 834 1272 921 Oztro,
1288 841 1322 900 et
1336 833 1381 900 ibi
1398 839 1477 898 sunt

345 959 410 1018 tres
436 955 530 1032 mete,
557 947 621 1014 due
638 945 774 1012 Comitis
791 943 932 1027 Nicolai,
958 949 990 1012 et
1013 963 1079 1009 una
1094 941 1221 1026 Castri3
1248 941 1325 1006 inde
1341 957 1475 1026 progre-

347 1057 439 1124 diens
457 1054 628 1123 deseendit
642 1056 676 1122 in
692 1062 792 1140 caput
808 1054 896 1139 putei
911 1053 1038 1138 Baguu,
1055 1051 1111 1118 ubi
1126 1051 1290 1135 signatum
1306 1054 1357 1116 est
1374 1065 1476 1134 super

346 1187 411 1233 una
428 1167 553 1249 arbore,
571 1183 634 1247 que
649 1163 710 1250 hylo
727 1169 861 1229 uocatur
877 1161 1007 1244 signum
1024 1159 1121 1245 clipei
1138 1161 1214 1226 Jule
1230 1158 1324 1242 Baui,
1341 1156 1372 1221 iu
1392 1156 1475 1220 Hos·

341 1275 403 1360 fen
421 1273 552 1356 eligitur
568 1280 655 1339 terra
671 1269 787 1356 Gostri,
813 1277 845 1335 ct
861 1269 991 1336 Andreo
1007 1267 1153 1352 Comitis,
1171 1275 1204 1335 et
1219 1265 1367 1348 Nicolai3
1394 1260 1475 1328 iude

347 1380 588 1469 progrediendo
604 1403 625 1447 a
641 1379 767 1446 Gemite
782 1377 915 1446 Audrea
931 1379 1020 1446 venit
1036 1376 1079 1444 ad
1095 1375 1285 1459 Batbalsue3
1311 1373 1388 1439 iude
1403 1391 1476 1457 pre·

351 1489 531 1574 grediendo
556 1489 647 1555 iuxta
663 1487 751 1554 vlam
777 1495 852 1555 sunt
877 1492 1015 1572 quatuor
1041 1493 1125 1552 mete
1140 1484 1270 1550 Andree
1289 1479 1425 1548 Comitis
1442 1485 1478 1543 et

348 1596 497 1680 Nicclei3
515 1595 590 1661 inde
606 1595 753 1682 peruenit
768 1596 829 1662 sub
847 1613 945 1661 unam
960 1611 1124 1678 quercum,
1145 1591 1201 1658 ubi
1214 1597 1289 1658 sunt
1304 1596 1370 1655 tres
1387 1593 1476 1653 meto
1517 1589 1523 1596 '

348 1702 478 1769 Andree
494 1708 526 1768 et
541 1701 671 1770 Nicolai
688 1703 842 1786 Comitis,
859 1701 935 1768 inde
952 1701 1044 1767 uadit
1058 1701 1092 1767 in
1110 1697 1301 1782 Medweleu,
1328 1695 1383 1763 ubi
1400 1699 1479 1761 suut

349 1820 487 1895 quatuor
497 1818 582 1878 mete
591 1810 720 1878 Andree
730 1818 762 1878 ct
772 1811 901 1878 Nicolai
912 1810 1062 1894 Comitis3
1073 1808 1150 1876 iude
1160 1806 1310 1895 peruenit
1318 1805 1352 1871 in
1363 1801 1479 1872 Zelas-

347 1917 475 2001 basleu,
501 1919 557 1985 ubi
574 1926 649 1986 sunt
666 1924 804 2001 quatuor
819 1923 904 1985 mete
920 1915 1051 1985 Andree
1067 1925 1099 1983 et
1114 1915 1243 1982 Nicolai
1267 1912 1423 1997 Comitis,
1440 1909 1477 1976 iu

349 2025 456 2110 eapite
481 2022 629 2092 Holbora
644 2025 770 2110 potclra
795 2029 870 2092 sunt
885 2031 950 2092 tres
967 2031 1051 2092 mete
1066 2023 1196 2090 Andree
1211 2020 1348 2088 Comitis
1371 2025 1404 2086 et
1419 2017 1477 2084 lli·

349 2131 455 2214 oolai3
473 2130 592 2199 deinde
606 2137 779 2217 separatur
795 2152 816 2197 a
832 2139 919 2198 terra
935 2130 1064 2198 Andrec
1081 2131 1229 2215 Comitis,
1245 2137 1277 2197 et
1291 2131 1384 2196 iuxta
1398 2125 1476 2193 Hol-

351 2237 435 2304 boea
450 2238 577 2325 potoka
602 2240 737 2306 adheret
753 2247 838 2307 mete
854 2247 939 2307 terre
956 2239 1165 2324 iobagionuru
1182 2237 1300 2323 (lestri,
1326 2235 1383 2302 nbi
1399 2239 1477 2301 sunt

351 2344 413 2410 due
439 2349 536 2428 mete,
561 2365 628 2411 une
652 2344 788 2414 Comitis
813 2347 953 2433 Nicolai,
980 2348 1084 2414 altera
1108 2347 1319 2432 iobagionum
1347 2341 1476 2426 Gastri;

351 2451 427 2518 inde
443 2451 613 2519 deseendit
628 2453 661 2518 in
677 2472 742 2520 una
758 2455 855 2539 calle,
871 2459 904 2520 et
918 2454 1011 2520 iuxta
1027 2455 1158 2522 dumont
1174 2453 1305 2520 viminis
1320 2457 1395 2518 sunt
1411 2449 1476 2516 due

351 2563 447 2642 mete,
475 2578 539 2625 vua
564 2559 696 2628 Nicolai
720 2559 867 2645 Comitis,
894 2562 999 2629 altera
1020 2561 1229 2646 iobagionum
1247 2560 1373 2645 (lustri,
1398 2557 1478 2624 inde

353 2665 456 2732 tendit
472 2672 504 2732 et
520 2666 612 2732 uadit
627 2666 719 2733 iuxta
735 2668 893 2752 Holboca,
917 2675 950 2734 et
965 2669 1058 2735 iuxta
1074 2689 1171 2735 unam
1187 2668 1304 2735 callem
1321 2675 1395 2734 sunt
1410 2666 1476 2732 due

351 2779 446 2856 mete,
464 2780 496 2839 et
512 2773 580 2840 illio
595 2779 727 2860 separat
744 2782 862 2842 terram
879 2773 1014 2860 Ounno,
1034 2776 1151 2842 deiude
1173 2776 1321 2843 Holboeu
1336 2773 1426 2841 cadit
1440 2773 1477 2839 iu

350 2879 476 2963 Lubna,
502 2885 535 2945 et
551 2882 766 2968 Lisoopotoca
791 2883 881 2949 cadit
896 2883 929 2948 in
955 2883 1092 2950 eandem
1109 2883 1242 2966 Lubnu3
1268 2890 1301 2949 et
1314 2881 1477 2969 incipiens

350 3005 421 3051 eum
439 2986 535 3054 metis
558 2988 733 3075 duplicatis
749 2990 841 3057 uadit
866 2989 958 3057 iuxta
974 2991 1081 3077 Lisco,
1098 2999 1131 3059 et
1146 2992 1296 3077 peruenit
1317 2989 1359 3056 ad
1376 2997 1478 3076 ceput

349 3095 455 3179 Lisco,
480 3103 513 3162 ct
529 3096 573 3162 ibi
592 3103 666 3163 sunt
685 3099 748 3164 due
764 3104 859 3182 mete,
886 3106 919 3165 et
933 3099 979 3165 ibi
995 3099 1112 3166 diuidit
1127 3107 1231 3167 metus
1246 3119 1318 3166 curn
1334 3105 1477 3164 castren-

350 3203 440 3270 sibus
456 3203 497 3269 de
522 3204 604 3272 uilla
620 3204 786 3290 Goronob,
813 3206 890 3272 inde
907 3205 1011 3273 tendit
1034 3208 1077 3274 ad
1100 3207 1309 3292 occidentem,
1336 3213 1368 3272 et
1385 3207 1478 3273 uenit

349 3330 447 3396 super
462 3331 560 3379 unum
571 3314 667 3380 berch
683 3314 941 3381 iuxta'l'urduna
957 3321 1087 3400 potoca,
1107 3323 1140 3380 et
1150 3314 1195 3380 ibi
1213 3323 1286 3384 sunt
1301 3321 1366 3380 tres
1377 3319 1476 3396 utete,

350 3436 416 3482 vna
431 3419 658 3504 castrensium,
686 3421 749 3487 due
765 3420 901 3488 comitis
916 3420 1063 3510 Nicolaig
1081 3419 1158 3486 inde
1173 3419 1309 3488 tendens
1325 3421 1478 3507 peruenit

349 3542 448 3607 super
463 3523 549 3589 idern
566 3525 664 3591 berch
682 3526 725 3593 ad
735 3527 883 3594 Rednioh
898 3537 1016 3615 potera
1032 3549 1103 3595 oum
1120 3530 1215 3596 metis
1230 3530 1324 3596 nouis
1340 3534 1373 3594 ct
1388 3536 1478 3594 uete-

349 3629 439 3695 ribus
454 3630 615 3718 inpositis,
633 3639 665 3699 et
681 3633 726 3701 ibi
743 3636 943 3702 terminatur.
964 3639 1007 3703 Vt
1021 3637 1121 3721 igitur
1136 3637 1232 3704 buius
1248 3641 1358 3703 nostre
1374 3633 1478 3702 donu-

350 3733 452 3804 cionis
478 3739 578 3806 series
593 3750 751 3827 perpetue
777 3743 967 3812 stabilitatis
982 3744 1080 3812 robur
1103 3745 1258 3828 obtineat,
1283 3763 1343 3810 nec
1369 3743 1478 3830 possit

351 3863 505 3912 successu
520 3851 699 3932 temporum
712 3869 770 3935 per
786 3850 970 3938 quempiam
980 3853 1164 3938 retractari,
1185 3858 1352 3940 presentes
1367 3853 1476 3930 eidem

349 3953 476 4018 litteras
501 3960 630 4021 nostras
655 3952 806 4024 duximus
832 3956 1058 4026 concedendas
1084 3959 1222 4046 duplicis
1246 3959 1348 4044 sigilli
1371 3961 1477 4027 nostri

353 4059 528 4126 munimine
543 4061 760 4146 perhenniter
775 4067 957 4134 roboratas.
975 4067 1095 4133 Datum
1109 4066 1143 4135 in
1154 4064 1268 4134 Zolum
1283 4087 1341 4154 per
1357 4085 1477 4134 monus

349 4167 500 4251 Magistri
516 4169 683 4238 Benedicti
700 4173 861 4259 l-‘repositi
878 4175 1032 4243 Albensis
1051 4175 1125 4241 aule
1142 4181 1249 4242 nostre
1267 4173 1476 4260 Gaucellarij,

347 4275 489 4341 secundo
505 4275 584 4344 Idus
601 4279 747 4364 Augusti,
765 4281 869 4365 Regni
886 4287 994 4348 autem
1012 4285 1114 4350 nostri
1131 4302 1215 4350 anno
1232 4282 1354 4366 quinto.

349 4417 476 4470 Eredetie
490 4418 663 4487 bb'rhtrtylu,
677 4425 788 4490 rnelyrb'l
799 4441 816 4475 a
829 4424 918 4491 kirtly
928 4426 1019 4480 lrettbs
1028 4425 1193 4494 pecsctenelr
1206 4425 1335 4481 tttredblre
1348 4425 1472 4497 rsjtr-pt·

455 4523 499 4559 ror
511 4510 738 4577 selyernzsinbron
753 4515 822 4581 sugg
837 4529 853 4565 a
866 4516 948 4569 berlai
961 4517 1013 4568 lrir.
1026 4517 1150 4569 kamaraci
1162 4515 1354 4587 levtlttrbsn.)

774 4667 1035 4681 —————
