3162 5188
857 320 1007 424 „ess-

368 515 408 582 de
424 515 563 602 Teluky,
581 515 666 582 filius
683 515 841 601 Siluestri,
869 525 901 584 et
917 518 976 604 filij
994 519 1311 587 Mertelli.1ncoius
1336 520 1384 586 rei
1410 519 1509 586 testi-

368 625 509 692 monium
525 631 694 710 presentes
710 625 832 692 eisdem
848 625 1006 693 fratribus
1026 628 1248 696 concessimus
1263 627 1393 695 litteras
1409 628 1508 711 sigil-

367 733 470 798 lorum
496 737 678 798 nostrorum
704 733 879 799 munimine
910 733 1092 800 roboratas.
1124 736 1245 802 Dstnm
1270 755 1356 802 enno
1382 736 1507 820 gracie

366 839 411 904 Μο
423 838 488 905 00⁰
499 839 597 926 nnn,
614 849 707 908 sexto
724 841 886 909 kalendas
902 840 1003 928 Junij,
1030 862 1116 910 enno
1133 849 1242 911 autem
1258 844 1363 928 Regni
1390 844 1505 908 nostri

366 946 491 1016 decimo
515 953 641 1016 octeno.

364 1145 501 1211 (Eredetie
514 1144 693 1212 borhtrtytn,
713 1148 824 1213 melyrb'l
837 1164 855 1201 e
874 1148 963 1216 lrirdly
981 1148 1156 1216 peosetjdnek
1169 1149 1297 1202 teredeke
1316 1148 1504 1216 utros-seirge

508 1236 732 1303 selyemnsindron
746 1240 823 1306 itigg,
836 1254 854 1290 e
866 1241 946 1292 budei
960 1241 1012 1291 kir.
1027 1241 1147 1292 kamerai
1157 1237 1347 1309 levelttrben.)

794 1519 1056 1534 m

889 1977 966 2044 245.

361 2153 384 2218 I
388 2155 421 2220 V.
446 2155 525 2220 Beda
547 2155 653 2243 kirdlp
676 2161 849 2243 ruspensis
874 2158 959 2224 Burs
983 2158 1212 2225 sutssrosseae
1241 2159 1491 2244 privileps'umdt.

874 2264 971 2330 1253.

476 2461 558 2527 Belo
583 2460 646 2527 Dei
671 2462 784 2546 grecia
799 2459 975 2546 Hungnrie,
992 2461 1172 2548 Delmeeie,
1199 2461 1345 2545 crescis,
1370 2461 1486 2541 Reme,

359 2569 482 2654 Seruio,
499 2567 641 2636 Gallicis
657 2569 849 2638 Lodomerie
865 2567 1086 2652 Ormenieqne
1101 2570 1173 2637 Rex
1192 2571 1340 2638 omnibns
1356 2587 1486 2655 presen-

358 2683 424 2743 tem
440 2678 596 2764 psginem
619 2677 815 2763 inspecturis
830 2676 970 2744 salntem
986 2677 1019 2744 in
1035 2676 1178 2744 omnium
1196 2678 1371 2744 minatore.
1404 2674 1485 2742 Cum

359 2783 610 2851 inmultitndine
620 2782 727 2869 plebis
743 2783 845 2851 honor
853 2784 954 2868 Regis
965 2789 998 2850 et
1013 2784 1119 2868 glorie
1127 2785 1331 2870 attendetnr3
1349 2784 1486 2868 dignum

359 2899 419 2976 est,
437 2897 470 2958 et
485 2891 572 2959 omni
588 2892 741 2960 conuenit
750 2892 884 2978 racioni,
902 2891 949 2959 sio
964 2891 1009 2958 nd
1024 2891 1100 2961 illos
1116 2913 1248 2962 menum
1261 2891 1483 2960 misericordie

358 2999 544 3084 extendere,
561 3004 596 3066 ut
610 2999 753 3086 populns
769 2999 834 3069 sibi
849 3000 995 3068 seruiens
1014 3019 1148 3068 numero
1165 3020 1293 3088 semper
1312 3004 1344 3066 et
1359 3000 1482 3066 viribus

358 3115 527 3194 angeatur.
555 3106 608 3174 Ad
634 3108 858 3176 uniuersorum
881 3107 981 3193 igitur
1006 3107 1163 3178 notioism
1187 3117 1255 3176 tem
1279 3111 1484 3196 presencium

356 3233 455 3300 quern
469 3215 648 3284 futurorum
671 3215 787 3282 herem
812 3215 895 3283 serie
910 3214 1059 3282 volumus
1075 3215 1257 3302 peruenire,
1282 3216 1370 3300 quod
1394 3235 1484 3283 ecee

355 3325 469 3395 dentes
480 3325 514 3392 in
524 3332 668 3393 nostram
684 3325 888 3411 presenciam
905 3323 1050 3411 hospites
1070 3325 1171 3392 nostri
1186 3327 1219 3392 in
1235 3326 1389 3394 suburbio
1400 3327 1480 3393 Burs

356 3433 544 3516 existentes,
561 3421 727 3516 conquesti
743 3440 819 3500 snnt
834 3431 940 3517 uobis,
967 3438 1000 3500 vt
1016 3452 1089 3500 oum
1105 3433 1312 3519 priuilegium
1336 3434 1480 3520 ipsorum

355 3558 453 3625 super
467 3538 571 3606 forme
583 3539 743 3609 libertatis
760 3542 915 3626 ipsorum,
934 3561 955 3608 a
972 3539 1066 3608 nobis
1082 3547 1158 3607 ente
1173 3541 1351 3608 aduentum
1367 3543 1481 3608 Terte-

354 3665 462 3713 rornm
479 3665 678 3731 eoncessum,
695 3656 841 3734 tempore
857 3647 1096 3733 persecucionis
1112 3650 1324 3718 Tartarorum
1347 3649 1382 3715 in
1402 3648 1480 3734 fuga

355 3755 592 3822 iamvetustete
609 3765 833 3842 consumptum
845 3756 968 3824 eisdem
986 3777 1143 3824 renouare
1158 3756 1380 3841 dignaremur.
1397 3759 1478 3836 Quo-

354 3884 424 3932 rum
435 3863 720 3949 nospetieionibus
736 3865 832 3934 iustis
842 3864 1034 3933 satisfecere
1044 3866 1201 3951 volentes,
1219 3865 1339 3932 dietum
1348 3867 1480 3953 priuile-

355 3973 445 4056 gium
460 3973 539 4041 moti
550 3972 773 4041 misericordie
789 3971 939 4042 duximus
949 3972 1178 4042 renouandum.
1197 3974 1298 4042 Cuius
1313 3975 1476 4062 priuilegij

352 4087 445 4148 tenor
459 4079 538 4148 telis
562 4085 631 4148 est:
1087 4106 1088 4109 ¹

460 4188 615 4258 Belestb.
632 4185 845 4275 (ktvetkezik
863 4189 1220 4276 ekirtlynok1240·ki
1237 4189 1473 4276 privilegiuma,

352 4295 434 4363 mint
448 4296 580 4365 sentebb
597 4299 650 4365 65.
667 4317 711 4364 sz.
728 4296 776 4380 e.)

461 4403 505 4472 Ut
519 4403 618 4489 igitur
645 4405 704 4474 hec
721 4406 947 4475 rencueeionis
973 4407 1074 4476 series
1101 4414 1256 4494 perpetue
1274 4408 1372 4476 robur
1396 4408 1473 4476 obti-

351 4517 429 4578 nent
444 4511 615 4594 firmitatis,
632 4520 800 4600 presentes
816 4514 942 4582 littores
957 4519 1177 4584 concessimus
1198 4516 1359 4603 dupplieis
1374 4517 1471 4601 sigilli

351 4620 452 4688 nostri
478 4623 655 4692 munimine
681 4625 861 4696 roboratas.
887 4627 1008 4694 Datum
1033 4647 1120 4694 enno
1139 4625 1273 4694 Domini
1298 4627 1466 4694 millesimo
