3186 5188
850 961 928 1032 118.

322 1147 351 1212 A
370 1146 628 1231 ezebmfcbmodta‘
642 1144 857 1232 kdpbzlunoalu
874 1145 1147 1234 Mzooyactglroele,
1167 1147 1251 1231 bogy
1267 1141 1379 1228 Sydon
1394 1137 1451 1202 Pa'-

320 1253 479 1338 temekfia
493 1255 606 1320 cutte
629 1252 826 1320 birtokcitket
849 1251 1033 1340 ledaydaak,
1050 1253 1183 1320 Katala'n
1205 1257 1237 1316 e'c
1251 1244 1454 1315 Eruebetnek

742 1359 907 1448 semusta.
928 1361 1026 1426 1244.

586 1557 617 1624 A
778 1558 806 1625 Β
969 1555 996 1622 O
1159 1556 1190 1622 D

430 1752 616 1841 Capitulum
632 1752 944 1823 EcclesieAlbensis
958 1752 1146 1822 uniuersum
1164 1751 1314 1820 omnibus
1331 1745 1455 1816 Christi

323 1861 472 1930 fidelibus
487 1869 657 1949 presentes
681 1862 807 1931 litteras
822 1863 1021 1952 inspecturis
1045 1863 1186 1930 salutern
1202 1861 1236 1928 in
1252 1866 1387 1928 auctore
1402 1875 1453 1922 sa·

321 1969 409 2038 lutis.
434 1970 571 2038 Nouerit
589 1970 797 2038 Uniuersitas
816 1977 937 2059 uestra,
957 1968 1045 2056 quod
1057 1972 1214 2056 Magister
1230 1967 1343 2056 Sydon
1365 1965 1454 2034 filins

321 2077 412 2144 Petri
438 2076 482 2144 ad
507 2083 653 2144 nostram
678 2078 838 2146 accedens
865 2077 1071 2166 presenciam
1096 2077 1239 2146 asseruit
1263 2075 1341 2143 vina
1360 2091 1453 2156 uoce,

322 2182 409 2269 quod
434 2187 537 2252 totam
563 2189 683 2250 terram
700 2204 792 2253 suam
808 2186 843 2252 in
867 2186 949 2254 uilla
970 2186 1124 2254 Sceuleus
1147 2186 1354 2265 existentem,
1380 2197 1454 2246 cum

322 2288 437 2374 vineis,
461 2289 585 2376 teneto,
601 2291 706 2376 siluis,
730 2292 877 2379 piscinis,
904 2299 936 2360 et
952 2292 1078 2360 duobus
1105 2291 1292 2378 mancipiis,
1316 2305 1455 2375 quorum

321 2397 457 2464 nomina
482 2402 559 2464 sunt
572 2398 694 2466 Tortor
709 2407 742 2468 et
757 2400 873 2487 Bulba,
901 2406 935 2468 et
949 2401 1053 2468 bobus
1069 2398 1197 2470 (luobus
1222 2396 1342 2465 aratris
1367 2391 1455 2462 sufli-

325 2503 497 2592 cientibus,
515 2505 609 2574 titulo
624 2507 804 2592 empcionis
815 2507 860 2574 ad
874 2527 947 2575 eum
963 2506 1167 2594 pertinencia
1183 2504 1280 2595 (lgy),
1299 2501 1455 2573 eontulis-

323 2617 374 2679 set
398 2608 526 2679 duabus
560 2611 691 2680 filiabus
715 2613 804 2698 suis,
830 2614 1011 2683 Katberine
1037 2614 1191 2682 videlieet
1216 2619 1249 2680 et
1272 2609 1456 2696 Elyzabetb

323 2726 482 2806 perpetuo
507 2718 726 2807 possidenda3
751 2723 810 2806 ita,
833 2727 869 2788 nt
893 2723 923 2789 si
947 2722 1050 2790 altera
1074 2721 1205 2788 illarum
1223 2720 1369 2788 debitum
1385 2717 1457 2784 vni-

323 2845 417 2894 uerse
433 2828 542 2896 caruis
559 2827 748 2914 excoluerit,
773 2828 808 2894 in
824 2829 874 2896 ius
890 2828 989 2916 illius,
1013 2849 1077 2915 que
1091 2835 1258 2917 superstes
1284 2824 1393 2912 luerit,
1420 2825 1456 2891 in

322 2940 513 3022 perpetuum
540 2935 630 3002 dicta
644 2935 811 3022 possessio
836 2935 1022 3022 pertinebit.
1049 2937 1091 3003 El
1105 2941 1141 3003 rt
1157 2937 1253 3004 buius
1278 2935 1327 3000 rei
1351 2932 1456 2999 series

323 3048 481 3129 perpetue
495 3041 657 3110 firmitatis
674 3043 772 3112 robur
787 3043 944 3128 optineat,
970 3043 1014 3111 ad
1029 3044 1225 3133 peticionem
1246 3041 1326 3110 dieti
1341 3041 1456 3128 Sydon

322 3155 492 3237 presentes
508 3151 728 3219 concessimus
744 3151 870 3219 litteras
887 3150 989 3236 sigilli
1003 3153 1107 3220 nostri
1133 3148 1310 3218 munimine
1325 3149 1457 3216 robora-

324 3264 388 3324 tas.
415 3257 537 3323 Datum
553 3275 638 3325 anno
662 3257 774 3342 gracie
801 3257 973 3328 millesimo
999 3257 1220 3327 ducentesimo
1236 3258 1310 3324 XL⁰
1326 3263 1456 3342 quarto,

323 3363 480 3448 Magistro
497 3363 636 3449 Aehylle
651 3365 798 3433 Ecclesia
814 3373 923 3435 nosue
949 3369 1132 3454 Prepesito,
1158 3365 1233 3433 aule
1248 3365 1353 3451 Regie
1369 3363 1455 3431 Oan-

324 3469 482 3554 cenario,
513 3470 637 3542 Jacobo
662 3472 823 3560 (lentore,
855 3473 952 3544 Gallo
978 3474 1141 3560 Custode,
1173 3476 1284 3543 Marco
1319 3475 1456 3542 Decauo

324 3575 548 3646 existentibus.

325 3773 462 3841 (Eredetie
471 3773 645 3845 bb'rblrtytn,
658 3777 795 3844 melytttla
805 3775 936 3846 kiptalan
945 3777 1066 3847 peesbtje
1078 3777 1225 3848 sergo-leel(
1238 3779 1364 3832 asinbron
1377 3779 1457 3846 litgg,

498 3879 516 3916 a
529 3865 628 3921 mutia
641 3865 790 3935 Bacchytni
804 3864 898 3921 caalid
912 3868 1052 3922 kbrmeudi
1066 3864 1273 3936 levbltiriban.)

758 4163 1021 4179 μ
