3226 5194
904 331 971 397 540

376 549 435 594 nus
462 528 609 614 predicti,
637 527 822 612 porcionem
848 545 958 591 eorum
983 526 1016 589 iu
1042 525 1114 591 loco
1141 520 1320 589 molendini
1346 517 1507 586 exstructi

377 656 474 723 super
491 635 588 703 fluuio
605 637 695 719 Zala,
713 636 745 702 in
764 635 835 700 loco
853 635 907 717 qui
925 631 1091 718 vulgariter
1107 631 1348 716 Chamazygete
1372 621 1505 710 dicitur,

377 763 472 828 quom
497 740 652 810 videlicet
678 744 783 810 locum
800 742 863 830 ipsi
890 763 961 808 cunr
978 743 1086 809 Marco
1104 739 1230 807 Comite
1254 737 1403 826 predicto
1421 756 1505 803 com-

377 849 515 916 muniter
530 849 742 936 possidebant
759 848 863 915 eidem
880 850 988 915 Marco
1009 849 1126 916 Comiti
1143 849 1374 914 relaxaverunt
1390 864 1505 932 perpe
1581 878 1583 881 ·

376 963 430 1024 tuo
441 955 690 1044 possidendum
708 963 740 1022 et
754 955 825 1041 ipse
835 956 929 1021 Mark
941 954 1056 1023 Comes
1072 955 1193 1022 eisdem
1205 952 1340 1040 judicia,
1360 974 1400 1019 ac
1411 951 1505 1038 ipsas

377 1063 458 1130 (luas
483 1082 620 1148 marcas,
647 1070 679 1128 et
694 1063 959 1128 uerberacionem
986 1063 1072 1129 serui
1092 1064 1151 1145 sui,
1180 1082 1242 1145 que
1267 1061 1378 1127 omnia
1403 1077 1505 1144 super

377 1170 472 1237 dictis
485 1171 661 1255 junonibus
686 1169 881 1254 requirebat,
910 1170 1032 1236 eisdem
1050 1170 1212 1236 relaxavit
1228 1171 1282 1254 ita,
1308 1166 1396 1253 quod
1424 1186 1504 1232 nnn-

375 1297 472 1361 quam
488 1278 560 1363 ipse
575 1285 684 1364 partes
701 1297 798 1362 super
814 1275 998 1344 huiusmodi
1013 1275 1101 1342 facto
1117 1276 1157 1341 de
1175 1284 1280 1342 cetero
1296 1281 1452 1360 poterunt
1468 1275 1504 1337 in

375 1383 513 1449 inuicem
524 1405 655 1452 mouere
670 1383 886 1469 quescioncm‚
900 1383 953 1449 vel
964 1385 992 1450 si
1004 1386 1108 1450 eciam
1119 1383 1250 1467 quescio
1264 1381 1377 1465 aliqua
1387 1385 1504 1448 contra

375 1490 554 1578 predictum
570 1491 718 1557 Markunr
736 1491 892 1558 Comitem
910 1491 1039 1559 racione
1056 1491 1219 1578 porcionis
1236 1491 1269 1556 in
1286 1491 1359 1557 loco
1380 1489 1502 1555 molen·

375 1598 453 1681 dini,
471 1617 567 1680 quarn
578 1597 723 1684 predicto
734 1599 843 1663 Marco
855 1599 972 1691 Comiti
988 1599 1227 1684 reluxauerunt,
1244 1617 1341 1684 super
1358 1597 1500 1680 veniret,

375 1714 493 1774 extunc
518 1708 624 1792 ipsam
650 1705 855 1790 qnescioncm
872 1706 952 1773 dicti
962 1708 1101 1790 juuenes
1122 1706 1316 1773 tenebuntur
1341 1703 1502 1790 expedire

375 1819 407 1878 et
430 1814 569 1880 saluere.
601 1815 638 1878 ln
665 1813 757 1896 cujus
783 1815 831 1880 rei
856 1813 1093 1881 mestimonium
1118 1811 1204 1900 (tgy)
1231 1811 1275 1878 ad
1299 1812 1502 1898 peticionem

375 1922 521 2006 parcium
546 1927 713 2005 presentes
729 1920 853 1988 litteras
870 1922 1088 1988 concessimus
1113 1921 1221 2005 sigillo
1238 1926 1349 1986 nostro
1367 1921 1500 1986 robora-

375 2033 437 2092 tas.
469 2025 589 2092 Datum
614 2044 673 2110 per
704 2045 818 2092 manus
843 2027 992 2111 Magistri
1017 2026 1149 2094 Roberti
1175 2025 1322 2092 Rectoris
1350 2025 1502 2092 Ecclesie

373 2138 493 2215 nostre,
519 2153 605 2198 anno
621 2132 753 2199 Domini
772 2134 944 2202 millesimo
965 2135 1048 2200 0099
1065 2134 1289 2217 sexagesim05
1315 2131 1502 2198 venerabili

374 2237 409 2303 in
434 2238 562 2305 Christo
588 2245 682 2325 patre
707 2247 818 2306 nostro
844 2241 967 2307 Zlando
993 2241 1165 2327 Episcopo,
1195 2239 1284 2306 Fauo
1311 2239 1502 2326 Preposito,

373 2344 566 2413 Lodomerio
582 2349 730 2434 Cantore,
748 2349 897 2415 Johanne
913 2351 1055 2419 Custode
1071 2348 1293 2417 existentibus.

445 2540 493 2607 (Aa
508 2543 606 2595 eredeti
620 2541 686 2595 utin
699 2543 771 2598 Bith
785 2543 894 2612 Ktroly‚
909 2549 994 2599 Hsaai
1008 2543 1179 2610 Okmrinytrir
1191 2547 1236 2596 lv.
1251 2548 1307 2598 kur.
1322 2547 1367 2597 39,
1384 2547 1393 2596 l
1407 2547 1417 2610 )

825 2837 965 2849 a.--—--
982 2837 1042 2844 --—-

371 3453 402 3523 A
428 3459 518 3522 Boo-i
541 3457 726 3523 koauentnelc
755 3461 1010 3546 bieonysdpleoeie
1035 3462 1145 3526 Maria
1171 3459 1251 3546 Ilpa
1280 3459 1370 3545 Upra
1398 3481 1501 3524 comes

658 3565 777 3648 neje'nek
793 3566 1087 3651 vebiateelcede'aebb'i,
1104 3569 1200 3630 1260.

454 3737 550 3826 (N)os
562 3738 726 3806 Emericus
738 3741 925 3827 Propositus
937 3749 968 3808 et
978 3745 1161 3810 Oonueutus
1172 3741 1361 3826 Monastcrij
1374 3744 1498 3809 Sancte

370 3847 480 3914 Crucis
496 3847 536 3912 de
547 3851 604 3914 Bw
620 3849 782 3916 uniuersis
793 3848 912 3915 Christi
928 3850 1077 3917 fidelibus
1093 3857 1160 3914 tam
1177 3849 1384 3935 presentibus
1394 3868 1496 3931 quarn

367 3955 482 4021 suturis
508 3955 646 4020 salutem
663 3955 695 4019 in
722 3957 863 4024 omnium
884 3958 1057 4024 saluatore.
1085 3957 1137 4022 Ad
1165 3955 1387 4022 uniuersorum
1414 3957 1496 4024 noti-

368 4059 451 4126 ciam
476 4061 589 4127 harum
615 4063 699 4128 serie
726 4065 873 4132 uolumus
898 4065 1079 4151 peruenire,
1106 4061 1192 4147 quod
1216 4063 1334 4129 nobilis
1359 4063 1497 4128 domina

367 4169 496 4235 nominc
513 4169 616 4235 Maria
631 4170 700 4235 filia
715 4172 875 4237 Johannis
891 4171 932 4236 dc
949 4171 1059 4254 Baras,
1087 4190 1221 4236 consors
1238 4169 1373 4236 Comitis
1390 4170 1496 4254 Wgra

368 4274 425 4356 filij
444 4275 552 4359 Ipoliti
577 4276 618 4342 de
633 4277 703 4361 Ilye
720 4298 790 4343 cum
816 4278 930 4345 eodem
947 4279 1071 4344 Comite
1087 4279 1192 4362 Wgra
1215 4278 1330 4343 marito
1347 4297 1407 4344 suo
1425 4297 1494 4364 per·

367 4381 523 4447 sonaliter
539 4380 582 4447 ad
599 4389 742 4450 nostram
769 4384 928 4452 accedens
944 4386 1147 4469 presenciam
1171 4384 1322 4451 confessa
1346 4391 1398 4450 est
1415 4385 1493 4450 uiua

365 4504 455 4568 uoce,
482 4487 567 4572 quod
585 4509 656 4555 cum
673 4490 745 4577 ipsa
770 4491 925 4557 heredum
941 4491 1041 4577 prolis
1067 4497 1191 4558 careret
1213 4491 1346 4575 solacio,
1375 4496 1493 4557 cuncta

367 4585 577 4679 prospiciens,
605 4597 691 4679 quod
717 4597 782 4664 iam
808 4607 936 4684 tempus
960 4598 1022 4665 sibi
1041 4599 1227 4685 pemeniret
1254 4598 1367 4666 volens
1392 4617 1492 4680 quam
