3252 5198
382 1079 413 1143 A
429 1078 697 1164 eatkmfebdrudri
721 1074 943 1160 supratonsus
959 1071 1231 1159 bizonyadplcoele,
1251 1073 1336 1157 bopy
1351 1070 1482 1154 Miletos,
1498 1095 1522 1134 a

384 1186 494 1252 Simos
509 1189 540 1250 ds
553 1185 663 1250 Mieud
678 1183 814 1248 comesek
829 1183 860 1246 6⁸
876 1207 895 1246 a
912 1181 1044 1245 boinrttt'
1058 1179 1266 1244 eduarnokolc
1279 1181 1348 1244 lebat
1369 1179 1523 1265 bizouyoa

492 1291 634 1357 »mttere
643 1290 1121 1375 voaatlcozdepyenetlcmdpcket
1133 1289 1294 1352 eliattzott.
1312 1289 1410 1352 1237.

699 1467 730 1532 A
820 1465 847 1529 B
940 1466 966 1531 C
1056 1466 1086 1530 D
1177 1467 1205 1530 E

494 1643 680 1731 Capitulum
696 1643 851 1710 Albensis
868 1641 1017 1708 Ecclesie
1034 1640 1184 1709 omnibus
1205 1650 1373 1728 presentes
1391 1643 1522 1709 litteras

387 1753 583 1838 inspecturis
609 1753 748 1818 salutem
775 1751 809 1816 in
825 1769 902 1815 vero
928 1749 1076 1817 salutari.
1104 1748 1301 1816 Cunctorum
1327 1751 1524 1817 discrecioni

388 1859 539 1926 duximus
564 1859 798 1941 intimandum
828 1855 915 1941 quod
933 1854 1049 1922 Comes
1070 1855 1237 1940 Nicolaus,
1263 1857 1363 1923 frater
1387 1878 1524 1924 venera-

388 1967 464 2033 bilis
480 1965 636 2033 memorie
646 1964 763 2049 Vgrini
779 1963 944 2045 quondam
959 1961 1207 2049 Arobiepiscopi
1221 1964 1466 2050 strigoniensis,
1485 1972 1523 2031 et

387 2074 517 2140 Simone
543 2078 575 2139 et
600 2072 710 2139 llicud
730 2069 911 2138 comitibus
937 2092 977 2138 ex
1003 2091 1068 2136 una
1092 2078 1206 2157 parte,
1233 2079 1265 2138 et
1284 2073 1452 2140 vduomici
1477 2075 1523 2140 de

389 2181 525 2263 Huinar,
543 2182 598 2264 qui
614 2199 649 2246 se
665 2179 773 2245 Fitam
783 2179 916 2245 fratrem
927 2179 1082 2262 Soegene,
1104 2188 1137 2246 et
1153 2181 1236 2245 alter
1245 2181 1402 2246 'Piranum
1416 2181 1522 2247 filium

388 2289 498 2354 Hante
514 2307 588 2353 esse
599 2285 761 2370 dixerunt,
779 2306 852 2353 cum
868 2287 1056 2352 centurione
1067 2305 1126 2353 suo
1142 2287 1274 2352 nomine
1286 2288 1461 2372 Hemodoy
1477 2309 1522 2354 ex

390 2396 515 2479 altera;
542 2391 708 2459 mediante
732 2392 893 2480 pristaldo
918 2411 977 2459 sex
996 2393 1145 2477 judicum
1170 2394 1295 2461 domini
1310 2395 1412 2479 Regis
1427 2397 1522 2479 Bele,

389 2499 519 2569 nomine
535 2500 721 2582 Valentino,
748 2499 804 2584 qui
820 2520 856 2566 se
872 2499 973 2566 filium
988 2500 1117 2587 Tumpa
1133 2502 1174 2568 de
1199 2502 1279 2567 uilla
1296 2501 1424 2569 Torcba
1444 2521 1522 2569 esse

392 2605 487 2690 dixit,
505 2606 548 2672 ad
562 2615 707 2673 nostram
720 2612 926 2673 accesserunt
935 2608 1154 2692 presenciam,
1171 2617 1204 2675 et
1213 2609 1352 2695 predicti
1364 2609 1519 2692 Comites,

390 2715 546 2781 Nicolaus
572 2713 707 2796 scilieet,
724 2714 835 2780 Simon
853 2719 884 2780 et
900 2713 1018 2801 illaad,
1045 2734 1145 2801 super
1164 2717 1270 2782 altare
1285 2717 1398 2783 Sancti
1415 2717 1519 2800 Regis

359 2857 363 2866 ·
393 2821 553 2908 Stephani
579 2842 638 2907 pro
654 2819 756 2887 tribus
773 2820 876 2886 vineis
902 2821 935 2886 in
952 2821 1041 2886 dicta
1055 2822 1138 2887 uilla
1154 2821 1280 2889 Hvinar
1299 2823 1381 2907 sitis,
1407 2843 1522 2890 secun-

392 2929 470 2995 dum
485 2930 617 3013 quidem
633 2928 761 2994 edictis
777 2949 836 2994 sex
848 2926 1017 3013 judicibus
1031 2930 1138 2996 fuerat
1154 2931 1388 3017 adiudicatum,
1405 2939 1521 2998 contra

391 3037 576 3104 nominatos
594 3037 799 3121 uduornicos,
824 3037 879 3122 qui
896 3037 987 3123 ipsas
1005 3037 1118 3104 vincas
1135 3059 1156 3104 a
1172 3037 1298 3106 Gemite
1317 3040 1455 3106 Nicolao
1472 3061 1523 3107 re-

393 3143 573 3228 quirebant,
601 3151 839 3211 sacramentum
866 3143 1092 3230 prestiterunt;
1126 3145 1292 3233 dicentes,
1322 3147 1409 3231 quod
1433 3147 1542 3213 idem·

392 3249 507 3318 Comes
524 3252 679 3318 Nicolaur
695 3251 786 3337 ipsas
803 3251 918 3318 vineas
935 3253 978 3317 ab
995 3252 1121 3318 eisdem
1137 3252 1335 3340 vduomieis,
1366 3255 1525 3323 videlicet

392 3357 626 3443 prenominatis
645 3359 791 3442 Soegene
817 3366 848 3422 et
864 3360 984 3443 Hanta,
1010 3380 1070 3456 pro
1095 3369 1219 3446 septem
1246 3363 1365 3429 marcis
1391 3363 1524 3448 argenti

393 3465 633 3547 conparauerit.
660 3465 709 3531 Ne
725 3465 825 3549 igitur
841 3467 919 3533 dicti
936 3467 1115 3551 uduornici,
1142 3469 1195 3534 vel
1212 3469 1315 3555 aliqui
1335 3473 1378 3537 ab
1393 3469 1520 3537 eisdem

394 3568 629 3637 descendentes
646 3572 767 3637 dietum
780 3572 938 3640 Comitem
950 3575 1131 3662 Nicolaum,
1150 3575 1220 3642 siue
1231 3577 1377 3643 eiusdem
1393 3598 1524 3644 succes

394 3696 486 3745 sores
511 3679 652 3763 amplius
670 3699 768 3765 super
792 3681 853 3745 tali
868 3679 955 3748 lacto
973 3683 1118 3748 audeant
1134 3685 1188 3749 vel
1212 3685 1339 3770 possint
1364 3685 1525 3772 inpetere,

393 3791 585 3871 prenarrata
600 3787 648 3852 rei
661 3786 777 3852 seriem
794 3786 910 3854 litteris
920 3789 1127 3874 presentibus
1144 3792 1254 3876 sigillo
1265 3798 1375 3860 nostro
1387 3792 1523 3858 munitis

393 3891 654 3960 confirmauimus
665 3893 909 3980 inperpetuum.
926 3896 1043 3960 Actum
1055 3916 1141 3963 anno
1151 3895 1263 3980 gracie
1278 3898 1323 3963 Μο
1334 3896 1399 3964 CC⁰
1410 3899 1522 3965 XXX⁰

394 3999 542 4086 septimo.
559 3999 705 4065 Ecclesie
716 4012 826 4068 nostre
836 4003 998 4070 blicbaele
1008 4002 1176 4089 Preposito
1194 4024 1230 4070 se
1247 4005 1290 4069 ab
1306 4005 1521 4074 amministra-

394 4108 486 4174 cioue
502 4127 679 4193 suspenso,
707 4109 849 4178 llartino
866 4109 1017 4195 Cantore,
1046 4113 1113 4178 alio
1128 4111 1269 4181 Martiuo
1293 4114 1445 4202 Custode,
1461 4116 1520 4182 Sil·

393 4223 501 4283 vestro
517 4217 650 4282 Decano
674 4218 902 4286 existentibus.

466 4410 515 4478 (Aa
528 4413 630 4463 eredeti
642 4413 708 4466 utin
722 4415 843 4484 Vdgbely
856 4419 952 4477 Dezsb',
965 4417 1052 4469 Huzai
1066 4415 1236 4484 Okmtnytdr
1248 4419 1270 4468 1.
1286 4418 1344 4470 lot
1363 4419 1404 4468 19.
1419 4419 1450 4486 l.)

823 4655 1086 4666 —n--——-..
