3162 5188
942 895 1020 966 198.

411 1083 545 1171 Spalato
570 1087 663 1148 odros
687 1081 831 1148 hirdinole
855 1081 996 1165 bizonyoo
1019 1077 1240 1142 molomodmot
1263 1079 1417 1165 tdrpyaad
1444 1077 1570 1143 datm.

930 1183 1028 1249 1248.

482 1386 577 1453 Anno
587 1380 962 1452 InoarnationisDomini
971 1381 1075 1448 nostri
1084 1380 1166 1448 Jesu
1176 1380 1295 1448 Christi
1305 1378 1567 1450 nccxhvm.

413 1513 526 1562 mense
550 1492 724 1561 Deoembri
749 1491 802 1557 die
817 1491 927 1557 XXII.
951 1488 1095 1555 intrante
1113 1489 1292 1558 lndietiona
1308 1492 1399 1575 v11.;
1424 1492 1565 1576 praesi-

410 1601 508 1670 dente
524 1601 653 1669 domino
679 1601 806 1668 loanna
822 1595 1013 1684 spalatensi
1029 1595 1243 1680 Arohioleoto‚
1269 1605 1415 1682 tempore
1433 1599 1561 1665 Dassa

414 1708 594 1793 Michaelis,
621 1706 761 1776 loannis
782 1704 902 1772 Vitalis
927 1709 960 1772 et
983 1701 1085 1770 Dobri
1109 1703 1248 1771 Brasieh
1272 1703 1437 1773 Judionm.
1467 1707 1560 1773 Gum

412 1838 472 1886 nos
490 1814 650 1903 siquidem
668 1813 848 1900 supradioti
862 1811 996 1881 Judioes
1012 1831 1053 1879 ex
1068 1812 1190 1897 injueto
1207 1812 1313 1881 olfioio
1340 1814 1557 1899 sederemus,

413 1925 554 1993 isauria
580 1922 727 2010 generali
737 1922 795 2008 jus
820 1941 914 1988 sunm
939 1921 1055 2006 eoique
1071 1921 1251 2002 tribuendo,
1276 1923 1557 2007 supervenientes

412 2036 502 2100 Desa
526 2031 624 2099 (lorbi
650 2028 844 2114 (lamoniam,
870 2035 903 2094 et
927 2029 1018 2095 Desa
1042 2027 1145 2112 Ivani,
1164 2029 1397 2096 Procuratores
1423 2028 1556 2097 Curiae

412 2139 722 2226 Arohiepisoopalis,
740 2137 907 2222 oonquesti
924 2144 1000 2203 sunt
1015 2156 1126 2204 eoram
1142 2138 1235 2203 nobis
1252 2137 1293 2204 de
1317 2138 1447 2206 loanne
1465 2141 1555 2204 Dni-

412 2251 467 2337 mi,
491 2248 547 2334 qui
564 2248 627 2316 sibi
643 2248 722 2314 dare
737 2245 923 2330 denegabat
938 2246 979 2312 da
995 2246 1137 2331 quodam
1161 2245 1346 2314 molendino
1372 2269 1433 2316 suo
1445 2249 1551 2334 justi-

411 2358 493 2423 tiam
519 2356 662 2423 debitam
688 2354 799 2422 Sanoti
823 2352 966 2438 Domnii,
992 2352 1076 2421 siout
1101 2360 1133 2420 et
1149 2353 1217 2421 alia
1238 2352 1427 2421 molendina
1451 2357 1552 2423 Salo

413 2483 476 2531 nae
493 2463 672 2531 solvebant
700 2463 855 2542 Quicum
880 2463 1154 2548 percontrarium
1179 2462 1391 2550 responderet
1414 2463 1549 2548 diosna,

411 2571 495 2639 nihil
509 2571 573 2638 sibi
588 2572 668 2638 dare
684 2570 812 2657 debere,
839 2576 872 2637 et
888 2569 970 2638 nihil
994 2569 1120 2655 aliquid
1137 2577 1259 2637 eertum
1276 2570 1484 2654 ostenderet;
1514 2582 1550 2638 et

414 2677 494 2746 diotl
507 2682 740 2748 Proouratores
757 2679 790 2746 in
807 2679 986 2746 continenti
997 2680 1209 2747 ostenderunt
1223 2679 1397 2764 quamdam
1412 2687 1547 2748 senten-

411 2788 492 2854 tiam
508 2785 721 2869 definitivam,
748 2787 849 2853 latam
865 2807 924 2872 per
940 2785 1073 2855 Jndioes
1098 2787 1251 2854 Daimum
1268 2787 1393 2854 Florini
1413 2795 1545 2874 patrem

411 2895 517 2981 ipsius
533 2895 682 2978 Joannis,
709 2901 743 2962 et
761 2893 899 2962 llioham
929 2895 1032 2962 Madii
1048 2894 1159 2982 Soppa
1175 2915 1273 2981 super
1298 2896 1403 2982 ipsius
1418 2897 1545 2964 molen·

412 3001 480 3069 dini
496 3000 617 3089 plaoito
634 3001 711 3069 olim
728 3001 825 3067 etiam
842 3001 1094 3087 promulgatum.
1112 3001 1186 3080 Qua
1195 3003 1348 3087 perleota,
1366 3011 1398 3070 et
1413 3004 1545 3072 anobis

411 3111 509 3196 plane
524 3109 691 3177 intellecta
706 3107 910 3176 concorditer
928 3129 999 3176 eum
1015 3111 1177 3176 communi
1193 3110 1330 3178 oonsilio
1344 3113 1543 3199 approbavi·

412 3238 493 3305 mus,
515 3225 548 3286 et
573 3218 689 3285 eadem
715 3216 977 3284 oonfirmavimus
1002 3218 1246 3304 sententiand05
1273 3225 1306 3286 et
1329 3218 1394 3306 ipsi
1419 3221 1545 3289 loanni

412 3328 651 3414 praeopimus,
674 3345 716 3391 ne
732 3326 773 3393 de
790 3332 898 3393 cetero
916 3325 1035 3392 similia
1051 3333 1272 3412 praesumeret
1290 3333 1463 3398 attentare.
1480 3330 1541 3396 Te-

411 3441 479 3501 stes
495 3440 570 3501 sunt
585 3435 730 3502 Joannes
742 3433 920 3500 Buoeasius
937 3439 970 3500 et
985 3434 1130 3502 loannes
1146 3433 1269 3501 Cindri.

643 3593 769 3699 (Fuisti,
781 3634 921 3701 Illyricum
934 3633 1048 3690 Sacrum
1060 3635 1106 3688 1v.
1120 3635 1177 3686 kat.
1197 3637 1258 3690 278.
1272 3635 1301 3702 l.)
