3210 5194
122 585 250 632 suorum
266 587 497 651 possessorum
521 569 565 636 ud
581 591 696 638 manus
711 571 832 657 Regias
848 571 986 639 luissent
1008 569 1171 655 deuolute,
1188 591 1248 639 uos

7 707 8 710 ¹
119 694 172 740 eas
187 673 367 745 karissimo
383 677 478 744 fratri
488 685 598 749 nostro
610 679 787 749 Colomuno
799 680 882 766 Regi
899 685 931 747 et
940 678 1025 746 Duci
1042 679 1147 747 tocius
1159 681 1248 747 Sola·

116 781 209 850 uonie
219 784 370 870 pijssimo
379 787 618 857 recordacionis
630 788 890 874 contulissemus,
901 788 1061 874 qumdam
1071 808 1149 856 uero
1160 788 1246 855 idem

114 891 190 976 Rex,
207 911 293 976 quas
305 892 484 980 cmpoionis
500 897 595 964 titulo
607 893 811 983 possederat,
832 895 885 962 uel
901 895 987 962 alias
1002 915 1132 981 quoquo
1148 893 1247 963 modo

112 997 194 1065 iusto
212 998 310 1069 modo
326 1000 372 1068 ad
383 1002 520 1070 eundem
536 1001 746 1090 deuenerant,
758 1004 822 1071 sibi
839 1003 936 1090 pleno
956 1009 989 1070 et
1003 1009 1160 1090 perpetuo
1176 1002 1246 1070 iure

114 1127 183 1172 cum
200 1107 355 1178 omnibus
379 1111 526 1196 ipsarum
541 1110 751 1198 pertinencijs
777 1111 973 1178 conferendo
993 1110 1028 1177 in
1052 1115 1245 1197 perpetuum

111 1215 342 1303 possidendus,
359 1218 404 1284 ad
418 1219 613 1306 peticionem
630 1219 733 1309 ipsius
749 1241 788 1289 eo
805 1227 962 1308 tempore,
988 1239 1061 1286 cum
1077 1225 1244 1306 assumpto

111 1323 206 1408 signo
234 1324 339 1392 crucis
356 1331 471 1394 eontra
485 1327 655 1395 Paterinos
672 1327 706 1394 in
721 1327 865 1396 Boanum
890 1333 922 1394 et
943 1327 978 1392 in
1002 1332 1123 1393 terram
1141 1327 1243 1393 Rame

110 1452 169 1518 pro
185 1431 319 1500 nomine
330 1433 451 1502 Christi
466 1435 733 1522 proficisceretur,
754 1438 1045 1521 confirmassemus,
1065 1442 1244 1502 terrasom·

7 1533 9 1620 ῗ
111 1559 168 1608 nes
193 1541 386 1627 specialiter
410 1549 444 1610 et
458 1564 517 1630 per
545 1544 692 1630 singulas
717 1546 751 1612 in
768 1545 885 1612 litteris
911 1543 1032 1612 nostris
1056 1541 1244 1610 secrecioris

7 1639 8 1718 l
110 1647 213 1732 sigilli
230 1649 336 1716 nostri
352 1649 539 1736 munimine,
556 1672 655 1720 auree
670 1651 824 1720 uidelicet
840 1653 1048 1720 bullenostre
1063 1650 1243 1737 exprimen-

7 1739 9 1786 ἶ
110 1760 170 1842 tes,
188 1777 273 1843 quas
285 1755 392 1828 eidem
403 1756 608 1846 dederamus,
624 1762 682 1849 ito,
700 1761 836 1849 quodex
854 1758 1095 1848 ipsisomnihus
1106 1758 1242 1824 liberam

7 1893 9 1948 5
109 1862 251 1933 haberet
275 1865 466 1934 facultatem
491 1867 696 1956 disponendi,
722 1867 921 1956 conferendi,
946 1865 1089 1936 donandi
1114 1872 1147 1932 et
1168 1884 1244 1950 quo-

7 1949 8 1986 *
109 1973 345 2055 cunqnemodo
361 1973 529 2042 alienandi
539 1975 716 2043 secuudum
732 1974 1040 2062 suebcnepluoitum
1051 1972 1242 2057 voluntatis5

107 2078 240 2167 accidit,
258 2086 294 2147 vt
309 2080 466 2166 Magister
481 2081 586 2172 Phyle
602 2083 791 2171 Prepositus
806 2081 1049 2169 Zagrabiensis,
1066 2085 1165 2164 atque
1179 2077 1242 2145 lra-

105 2192 172 2254 tres
200 2189 263 2276 sui,
290 2189 434 2260 'ihomas
450 2191 566 2260 Comes
590 2199 623 2260 et
641 2193 767 2279 Petrus,
792 2212 852 2281 per
870 2189 1086 2259 Bertramium
1108 2188 1242 2255 fratrem

107 2293 267 2379 Symonis
285 2297 421 2365 Comitis
446 2299 487 2365 de
503 2299 638 2384 Bayoch
655 2298 806 2366 maritum
830 2298 941 2365 uxoria
968 2293 1132 2382 quondam
1154 2294 1243 2362 Salo-

106 2403 214 2472 monis
230 2404 317 2472 Bani
331 2404 461 2473 nomine
476 2407 587 2475 uxoris
603 2427 672 2492 sue,
689 2425 787 2494 super
802 2411 891 2473 terra
904 2402 1035 2490 Heyreh
1047 2409 1081 2469 et
1095 2401 1241 2469 eiusdem

106 2511 326 2598 pertinencijs
349 2513 383 2579 in
398 2517 542 2580 nostram
566 2512 658 2581 fuere
685 2511 776 2581 citati
802 2511 1024 2600 presencium5
1041 2507 1096 2596 qui
1115 2506 1243 2576 nominc

107 2621 223 2689 uxoris
239 2639 300 2688 sue
324 2619 464 2689 eandem
480 2627 601 2690 terram
617 2623 651 2688 in
667 2622 782 2690 ordine
806 2621 887 2688 iuris
903 2640 1012 2688 coram
1032 2619 1126 2687 nobis
1141 2615 1243 2706 pecijt

107 2727 249 2813 restitui,
275 2749 426 2798 assereus
441 2731 548 2816 ipsum
564 2737 684 2798 terram
702 2751 774 2798 cum
791 2731 859 2798 suis
875 2727 1083 2816 pertinencijs
1099 2748 1120 2793 a
1135 2727 1242 2813 priore

106 2836 228 2904 marito
254 2837 366 2905 uxoris
385 2857 443 2904 sue
462 2839 566 2923 Botyz
582 2837 708 2906 Gemite
730 2837 833 2906 fuisse
857 2836 1029 2920 collatam,
1055 2852 1153 2920 super
1176 2851 1242 2918 qua

107 2944 293 3010 collacione
317 2944 443 3012 litteras
462 2945 606 3032 Capituli
622 2944 785 3029 Albensis,
806 2964 869 3029 que
892 2949 1001 3010 tamen
1017 2942 1140 3009 nullam
1156 2961 1241 3008 men-

107 3051 239 3120 cionem
263 3051 432 3120 faeiebaut
455 3052 497 3120 de
522 3054 610 3122 diota
630 3053 811 3123 donacione
836 3051 1033 3138 specialiter,
1058 3055 1091 3116 et
1114 3049 1242 3116 litteras

108 3157 256 3246 Capituli
273 3159 475 3247 Baehyensis
500 3160 586 3228 alias
602 3159 758 3246 exhibuit,
775 3179 838 3243 que
862 3157 924 3225 etsi
940 3157 1151 3241 mencionem,
1169 3174 1242 3223 oon·

106 3269 279 3334 timebatur
302 3273 412 3335 tamen
435 3269 470 3334 in
486 3265 621 3355 eisdem,
649 3267 737 3356 quod
760 3288 825 3334 non
850 3265 883 3333 in
908 3263 1081 3352 presencia
1099 3261 1243 3350 Capituli

106 3375 229 3463 ipsius,
246 3373 303 3443 sed
320 3396 429 3444 coram
445 3397 509 3445 uno
525 3376 745 3443 concanonico
770 3376 874 3462 ipsius
891 3371 1034 3460 Capituli
1049 3371 1094 3439 ad
1110 3366 1241 3457 peticio-

107 3504 186 3551 nem
213 3481 319 3570 ipsius
338 3487 441 3569 Batyz
464 3483 657 3552 transmisso
682 3481 780 3551 luerit
803 3483 880 3551 talis
905 3481 994 3549 faeta
1018 3479 1188 3548 confessio.
1213 3477 1242 3544 Ε

108 3597 229 3658 contra
243 3591 402 3677 Magister
416 3592 522 3676 Phyle
537 3591 726 3680 Propositus
739 3591 983 3678 Zograbyensis
1006 3609 1065 3675 pro
1081 3608 1116 3657 se
1132 3593 1166 3655 et
1180 3586 1242 3654 fra-

107 3699 217 3766 trihus
232 3696 301 3764 suia
318 3697 498 3784 respondit,
524 3698 611 3782 quod
628 3699 671 3766 ab
697 3697 745 3765 eis
761 3697 927 3766 restitucio
953 3695 1020 3784 peti
1034 3716 1098 3763 non
1119 3691 1241 3780 debuit,

108 3828 185 3875 oum
211 3807 280 3873 iam
305 3803 394 3873 dieta
418 3812 505 3873 terra
529 3827 602 3873 oum
623 3809 690 3875 suis
715 3807 927 3894 pertinencijs
952 3827 1010 3893 per
1033 3805 1242 3872 karissimum

108 3916 246 3985 tratrem
267 3921 412 3983 nostrum
429 3912 638 3983 Colomanem
654 3914 740 4004 (lgy)
756 3918 878 4001 Regem
895 3916 1085 3999 Ducemque
1107 3913 1141 3978 in
1158 3932 1243 3978 oom-

108 4022 296 4090 mutacione
307 4022 510 4108 quarundam
520 4028 679 4090 terrarum
690 4043 831 4107 suarum,
842 4027 954 4109 utpote
963 4041 1023 4107 pro
1032 4027 1128 4103 terra,
1143 4036 1241 4100 quam

109 4132 282 4200 habebant
297 4130 331 4196 in
347 4131 484 4198 Wamus
500 4128 544 4198 ad
559 4130 677 4215 uiginti
695 4138 806 4197 aratra
820 4128 999 4196 donacione
1015 4125 1117 4213 ipsius
1131 4125 1242 4191 fratris

110 4241 226 4329 nostri,
244 4246 278 4306 et
293 4260 391 4327 super
406 4239 647 4326 terraKyliuni‚
666 4259 763 4325 quam
778 4236 944 4306 habebant
953 4234 1137 4323 empticium
1152 4234 1244 4301 iuxta

110 4349 271 4435 eandem,
306 4367 406 4434 super
430 4369 494 4432 qua
522 4349 650 4416 litteras
675 4347 818 4435 Capituli
845 4343 1015 4430 Agricnsis
1042 4339 1129 4430 (lgy)
1155 4341 1242 4410 exhi-

110 4461 222 4544 buere,
249 4462 282 4523 et
297 4475 398 4542 super
422 4460 510 4522 terra
526 4455 649 4540 Musoh,
677 4462 710 4522 et
728 4454 855 4522 duabus
880 4450 985 4518 uineis
1009 4451 1158 4535 Furcasij
1183 4449 1242 4536 filij

113 4566 219 4634 Cebze
235 4565 270 4632 in
288 4563 453 4631 Comitatu
469 4565 509 4631 de
524 4563 672 4648 Borona,
694 4563 781 4630 vnde
797 4560 943 4628 similiter
958 4557 1086 4626 litteras
1099 4557 1242 4643 Capituli
1326 4566 1334 4572 ’

113 4673 475 4766 Quinqueecotesiensis
493 4675 678 4762 exhibuere,
704 4673 749 4743 ad
765 4693 821 4743 eos
837 4671 933 4741 luerit
948 4667 1113 4741 deuolute.
1139 4671 1243 4758 Super
