3186 5188
536 239 562 394 ᾗ
593 291 689 395 aa.

8 503 9 520 ³
62 509 167 555 nemos
179 489 386 574 paludosum,
405 500 436 556 et
452 490 556 576 pergit
568 509 625 575 per
641 497 879 557 metasterreas
897 501 928 557 et
940 493 1071 558 arbores
1083 513 1176 558 eroes

8 613 10 662 t
61 601 221 684 signatas3
241 599 317 665 hine
333 600 482 685 peruenit
497 598 540 664 ad
556 599 638 664 eluas
656 608 760 666 metas
780 603 957 666 existentes
973 601 1066 668 iuxta
1081 602 1176 684 viam,

8 751 9 754 =
60 729 114 796 per
128 730 227 795 qnam
243 712 331 775 viam
356 705 503 794 procedit
518 727 632 775 versus
648 708 824 790 orientem;
852 715 884 775 et
900 707 1005 774 eundo
1025 709 1174 792 peruenit

8 815 9 818 ’
61 819 224 884 adoliam
243 818 339 899 viam,
366 837 425 903 per
451 837 548 900 qnam
565 816 659 882 vadit
685 825 717 882 et
735 817 822 882 venit
847 815 889 880 ad
915 837 1011 882 vniam
1038 817 1181 900 fluuium,

60 927 108 1010 qni
133 933 269 991 vooatnr
286 923 520 1007 chorneohina,
546 934 578 990 et
595 923 793 990 transeundo
818 926 924 1009 ipsam
949 944 1069 1005 aquam
1087 924 1183 990 Cher·-

60 1033 296 1099 neehinavadit
311 1034 344 1099 in
361 1032 476 1100 eadem
492 1037 556 1118 via,
575 1043 607 1100 et
624 1034 773 1119 peruenit
783 1032 826 1097 sd
841 1033 969 1116 siluam,
987 1053 1050 1116 que
1061 1053 1180 1121 magna

60 1140 144 1206 Knea
156 1140 362 1224 nominatum
382 1139 616 1226 hineperuenit
633 1140 675 1206 ad
686 1159 783 1206 vnum
794 1139 908 1225 potok‚
926 1149 959 1206 et
972 1140 1180 1226 perenndem

8 1315 10 1320 ,
59 1250 222 1316 deseendit
239 1248 547 1332 vsqnePrauiehna,
566 1256 598 1314 et
614 1248 708 1314 iuxta
724 1249 861 1314 eundem
880 1250 987 1314 laeum
998 1249 1181 1314 Pranielrna

8 1439 9 1442 Ἴ
58 1359 198 1444 procedit
214 1357 259 1423 ad
277 1375 373 1422 vnum
390 1357 522 1422 fluuium
540 1355 656 1422 Coriea
672 1363 831 1439 voratum,
850 1364 882 1422 et
896 1358 1035 1425 transito
1051 1357 1181 1424 flumine

58 1466 218 1532 antedicto
245 1467 346 1532 intrat
361 1486 459 1531 vnum
477 1467 599 1548 elmeth,
625 1473 658 1532 et
674 1486 732 1552 por
748 1465 885 1530 eundem
901 1465 970 1531 iens
988 1465 1119 1531 minime
1135 1467 1180 1530 in-

55 1579 113 1641 trat
134 1561 235 1639 vnum
252 1574 410 1655 ztrnseoh,
437 1593 603 1658 perquem
619 1573 710 1639 vadit
727 1572 771 1637 ad
786 1571 919 1638 fluuium
936 1577 1021 1639 Sane
1041 1571 1181 1637 antedie-

56 1689 137 1766 tnm3
155 1681 234 1748 inde
250 1680 391 1748 tenendo
408 1702 467 1767 per
481 1690 622 1748 meatum
642 1680 791 1748 eiusdem
807 1701 891 1766 eqrre
908 1681 994 1746 Sane
1010 1680 1183 1746 reuertitur

8 1823 9 1826 ¹
58 1791 94 1856 ael
110 1791 252 1877 primam
269 1797 398 1856 metam.
426 1792 463 1854 In
480 1792 572 1856 euius
588 1791 667 1856 faeti
694 1790 838 1856 roboret
863 1787 1088 1855 certitudinem
1108 1809 1178 1873 pre-

8 1891 9 1942 ἕ
58 1906 161 1965 sentes
188 1897 383 1966 contulimus
410 1897 536 1963 litteras
562 1897 662 1982 sigilli
681 1897 781 1964 nostri
800 1897 976 1962 munimine
995 1897 1176 1961 roboratas.

8 2051 9 2060 η
57 2007 172 2072 Datum
191 2006 225 2072 in
243 2003 349 2071 medio
360 2002 613 2087 quadragesime
628 2023 713 2071 anno
725 2002 855 2068 Domini
872 2003 1045 2070 millesimo
1059 2004 1177 2070 doeen-

8 2127 9 2210 3
54 2115 164 2182 tesimo
180 2111 569 2198 quadragesimoquinto.

109 2311 171 2376 (lV.
186 2311 253 2363 Belo
266 2309 413 2377 kirtlynak
429 2309 539 2364 traam
553 2307 717 2377 megel-esitii
728 2307 916 2378 okme'mytbtll,
931 2313 999 2362 mint
1012 2309 1113 2378 alabb.)

8 2489 10 2500 t

576 3121 652 3190 134.

55 3321 272 3389 nilaresaleeel·
297 3325 478 3406 eaeterpaoa'
502 3323 712 3406 l·one·eutje'ael·
737 3324 1003 3410 biaorrpsn'plerela
1026 3323 1104 3408 kopp
1121 3324 1177 3388 Po-

8 3467 9 3492 r
58 3431 162 3493 roselei
181 3425 287 3516 Gpnlo
314 3435 342 3490 e's
360 3432 493 3492 testeeler'
518 3429 622 3512 brejern'
637 3429 808 3494 birtelalot
822 3431 966 3514 Seemopn
985 3454 1090 3510 torrete,
1118 3455 1177 3494 ooz-

8 3527 9 3576 Ῡ
324 3539 458 3619 arpano·
466 3536 645 3620 polyclmml*
662 3537 790 3600 cloellcilt
814 3537 907 3600 1215.

159 3730 345 3796 Constemus
369 3732 482 3796 (lomus
499 3730 680 3816 Hospitalis
707 3730 815 3796 Saneti
837 3733 994 3817 Stephani
1018 3734 1118 3818 Regis
1136 3736 1175 3798 ile

57 3833 216 3918 Strigonio
244 3839 394 3903 omnibus
420 3846 589 3924 presentes
617 3837 742 3902 litteras
767 3837 963 3924 inspecturis
988 3840 1125 3904 salntem
1142 3840 1174 3906 in

57 3942 200 4012 Domino.
228 3945 280 4009 Ad
298 3949 522 4012 vnlnersorunr
548 3945 702 4011 noticiam
721 3947 868 4011 rrolnmus
892 3947 1070 4032 peruenire,
1090 3945 1176 4028 qnod

57 4047 129 4115 lala
145 4053 185 4118 de
203 4055 365 4119 Pururlov
383 4056 422 4120 de
449 4075 565 4138 genere
584 4054 864 4139 Sarepvanveelre,
893 4055 934 4118 all
953 4059 1095 4118 nostram
1120 4073 1174 4116 ae-

59 4158 169 4224 eedeos
194 4162 400 4246 preseneiam
429 4163 606 4248 proposuit,
635 4162 719 4246 qued
743 4163 876 4226 totalem
900 4167 1029 4241 terram,
1057 4178 1119 4244 qne
1144 4166 1175 4225 in

60 4265 132 4330 oilla
149 4269 263 4354 Boyon
281 4269 324 4335 ad
346 4271 451 4354 ipsam
476 4271 722 4354 generacionem
738 4268 1010 4352 Sareyuanveehe
1036 4267 1175 4354 pertine-

58 4373 117 4458 tot,
144 4398 214 4442 enm
241 4379 346 4445 vineis
373 4387 404 4444 et
428 4380 502 4444 aliis
528 4379 737 4464 pertinentiis
767 4377 967 4443 uendidisset
994 4375 1175 4464 Seemeyno

60 4477 252 4567 ComitjCiui
263 4486 489 4572 strigoniensi,
508 4509 566 4573 pro
580 4487 720 4552 serloeim
740 4483 857 4550 nrareis
869 4483 1005 4567 argenti,
1024 4491 1176 4569 presente

54 4593 80 4650 et
112 4592 340 4658 eonseneiente
366 4595 462 4660 Petro
489 4594 553 4660 lilio
580 4591 716 4660 Adriani
742 4592 782 4657 de
810 4593 923 4659 eadem
951 4593 1176 4673 generacione.
