3226 5194
903 333 969 403 508

852 425 1006 436 ..ο-

370 549 448 597 rem.
465 529 606 597 Proinde
622 529 844 599 minersomm
859 533 980 600 noticie
995 538 1109 601 tenore
1124 531 1334 617 presencium
1349 529 1515 596 uolumus

369 637 439 704 deri
455 636 673 723 manifestum,
700 638 787 723 quod
811 639 929 707 iratres
945 639 1214 725 cystercbieuses
1239 639 1282 705 de
1298 637 1515 708 dionasterio

370 746 566 814 Victoriensi
588 746 684 816 uobis
709 747 835 816 litteras
861 747 1020 817 Friderici
1045 748 1147 817 Ducis
1173 750 1230 836 pie
1254 745 1512 816 recordacionis

369 853 480 921 fratris
504 855 606 922 nostri
633 855 800 924 karissimi
826 856 1034 925 exhibuerint
1059 856 1120 924 sub
1146 857 1210 924 bac
1234 857 1350 924 sorma
1378 851 1513 938 Fryde

369 964 456 1030 ricus
473 964 535 1030 Dci
562 963 678 1049 gracie
692 965 767 1034 Dux
784 963 916 1034 Austrie
940 971 972 1033 et
987 966 1086 1035 Stirie
1110 971 1143 1032 et
1158 965 1308 1035 domiuus
1333 961 1513 1047 Oamone

370 1074 520 1141 omuibus
530 1074 767 1142 hanelittersm
783 1073 980 1161 inspecturis
997 1077 1138 1142 salutem
1154 1076 1384 1160 inperpetuum
1402 1069 1442 1159 (a
1453 1089 1512 1136 ne·

369 1187 476 1248 veuett
500 1181 695 1250 blestromot
719 1203 778 1269 pro
795 1180 937 1250 remedio
953 1181 1062 1250 anime
1087 1202 1145 1252 sue
1165 1190 1420 1263 cunctorumque
1449 1196 1510 1264 pa·

368 1296 495 1356 rentum
520 1309 652 1357 suorum
677 1290 818 1378 kegyuri
845 1289 993 1358 rtdclme
1008 1292 1064 1359 alt
1083 1291 1243 1378 iogadja.)
1269 1293 1394 1357 Datum
1410 1285 1509 1373 apud

369 1397 504 1464 Leubun
522 1417 607 1466 anuo
624 1399 666 1467 ab
676 1399 910 1468 Iucurnocione
921 1399 1052 1466 Domini
1068 1397 1189 1466 M⁰OC⁰
1199 1397 1304 1465 XLX⁰
1315 1397 1377 1464 111⁰
1392 1393 1507 1462 ludic-

370 1504 463 1574 cione
477 1505 552 1572 V11⁰
568 1505 727 1575 kalendas
736 1507 947 1594 Septembris.
968 1507 1177 1575 Postulantes
1192 1504 1317 1574 anobis
1332 1499 1507 1570 humiliter

369 1620 402 1680 et
416 1612 543 1699 deuote,
568 1621 605 1682 ut
619 1612 784 1700 predictas
808 1613 938 1684 litteras
953 1616 1073 1684 nostris
1089 1614 1207 1682 litteris
1231 1615 1454 1681 insereremus
1471 1615 1506 1676 et

368 1721 500 1790 eosdem
517 1721 701 1791 feneremus
717 1722 909 1791 subendam
925 1723 1034 1808 specie
1048 1723 1218 1790 libertatis.
1238 1721 1308 1789 Nos
1324 1739 1403 1787 vero
1420 1716 1504 1804 peti-

368 1827 493 1898 cionem
510 1829 687 1898 eorundem
710 1831 829 1900 iustum
848 1830 918 1900 fore
941 1831 1158 1916 attendentes,
1177 1829 1305 1896 litteras
1327 1831 1502 1914 presentes

368 1938 503 2007 inscribi
520 1938 657 2006 fecimus
672 1939 712 2007 de
728 1940 828 2009 verbo
847 1939 889 2006 ad
906 1941 1041 2008 verbum
1067 1937 1187 2006 uostris
1202 1935 1333 2020 litteris,
1350 1941 1384 2001 et
1400 1932 1503 2002 couti·

367 2048 515 2115 neuciam
531 2048 707 2116 earundem
731 2048 894 2136 presentis
909 2047 1076 2136 priuilegij
1094 2046 1196 2116 nostri
1219 2043 1406 2132 patrocinio
1422 2061 1499 2109 con·

367 2153 543 2241 firmamus,
561 2163 593 2224 et
607 2156 697 2244 ipsos
706 2155 739 2223 iu
753 2155 901 2243 predicte
913 2156 1065 2223 libertate
1080 2155 1229 2223 volumus
1241 2159 1402 2240 perpetuo
1424 2169 1500 2218 con·

369 2279 512 2328 seruare.
529 2264 649 2332 Datum
666 2283 725 2352 per
740 2285 855 2332 manus
866 2261 1016 2349 Magistri
1032 2261 1200 2330 Benedicti
1211 2258 1375 2347 Propositi
1385 2257 1499 2326 Eccle

367 2367 415 2434 sie
429 2369 541 2436 Sancti
557 2370 777 2440 Bartholomei
794 2370 834 2439 de
850 2373 997 2457 Frysaco
1020 2369 1096 2437 aule
1111 2376 1221 2437 nostre
1237 2363 1499 2435 ViceGauceliu·

366 2474 407 2560 rij
425 2495 511 2545 anuo
527 2478 660 2545 Domini
673 2481 718 2546 Μο
729 2477 795 2547 00⁰
805 2479 844 2544 1³⁰
860 2498 955 2546 nouo.

403 2654 438 2720 (Δ
450 2651 524 2708 bdesi
538 2654 622 2710 estun.
632 2661 717 2716 titkos
730 2657 899 2717 lovttttrnsk
913 2659 1032 2716 credetis
1045 2656 1113 2711 utin
1126 2657 1201 2711 koali
1213 2653 1330 2708 umaro
1342 2651 1463 2722 Mtkdty.)

798 2945 1057 2960 *σοι’-ι--σ-ν-

893 3397 971 3464 tob.

367 3574 476 3640 latonia
491 3575 592 3662 isjabb
615 3577 720 3664 kirrily
738 3581 771 3644 o
788 3575 891 3642 Stiria
906 3577 1104 3664 bercchdoek
1122 3579 1306 3664 cdomdrtpo
1321 3577 1491 3644 Eberhard

640 3686 809 3771 morburpt'
818 3688 935 3773 polqdr
950 3691 1107 3753 szdmdra.
1126 3684 1224 3752 1259.

475 3879 545 3946 Nos
561 3880 747 3967 Stephanus
763 3881 825 3946 Dei
850 3881 966 3966 gracia
981 3883 1062 3968 Rex,
1088 3882 1328 3970 primogenitus
1354 3881 1492 3949 illustris

365 3987 464 4072 Regis
481 3987 661 4072 Hungorie,
688 3994 720 4054 et
736 3990 811 4055 Dux
825 3989 942 4074 Styrie‚
969 3997 1083 4058 tenore
1098 3989 1305 4076 presencium
1331 3989 1492 4074 signitica-

365 4113 436 4160 mus
460 4095 629 4182 uniuersis,
660 4094 745 4180 quod
765 4116 824 4163 nos
850 4097 1064 4166 consideratis
1091 4097 1284 4166 fidelitotum
1310 4096 1439 4164 meritis
1463 4105 1492 4163 ct

365 4201 576 4272 seruiciorum
601 4203 782 4271 Eberhardi
809 4205 915 4273 tidelis
931 4205 1014 4272 ciuis
1040 4208 1141 4276 nostri
1168 4207 1210 4273 de
1236 4206 1406 4292 Marpurg,
1432 4225 1490 4293 quo

364 4311 495 4379 domiuo
505 4311 585 4397 Regi
601 4312 795 4380 charissimo
805 4314 892 4400 patri
908 4319 1016 4382 nostro
1027 4320 1059 4380 et
1075 4315 1168 4383 nobis
1184 4314 1310 4383 studuit
1324 4315 1489 4384 inuiolati.

363 4418 438 4484 liter
453 4420 647 4506 obseruare;
675 4443 736 4489 nos
752 4420 784 4486 in
809 4424 1149 4510 recompensacionem
1176 4423 1388 4492 seruiciorum
1410 4425 1487 4491 eius·

364 4523 449 4591 dem.
476 4527 531 4611 qui
546 4527 623 4596 licet
639 4529 734 4614 pluro
750 4534 921 4614 mereatur,
940 4530 972 4595 in
990 4530 1071 4597 viiio
1090 4531 1253 4598 Walcuim
1271 4530 1385 4598 decern
1404 4551 1486 4597 mau-

364 4651 429 4718 sou,
453 4633 486 4698 in
513 4635 593 4702 villa
617 4636 718 4704 Ghost
742 4646 880 4725 quatuor
905 4657 1048 4730 mansos,
1081 4647 1114 4711 et
1137 4641 1170 4711 iu
1196 4641 1277 4712 villa
1302 4639 1387 4708 Vdei
1413 4639 1486 4745 duos
