3186 5188
906 344 972 409 272
996 335 1005 354 ‘

374 525 495 591 Datum
522 543 610 592 auno
626 523 756 592 Domini
774 521 981 590 M’OG·XL⁰
998 531 1128 607 octauo,
1154 541 1213 606 per
1238 539 1354 588 manus
1376 523 1524 610 Georgii

373 631 520 699 Leotoris
540 631 783 716 strigoniensis.

373 827 514 892 (Enedetie
527 825 703 896 bdrhdrtydm
726 829 840 894 melyrbl
855 845 872 880 a
885 825 1134 896 stega-violasaintl
1153 829 1278 878 minoren
1299 827 1413 894 ffiggbtt
1425 829 1524 896 pensor

604 919 748 984 elvosaett,
764 933 781 968 a
791 917 873 970 budui
887 917 1074 968 liniamenti
1087 914 1275 982 levdltdrban.)

805 1205 1060 1214 ——ss—

371 1861 403 1926 A
418 1861 510 1946 pyb'ri
524 1859 737 1945 kdptalaaaok
761 1861 1038 1945 bizonyadpleaele,
1063 1861 1142 1947 kopp
1159 1861 1309 1928 Salomon
1328 1877 1515 1950 maenaq-

371 1971 430 2035 beli
446 1965 568 2032 Far-Irae
583 1971 614 2028 e'e
630 1966 765 2027 testamei
780 1964 900 2030 Milton
921 1965 1208 2049 Iatraiaaokfia'aal
1228 1989 1315 2052 per-ea
1330 1967 1514 2033 birtokokra

676 2077 766 2134 ae'zoe
783 2078 955 2158 epyeaae'yre
972 2073 1075 2158 laptelr.
1101 2073 1199 2139 1248.

479 2267 667 2355 Capitulum
684 2266 832 2334 Eoolesie
844 2264 1034 2335 (lentiensis
1051 2269 1204 2336 omnibus
1221 2270 1341 2337 Christi
1356 2268 1514 2336 fidelibus

371 2384 541 2464 presentes
567 2374 696 2441 litteras
714 2372 913 2459 inspeoturis
938 2377 1079 2442 salutem
1095 2375 1129 2442 in
1153 2377 1269 2468 salutis
1293 2382 1438 2445 auctore.
1458 2375 1513 2442 Ad

369 2484 595 2551 uniuersorum
620 2481 776 2549 notioiam
793 2487 909 2548 tenore
931 2482 1138 2566 presencium
1154 2483 1303 2551 uolumus
1325 2485 1512 2570 peruenire,

371 2591 458 2678 quod
473 2589 647 2656 Foroasius
676 2584 716 2653 de
733 2606 853 2672 genere
869 2588 1053 2656 Salomonis
1069 2609 1129 2674 pro
1156 2609 1192 2656 se
1210 2597 1242 2656 et
1257 2591 1325 2658 suis
1340 2590 1512 2675 fratribus,

369 2698 524 2767 uidelicet
539 2695 560 2763 J
563 2697 678 2779 ababa,
694 2695 802 2778 Petro,
819 2693 998 2763 Benedioto
1026 2705 1059 2762 et
1074 2698 1180 2764 Paulo
1199 2717 1240 2763 ex
1257 2717 1322 2765 una
1346 2705 1452 2784 parte,
1479 2705 1514 2764 et

367 2807 549 2874 Nhieolaus
579 2803 668 2872 filius
685 2801 846 2887 Stephani
871 2823 912 2869 en
931 2803 1047 2889 altera,
1073 2805 1116 2870 ad
1141 2811 1284 2873 nostram
1311 2807 1513 2874 aecedentes

367 2915 585 3006 presenciam
602 2909 767 2997 prediatus
776 2909 950 2978 Foroasius
967 2911 1058 2998 dixit,
1080 2911 1168 2997 quod
1178 2913 1248 2999 ipse
1265 2922 1298 2981 et
1312 2915 1365 2980 sui
1380 2913 1504 2980 fratres

367 3033 471 3092 terras
481 3019 623 3087 Vithalis
638 3016 697 3102 filij
707 3016 825 3100 Beobo,
841 3016 1030 3084 decedentis
1046 3016 1116 3084 sine
1126 3019 1258 3103 herede,
1277 3019 1361 3086 sitas
1376 3019 1508 3086 invilla

366 3132 522 3200 Salomon
547 3134 580 3193 et
597 3124 713 3208 Volua,
737 3143 835 3209 super
859 3122 977 3207 quibus
1002 3125 1110 3210 ipsum
1135 3124 1309 3193 Nicolaum
1330 3132 1506 3193 traxerant

367 3241 401 3305 in
419 3255 563 3322 oausam,
582 3232 801 3301 mediantibus
812 3232 925 3317 probis
940 3231 1020 3298 viris
1036 3254 1058 3319 p
1072 3269 1108 3282 —-
1123 3270 1167 3281 -
1177 3271 1221 3282 —
1230 3270 1275 3281 -
1291 3251 1346 3300 eos
1360 3233 1510 3301 reforma

366 3385 410 3396 —-
426 3385 470 3396 -
485 3383 529 3393 -
546 3344 652 3412 eidem
668 3341 829 3410 Nioholao
844 3342 946 3409 bbere
963 3348 995 3410 et
1010 3341 1146 3428 pacilioe
1177 3341 1377 3410 dimisissent
1393 3361 1513 3429 perpe·

364 3461 421 3522 tuo
437 3448 673 3539 possidendas;
699 3449 869 3535 presertim
894 3469 966 3515 eum
992 3448 1065 3535 ipse
1080 3447 1259 3516 Nieholaus
1282 3447 1360 3514 illas
1385 3455 1498 3514 terras

366 3581 439 3627 eum
457 3580 516 3627 sua
531 3559 666 3645 propria
681 3556 823 3642 pecunia
839 3555 1054 3624 remutauerit
1070 3555 1111 3622 de
1131 3555 1246 3622 reliota
1261 3553 1401 3640 prediati
1416 3555 1510 3622 Vita-

364 3668 417 3735 lis.
442 3667 511 3734 Nos
537 3666 638 3751 igitur
664 3665 707 3730 ad
724 3663 923 3751 peticionem
949 3661 1053 3748 ipsius
1076 3662 1225 3747 Forensij
1251 3660 1382 3747 prelato
1397 3661 1454 3748 tt,
1470 3669 1509 3728 ut

365 3775 443 3842 illas
458 3781 563 3842 terras
589 3773 695 3859 possit
712 3773 753 3839 de
769 3778 876 3839 oetero
894 3771 980 3838 siout
996 3770 1151 3857 proprias
1166 3769 1347 3856 possidere,
1374 3789 1508 3854 presen-

364 3890 414 3949 tes
425 3881 647 3949 eonoessimus
657 3879 784 3946 litteras
795 3877 899 3955 nostri
911 3875 1015 3960 sigilli
1031 3875 1401 3958 munimineroboratas,
1418 3895 1507 3944 anno

363 3989 497 4058 Domini
522 3989 569 4057 M⁰
580 3986 645 4054 OC·
655 3987 728 4055 ΧΠ
739 3987 841 4052 v1110.
872 3983 1029 4071 Ohepano
1047 3981 1234 4068 Proposito,
1259 3981 1337 4049 Silue
1362 3982 1508 4048 cantore

363 4095 652 4180 Thomallastode‚
668 4095 795 4162 Mioone
805 4095 949 4176 Deeano,
966 4090 1148 4157 Virnntone
1160 4088 1403 4156 Archidiaoono
1420 4087 1505 4156 Gen·

361 4206 468 4273 rieuse
485 4203 713 4272 existentibus.

691 4344 721 4409 Α
845 4340 872 4406 Β
996 4337 1021 4404 O
1143 4338 1173 4403 D

433 4491 484 4557 (Aa
497 4491 598 4544 eredeti
612 4487 680 4542 utin
689 4487 824 4555 Vdgbelyi
834 4485 931 4544 Deasd,
945 4485 1035 4536 Huzai
1046 4479 1215 4549 Okminytdr
1228 4480 1249 4530 1.
1263 4480 1320 4532 tot
1334 4481 1378 4530 25.
1391 4475 1424 4546 1.)
