3210 5194
841 347 990 444 „Q-

353 543 501 628 dicimus,
528 563 566 610 eo
586 542 759 628 specialior
775 550 807 610 et
823 543 928 608 maior
944 541 1077 609 tristitia
1092 563 1147 609 cor
1164 550 1309 610 nostrum
1325 543 1484 630 implevit,

354 671 418 735 quo
434 652 468 716 in
485 650 556 737 ipso
583 651 722 738 purioris
747 671 827 736 erga
843 653 949 718 Deum
964 658 997 718 et
1013 647 1238 737 Apostolicam
1254 651 1371 720 Sedem
1387 655 1487 739 signa

355 759 537 826 ‹lcvotionis
564 760 758 844 invenimus,
785 781 848 845 quo
865 761 954 826 clare
979 761 1132 826 memorie
1159 762 1385 846 progenitores
1410 768 1486 829 tuos

355 874 387 933 et
403 867 638 935 Excellentiam
662 867 800 952 Regiam
830 868 862 933 in
881 867 1081 950 exequendis
1098 870 1243 936 Ecclesia
1268 871 1486 956 beneplacitis

355 995 427 1041 esse
443 975 588 1042 novimus
607 975 832 1061 promptiores.
850 975 992 1042 Firmam
1017 977 1117 1060 igitur
1140 977 1275 1062 spemin
1291 977 1349 1045 illo
1366 998 1487 1062 ponen-

355 1091 414 1169 tes,
433 1086 488 1167 qui
516 1084 576 1150 etsi
592 1083 674 1166 Regi
691 1085 900 1169 Assyriorum
917 1083 1114 1150 Senacherib
1141 1085 1277 1151 liberum
1303 1089 1336 1152 in
1362 1094 1487 1153 terram

355 1191 491 1259 Israelis
507 1193 690 1276 ingressum
707 1191 862 1274 exhibuit,
890 1212 986 1276 super
1003 1191 1140 1258 Ezechie
1156 1199 1266 1258 tamen
1290 1193 1486 1260 contritione

357 1305 553 1382 commotus,
580 1298 842 1365 adversariorum
871 1297 1109 1364 multitudinem
1136 1307 1230 1366 nocte
1258 1318 1325 1365 una
1352 1299 1484 1384 delevit,

357 1409 573 1474 Serenitatem
597 1415 686 1472 tuam
703 1424 870 1472 monemus
897 1411 929 1470 et
945 1405 1112 1472 hortamur
1128 1412 1260 1488 attente,
1288 1413 1319 1472 et
1334 1407 1486 1474 obsecra-

358 1536 428 1582 mus
455 1516 488 1580 in
505 1513 643 1582 Domino
669 1515 747 1581 Jesu
767 1513 905 1596 Christo,
932 1522 1091 1597 quatenus
1118 1513 1151 1578 in
1167 1533 1205 1580 co
1226 1515 1402 1600 conlidens,
1429 1516 1487 1599 qui

359 1623 484 1689 salvum
501 1622 579 1688 facit
603 1621 759 1707 populum
776 1621 940 1703 humilem,
967 1626 1000 1685 et
1016 1620 1142 1685 oculum
1158 1621 1308 1688 humiliat
1331 1642 1487 1707 arrogan-

358 1739 432 1816 tem,
451 1729 494 1796 ad
511 1728 732 1796 defensionem
749 1727 856 1812 Regni
871 1726 1009 1813 predicti
1026 1733 1058 1794 et
1077 1728 1237 1794 catholice
1253 1728 1337 1811 fidei,
1363 1750 1426 1812 que
1442 1734 1486 1798 ab

359 1838 484 1904 eisdem
504 1836 651 1903 Tartaris
677 1839 865 1922 specialiter
893 1837 1034 1902 noscitur
1059 1838 1250 1920 expugnari,
1276 1842 1425 1923 potenter
1453 1847 1487 1906 et

357 1945 503 2026 viriliter,
530 1945 614 2010 sicut
629 1943 721 2010 decet
737 1945 891 2028 Regalem
915 1943 1181 2026 magnitudinem,
1206 1950 1239 2009 te
1258 1945 1435 2028 accingens
1451 1945 1486 2010 in

356 2054 484 2119 illorum
511 2048 752 2140 expugnatione
777 2069 815 2116 eo
844 2049 1019 2116 studiosior
1042 2056 1074 2116 et
1098 2050 1274 2119 ferventior
1299 2071 1391 2118 cures
1417 2054 1485 2118 exi-

358 2168 452 2243 stere,
478 2158 589 2243 quoin
605 2159 667 2224 hoc
683 2157 913 2226 exaltationem
929 2161 976 2225 tui
1001 2159 1141 2226 nominis
1158 2165 1190 2226 et
1208 2160 1341 2227 honoris
1366 2159 1484 2227 fortius

359 2269 538 2337 dinosceris
554 2286 738 2353 procurare.
759 2267 828 2333 Nos
845 2268 931 2334 enim
946 2267 1005 2334 tibi
1022 2275 1055 2334 et
1064 2269 1176 2352 Regno
1192 2267 1347 2355 predicto,
1368 2267 1487 2353 quibus

358 2377 392 2443 in
408 2383 497 2442 tante
519 2375 725 2442 necessitatis
741 2375 877 2442 articulo
894 2375 1007 2442 deesse
1023 2397 1088 2442 non
1103 2396 1288 2461 possumus,
1313 2396 1374 2441 nec
1389 2374 1486 2442 debe-

360 2504 440 2570 mus,
458 2483 572 2550 efficax
598 2484 783 2549 curabimus
810 2482 966 2550 auxilinm
983 2490 1015 2549 et
1032 2484 1212 2567 consilium,
1239 2491 1400 2549 annuente
1423 2485 1488 2549 Do-

360 2593 457 2676 mino,
474 2592 642 2679 impertiri,
663 2611 887 2679 acpersonam
903 2600 935 2658 et
950 2592 1109 2659 familiam
1129 2599 1202 2659 tuas
1213 2592 1273 2658 sub
1283 2591 1490 2678 protectione

360 2699 454 2766 Sedis
470 2699 659 2786 Apostolice
685 2701 880 2785 recipientes
905 2707 937 2765 et
954 2705 1076 2785 nostra,
1102 2700 1163 2766 tibi
1187 2708 1219 2767 et
1243 2699 1402 2783 omnibus,
1430 2698 1489 2781 qui

360 2813 528 2893 assumpto
553 2806 658 2872 crucis
676 2805 845 2890 signaculo
862 2810 975 2872 contra
990 2805 1147 2872 Tartarus
1172 2805 1302 2872 eosdem
1318 2802 1361 2869 ad
1377 2800 1488 2869 desen-

361 2916 485 2981 sionem
500 2914 605 2999 Regni
630 2913 767 2999 predicti
783 2913 1012 3000 processerint,
1039 2911 1129 2978 illam
1151 2910 1387 2977 immunitatem
1412 2930 1488 2978 con·

360 3023 505 3090 cedimus
531 3042 667 3108 eamque
693 3021 927 3106 indulgentiam
953 3020 1140 3106 elargimur,
1173 3039 1235 3102 que
1258 3026 1343 3086 terre
1368 3021 1489 3086 Sancte

361 3129 621 3198 succurrentibus
638 3131 672 3196 in
694 3129 847 3197 Generah
864 3127 1007 3195 Concilio
1033 3125 1262 3195 conceduntur.
1287 3129 1408 3193 Datum
1425 3127 1487 3192 La-

361 3239 465 3307 terani
482 3239 567 3306 XVI.
585 3237 746 3304 kalendas
762 3235 851 3321 Julii,
872 3232 1098 3321 (Pontificatus
1113 3231 1230 3321 nostri)
1250 3253 1336 3301 anno
1352 3233 1423 3301 XV.

399 3435 527 3500 (Theiner
546 3436 629 3486 idm.
650 3437 670 3487 1.
685 3437 742 3486 ket.
765 3436 823 3485 183.
837 3435 872 3496 l.;
893 3451 918 3483 r.
936 3441 959 3484 b.
980 3431 1058 3498 Fojdr
1073 3431 1136 3483 Cod.
1156 3432 1227 3499 Dipl.
1247 3432 1292 3483 lV.
1308 3433 1363 3484 hot.
1386 3434 1407 3480 l.
1429 3449 1449 3481 r.

871 3525 931 3575 216.
946 3523 974 3590 l.)
