3162 5188
844 875 922 944 195.

313 1063 346 1129 Α
360 1063 487 1128 caecari
499 1059 712 1147 ledptelaanak
727 1058 992 1147 bizenyodpleoete,
1012 1058 1092 1142 kopp
1106 1054 1208 1120 Jakat
1223 1051 1387 1119 Jcinosrrak
1392 1050 1450 1133 fic

336 1171 478 1256 biscopes
484 1164 692 1252 fdldhs'rtolrot
705 1164 825 1250 mje'net
841 1163 977 1229 Ldrtooz
993 1163 1104 1250 Tynda
1110 1161 1227 1246 fidaak
1244 1160 1427 1247 dtenpedett.

831 1272 930 1338 1248.

300 1555 303 1564 .
424 1473 493 1539 Nos
510 1470 696 1557 Capitulum
712 1468 860 1535 Ecclesie
875 1467 988 1535 Sancti
1004 1468 1173 1535 Michaelis
1189 1468 1231 1534 de
1241 1465 1356 1533 Castro
1373 1464 1452 1530 Fer·

317 1603 373 1649 reo
398 1579 546 1648 omnibus
571 1587 682 1646 notum
704 1576 851 1662 facimus,
876 1577 964 1662 quod
981 1577 1140 1662 Georgius
1156 1577 1241 1644 filius
1256 1575 1364 1659 Wota,
1381 1576 1449 1658 Ty·

319 1688 447 1757 buroius
463 1687 549 1754 filius
566 1687 641 1753 Inse
657 1692 688 1752 et
703 1685 786 1752 Paul
801 1685 887 1750 filius
904 1685 1017 1751 Mathe
1033 1683 1077 1750 ad
1092 1692 1237 1752 nostram
1253 1683 1449 1749 accedentes

319 1795 524 1884 presenciam
533 1793 673 1881 professi
688 1800 775 1878 sunt,
793 1791 881 1878 quod
898 1792 1158 1876 consanguineus
1170 1811 1289 1876 eorum,
1302 1790 1451 1859 Jacobus

320 1905 445 1972 scilieet
460 1903 545 1970 filius
555 1903 713 1970 Johannis
730 1910 849 1968 terram
866 1921 958 1970 suam
975 1902 1162 1988 empticiam
1179 1921 1220 1967 er
1235 1908 1332 1986 parte
1347 1899 1452 1966 Endri

321 2010 364 2077 ad
379 2011 486 2095 ipsum
503 2009 689 2076 deuolutam
714 2008 861 2075 dedisset
877 2029 918 2075 ex
934 2029 1044 2077 eorum
1071 2029 1231 2077 consensu
1246 2030 1367 2094 genero
1390 2029 1451 2076 suo

321 2117 502 2185 Laurenoio
529 2117 654 2184 seilicet
668 2117 735 2184 filio
757 2118 895 2203 Tywan,
920 2118 1140 2202 relinquentes
1166 2119 1304 2186 eandem
1329 2125 1452 2184 terram

321 2226 387 2313 ipsi
402 2225 583 2291 Laurencio
609 2223 680 2291 sine
696 2223 959 2293 contradiocione
982 2225 1119 2310 pacifice
1138 2230 1171 2290 et
1193 2233 1352 2314 perpetuo
1378 2246 1453 2293 cum

324 2335 473 2402 omnibus
490 2333 626 2418 editicijs
652 2341 685 2401 et
700 2335 771 2400 loco
786 2334 885 2401 turris
900 2334 1154 2424 possidendam
1171 2337 1298 2403 scilicet
1316 2355 1389 2401 cum
1406 2334 1452 2400 in·

324 2443 406 2527 sula,
422 2441 457 2507 in
472 2461 538 2524 qua
553 2441 658 2509 dictus
674 2440 818 2510 Jacobus
842 2443 957 2511 turrim
972 2440 1154 2528 inchoarat,
1178 2442 1227 2508 ita
1242 2443 1329 2525 quod
1346 2443 1452 2508 eciam

325 2549 507 2618 antedictus
524 2548 686 2635 Georgius
708 2571 745 2617 se
761 2549 921 2633 obligauit
936 2549 980 2616 ad
1004 2549 1246 2617 iustificandam
1264 2556 1297 2617 et
1311 2551 1451 2617 liberan-

324 2657 401 2723 dem
417 2657 553 2724 eandem
569 2664 688 2724 terram
705 2657 748 2723 ab
768 2659 854 2725 omni
870 2657 937 2725 lite.
955 2658 1128 2744 Egreditur
1142 2658 1261 2746 itaque,
1279 2658 1364 2725 sicut
1379 2679 1451 2745 pre·

326 2763 422 2833 dictis
445 2763 525 2832 uiris
541 2765 752 2832 referentibus
778 2763 962 2852 didicimus,
986 2773 1075 2832 terra
1094 2765 1284 2851 supradicta
1308 2766 1352 2833 ab
1366 2785 1453 2851 aqua

325 2875 430 2940 Mirod
455 2893 568 2942 versus
594 2873 761 2941 meridiem
785 2875 846 2948 sub
871 2871 1057 2942 molendino
1071 2873 1230 2960 Fareasij,
1255 2873 1384 2942 habens
1407 2872 1454 2939 ibi

326 2991 444 3051 metam
460 2983 520 3048 sub
535 2981 624 3069 piro;
644 2981 720 3050 inde
735 2980 840 3048 tendit
854 2978 898 3046 ad
915 2981 1193 3066 septemtrionem,
1210 2989 1242 3048 et
1256 2983 1301 3048 ad
1313 2982 1454 3067 longitu·

326 3090 435 3159 dinem
445 3091 540 3158 unius
549 3089 673 3174 ingeris
687 3089 789 3156 habet
803 3088 885 3156 duas
896 3095 1010 3176 metas,
1029 3090 1063 3154 in
1074 3109 1210 3174 quarum
1220 3089 1327 3157 medio
1336 3091 1456 3158 transit

327 3201 383 3266 uia
399 3218 538 3284 magna;
564 3197 643 3263 item
658 3197 784 3264 vadens
810 3197 854 3263 ad
869 3198 1132 3282 septemtrionem
1148 3198 1244 3264 unius
1268 3197 1394 3283 ingeris
1412 3199 1456 3265 ad

327 3307 564 3391 longitudinem
590 3305 681 3372 uenit
696 3306 739 3372 ad
754 3326 909 3392 magnum
933 3307 1060 3391 collem,
1086 3325 1182 3390 quem
1206 3307 1395 3392 relinquens
1412 3307 1458 3374 ad

328 3415 586 3501 septemtriorem
611 3413 750 3481 flectitur
768 3433 882 3482 versus
908 3415 1066 3481 orientem
1090 3413 1124 3480 in
1150 3415 1204 3482 uia
1230 3416 1272 3482 ad
1299 3418 1456 3502 angulum

327 3523 394 3589 luci
409 3523 444 3589 in
459 3523 523 3588 fine
539 3522 617 3589 uille
643 3522 801 3609 incapite
825 3522 934 3590 fontis.
959 3523 1001 3591 Vt
1016 3523 1115 3606 igitur
1136 3523 1197 3590 hec
1220 3525 1357 3592 donacio
1383 3535 1459 3592 rata

329 3627 422 3696 sitin
447 3636 640 3717 perpetuum
662 3650 798 3717 presens
824 3631 981 3715 scriptum
1007 3629 1202 3696 contulimus
1225 3629 1325 3717 sigilli
1354 3633 1459 3700 nostri

327 3733 439 3803 federe
451 3737 691 3804 communitum.
715 3740 819 3806 Paulo
836 3739 994 3804 existente
1011 3747 1122 3805 nostro
1137 3738 1319 3825 Preposito,
1341 3740 1459 3808 Canto·

328 3845 379 3911 ria
394 3845 541 3932 vacante,
558 3843 687 3912 Ombud
701 3846 852 3932 Custode,
870 3845 1033 3931 Eymirico
1049 3847 1194 3913 Decano.
1214 3845 1308 3914 Anno
1325 3849 1460 3915 Domini

328 3953 374 4020 M⁰
384 3952 450 4019 000
460 3955 533 4020 XL⁰
542 3953 642 4021 V1110.

331 4152 470 4218 (Eredetie
483 4169 500 4204 a
512 4153 601 4219 Rumy
614 4149 707 4204 eursu
719 4149 924 4216 lerelttrdbam
937 4149 1070 4203 mtsolata
1080 4165 1096 4202 a
1105 4154 1221 4218 Megyar
1232 4151 1382 4205 Akedemia
1396 4151 1458 4205 ker·

726 4245 790 4294 irati
800 4241 1064 4310 gyujremtnytbon.)

763 4532 1032 4542 Ἣ...-
