3162 5188
630 914 704 983 luo.

79 1093 203 1159 Multos
232 1093 297 1158 Vae
311 1099 473 1182 vdrnccppe
485 1096 718 1184 fdc'apdojdnck
730 1099 914 1166 inte'aleeddee
928 1099 1027 1169 Jakot
1042 1100 1142 1168 Jonoa
1157 1104 1222 1187 fid·

78 1202 143 1268 aulo
158 1202 231 1287 vaje
250 1202 386 1268 detaca
406 1204 552 1270 ocdoadae
567 1217 620 1270 tett
633 1206 891 1294 binokdteayedeb
915 1211 1100 1296 tdrpyciboa.
1127 1211 1225 1282 1248.

193 1400 271 1468 Nos
296 1400 337 1467 N.
363 1399 480 1470 Comes
506 1398 613 1468 Gastri
639 1401 752 1469 Ferrei
777 1410 890 1470 notum
914 1403 1052 1473 iacimus
1076 1406 1225 1474 omnibus

78 1504 291 1597 (presentes)
318 1508 445 1576 litteras
469 1508 675 1596 inspecturis,
703 1508 791 1595 quod
817 1511 980 1597 Georgius
1005 1513 1090 1580 lilius
1116 1515 1224 1601 Wota

78 1616 276 1704 Tyburcins
291 1616 380 1684 tilius
394 1619 479 1703 Inse,
491 1617 706 1687 Olotovfilius
718 1617 844 1704 Gonou,
862 1628 895 1688 et
905 1621 987 1688 Paul
996 1621 1082 1691 filius
1098 1623 1222 1709 Mathe,

78 1726 123 1792 ad
138 1733 297 1792 nostram
312 1725 507 1794 accedentes
522 1726 738 1812 presenciam,
755 1728 970 1795 Laurencium
986 1729 1086 1796 filium
1097 1731 1223 1815 'Pyrron

80 1835 220 1904 bomine
238 1841 351 1901 nostro
367 1840 503 1922 accepto
519 1841 690 1903 traxerunt
705 1835 739 1902 in
756 1855 901 1923 causam,
918 1842 951 1903 et
960 1843 1095 1922 egerunt
1110 1845 1223 1904 contra

80 1945 194 2030 ipsum
213 1943 436 2030 proquodam
463 1951 547 2010 terra
572 1941 705 2011 Obacan
731 1943 870 2031 nomine,
898 1962 997 2030 quam
1021 1946 1222 2014 Laurentius

80 2053 122 2116 ab
138 2051 229 2138 ipsis
257 2072 357 2118 manu
372 2050 518 2119 uiolenta
540 2051 706 2118 retineret.
733 2051 933 2121 Laureneius
949 2073 1027 2120 uero
1042 2053 1222 2142 respondit,

80 2160 171 2244 quod
188 2160 258 2228 sibi
273 2160 296 2227 J
298 2161 417 2228 acobus
433 2159 518 2228 lilius
534 2159 696 2229 lobannis
710 2167 831 2228 terram
851 2181 944 2229 suam
969 2162 1155 2246 empticiam
1180 2181 1221 2229 ex

82 2273 179 2354 parte
195 2268 304 2335 Endri
320 2268 363 2334 ad
378 2268 486 2355 ipsum
501 2267 689 2336 deuolutam
714 2269 861 2337 dedisset
876 2291 918 2336 cx
933 2288 1092 2338 consensu
1109 2290 1221 2338 corum

82 2395 207 2460 genero
230 2396 291 2445 suo
307 2377 487 2445 Laurcncio
504 2383 686 2463 prenotato,
704 2386 737 2445 ct
751 2397 849 2465 super
864 2380 926 2446 boc
943 2377 1078 2446 baberet
1093 2378 1220 2446 litteras

83 2484 235 2572 Capituli
262 2486 375 2553 Sancti
398 2486 569 2554 Michaelis
595 2486 636 2553 de
663 2487 778 2554 Castro
795 2487 926 2554 Ferreo.
943 2485 1086 2554 Predicti
1110 2492 1219 2554 autem

82 2593 238 2660 homines
255 2595 478 2662 contradicere
498 2595 711 2662 intendebant
726 2595 852 2662 litteris.
878 2595 941 2661 Die
957 2603 1066 2661 autem
1087 2592 1214 2662 demon·

84 2702 266 2771 stracionis
291 2705 471 2770 litterarum
498 2703 652 2788 prelibati
678 2704 823 2772 homines
854 2704 972 2772 litteris
997 2701 1220 2772 contradicere

84 2830 148 2876 uon
166 2819 452 2899 presumpserunt,
470 2812 596 2879 scilieet
611 2812 772 2898 dixerunt,
798 2812 886 2896 quod
900 2833 941 2878 cx
957 2830 1119 2879 consensu
1134 2811 1218 2897 ipso-

81 2937 151 2984 rum
167 2927 203 2988 ct
220 2926 434 3004 cognatorum
450 2941 581 2988 suorum
608 2919 752 2990 lacobus
769 2927 890 2988 terram
907 2925 1112 3006 prenotatam
1134 2921 1218 2986 Lau·

84 3028 193 3094 reneio
212 3028 358 3098 dedisset
383 3029 520 3117 pacifice
546 3039 702 3117 perpetuo
723 3029 964 3117 possidendam.
990 3031 1032 3096 Et
1047 3029 1090 3095 ad
1107 3026 1218 3095 contir-

83 3135 269 3203 macionem
286 3143 318 3202 et
343 3136 643 3205 corroboracionem
659 3137 838 3206 litterarum
855 3136 964 3204 Gaetri
980 3135 1100 3219 Ferrci,
1128 3140 1161 3201 ct
1177 3155 1219 3202 cx

84 3261 246 3313 consensu
273 3246 448 3312 eorundem
475 3245 602 3312 litteras
627 3253 759 3313 nostras
783 3245 898 3314 codem
924 3251 1046 3328 tenore,
1073 3244 1158 3310 siout
1182 3243 1217 3309 in

85 3351 203 3420 litteris
222 3353 366 3440 Capituli
382 3354 594 3438 eontinentur,
611 3355 840 3432 concessimus.

337 3552 548 3619 (Korotlrezika
564 3554 624 3606 let.
639 3569 675 3606 ra.
689 3570 713 3608 a.
729 3550 866 3619 okmtny3
880 3555 915 3606 U.
929 3551 965 3618 o.)

513 3843 783 3862 m-—u
