3186 5188
872 258 1023 362 me.

390 461 445 527 nio
462 457 505 525 ud
520 456 678 523 maiorem
694 454 897 523 cuidenciam
913 463 947 524 et
962 457 1134 538 cautelam,
1159 477 1268 526 coram
1284 459 1401 544 quibua
1416 452 1517 526 home

390 573 500 635 noster
515 562 672 648 Magister
687 563 803 630 Petrus
828 563 935 632 dictus
950 565 1068 651 Bylwlr
1084 565 1157 634 aule
1172 567 1276 652 Regia
1296 573 1409 636 nostre
1423 565 1518 633 frumi-

390 674 481 742 liaris
497 670 684 739 conuocatis
709 665 941 740 commetaneis
957 678 990 740 et
1004 673 1122 741 vicinis
1138 674 1304 741 nobilibus
1320 673 1367 741 de
1378 691 1519 760 gerera-

389 783 481 850 eione
499 777 635 846 Chanad
659 778 836 846 secundnm
861 780 1129 848 consuetudinem
1142 783 1247 868 Regni
1272 783 1374 850 nostri
1389 784 1425 850 in
1440 803 1516 869 pos·

388 890 587 960 sessionibus
604 886 740 956 Comitis
755 888 929 976 Pangreeij
949 889 1008 976 filij
1024 891 1222 961 Kelemcnua
1237 893 1320 959 Buni
1335 892 1377 961 de
1394 909 1518 978 genere

390 997 527 1066 Ohanad
542 995 759 1082 hereditarijs,
776 996 955 1086 acquisitis,
971 999 1103 1068 traditis
1119 1006 1151 1067 et
1167 999 1306 1085 donatis,
1331 1007 1438 1068 metas
1456 999 1518 1066 eri·

390 1112 446 1192 gat
461 1123 575 1190 nouas,
601 1103 656 1169 vbi
673 1103 825 1171 deessent
840 1104 984 1191 antique,
1011 1114 1137 1176 veteres
1153 1114 1262 1176 autern
1276 1113 1464 1191 renouaret,
1481 1113 1519 1172 ut

389 1213 528 1280 eundem
543 1211 701 1278 Comitem
712 1211 928 1296 Pcngraeinm
944 1215 1013 1281 eins
1029 1214 1244 1284 commetanei
1260 1222 1294 1284 ct
1308 1215 1408 1284 ricini
1422 1213 1516 1284 nobi-

387 1325 434 1391 les
450 1321 492 1388 de
507 1340 627 1406 genere
643 1339 701 1390 suo
719 1319 838 1405 injure
853 1341 912 1392 suo
929 1341 993 1390 non
1008 1323 1237 1409 inquietarent,
1253 1331 1286 1391 et
1301 1325 1369 1392 suis
1387 1322 1517 1391 beredi-

389 1433 448 1498 bus
458 1429 582 1496 Thone
598 1433 631 1494 et
644 1428 797 1497 Ladinlao
813 1431 950 1516 pacifice
965 1431 1161 1517 possidenda
1171 1439 1387 1519 remanerent,
1403 1433 1434 1500 si
1449 1451 1516 1500 non

387 1541 479 1604 lieret
504 1534 749 1616 contradictum,
776 1534 1033 1606 contradictores
1058 1558 1136 1606 vero
1161 1540 1206 1607 ad
1228 1547 1373 1609 nostram
1397 1541 1517 1606 citaret

290 1653 291 1660 ’
387 1643 589 1730 presenciam
613 1639 656 1707 ad
681 1641 853 1709 terminum
878 1651 1123 1730 competentem.
1151 1644 1213 1724 Qui
1239 1646 1370 1732 quidem
1396 1645 1515 1714 fideles

387 1755 489 1821 nostri
515 1751 701 1838 Capitulum
728 1749 853 1818 scilicet
878 1751 1106 1821 chanadiense
1122 1761 1154 1822 ct
1173 1755 1353 1824 Orodiense
1378 1777 1447 1824 vno
1464 1775 1515 1824 eo·

387 1865 524 1947 demque
539 1869 652 1928 tenore
669 1859 764 1926 nobis
780 1860 1015 1946 rescripserunt
1030 1863 1063 1927 in
1080 1863 1141 1930 hee
1155 1864 1275 1930 rerba:

492 1966 776 2036 Excellentissimc
801 1967 932 2036 domino
948 1989 1006 2036 suc
1021 1969 1102 2034 Bela
1118 1969 1181 2037 stb.
1205 1970 1302 2057 (mint
1316 1971 1416 2038 alrtbb
1440 1971 1512 2038 169.

385 2085 474 2148 azam
489 2073 597 2164 alatt.)

493 2185 563 2252 Nos
578 2182 676 2268 igitur
691 2201 731 2248 ex
746 2182 929 2250 huiuamodi
945 2182 1141 2251 litteratoria
1164 2183 1328 2252 relacione
1344 2184 1511 2273 Capitale·

387 2316 469 2379 rum,
487 2290 726 2360 Chanadiensis
751 2289 879 2356 scilicet
896 2298 928 2357 ct
943 2290 1135 2360 Orodiensis
1160 2299 1248 2361 certo
1269 2295 1387 2362 certius
1411 2293 1512 2362 infer-

386 2402 474 2486 mati,
492 2405 748 2487 prememoratus
759 2397 985 2482 possessiones
996 2417 1075 2465 aurs
1091 2398 1319 2484 hereditarias,
1331 2400 1512 2484 acquisitas

386 2517 418 2578 et
434 2511 574 2577 donatas
590 2525 663 2572 cum
678 2505 827 2572 omnibns
837 2504 1032 2573 utilitatibus
1049 2507 1128 2594 suis,
1143 2506 1286 2592 tributis,
1302 2508 1512 2593 molendinis,

385 2615 529 2705 piscinis,
547 2614 662 2700 syluis,
686 2613 880 2697 nemoribus,
897 2614 1015 2700 pratis,
1039 2614 1174 2701 campis,
1193 2614 1289 2682 terris
1314 2615 1509 2702 arabilibus,

385 2724 501 2794 tenetis
518 2727 551 2789 et
567 2740 680 2788 carum
696 2718 917 2808 pertinencijs,
943 2719 1060 2787 (lcmiti
1076 2721 1259 2805 Pangracio
1279 2723 1345 2791 filio
1361 2722 1511 2790 Keleme-

383 2854 444 2902 nus
460 2832 544 2898 Beni
569 2829 750 2912 degenere
774 2826 910 2893 Chunad
935 2834 969 2893 et
993 2827 1063 2896 eins
1088 2829 1263 2896 heredibus
1287 2828 1511 2916 heredumque

384 2961 515 3010 suorum
539 2935 782 3005 successoribus
805 2935 880 3020 jure
905 2935 1115 3023 hereditario,
1140 2937 1343 3022 possessorio
1368 2957 1409 3003 ac
1436 2959 1509 3025 pro-

382 3046 534 3137 prietario
561 3043 701 3111 attinere
726 3035 978 3128 cognoscentes,
1001 3042 1262 3112 contrudiccione
1286 3045 1510 3128 quorumlibet

381 3161 517 3242 remota,
543 3157 849 3234 commetaneorum,
866 3147 1044 3216 vicinorum
1068 3169 1265 3237 suorumque
1284 3153 1509 3238 proximorum

382 3263 561 3344 degenere
587 3279 656 3340 suo,
682 3256 815 3322 easdem
831 3257 1055 3342 possessiones
1083 3277 1159 3326 suas
1177 3257 1343 3344 predictas
1369 3261 1509 3345 pacifice

381 3377 414 3436 ct
430 3372 586 3454 perpetuo
612 3365 674 3431 sibi
691 3371 723 3429 et
738 3363 806 3430 suis
823 3363 1066 3432 successoribus
1090 3365 1288 3433 authoritate
1304 3367 1410 3451 Regia
1434 3387 1507 3433 sua·

381 3475 478 3540 dente
499 3470 636 3556 justicia
660 3468 881 3537 commisimus
908 3469 1142 3556 possidendas,
1176 3471 1353 3537 seeundum
1378 3482 1508 3540 veteres

383 3587 486 3647 metas
512 3586 545 3645 et
559 3597 675 3666 nouas,
698 3585 795 3664 prout
810 3596 919 3645 coram
943 3585 1051 3648 nostro
1077 3585 1110 3644 et
1124 3579 1260 3648 duorum
1279 3579 1507 3664 Capitalorum

379 3685 567 3754 testimonio
583 3686 617 3751 in
629 3687 722 3751 metis
739 3686 1244 3771 prescriptarumpossessionum
1265 3696 1505 3772 processerunt,

379 3793 569 3862 renouando
595 3794 747 3878 antiquas
773 3799 807 3858 ct
831 3811 934 3859 nouas
960 3793 1127 3877 erigendo,
1154 3792 1209 3859 vbi
1233 3792 1339 3859 dende
1361 3792 1508 3861 inuenic

379 3905 509 3971 bantur.
526 3905 598 3970 Hoc
614 3920 779 3988 expresso,
797 3899 883 3985 quod
900 3900 928 3967 si
939 3899 1054 3968 Comes
1064 3901 1138 3967 Isac
1154 3901 1373 3986 supercincrit
1386 3899 1505 3969 Comiti

377 4011 559 4096 Pangraoio
575 4007 693 4076 herede
711 4007 845 4091 carenti,
861 4013 937 4074 tunc
953 4007 986 4073 in
1003 4027 1114 4074 ornnes
1128 4007 1355 4093 possessiones
1379 4007 1505 4074 heredi·

377 4117 479 4183 turias
494 4115 601 4203 ipsius
627 4135 691 4181 non
709 4113 793 4179 alius
810 4113 863 4179 rel
890 4113 947 4197 alij
964 4111 1005 4179 de
1023 4113 1238 4196 generacionc
1253 4132 1324 4197 sna,
1351 4113 1411 4179 sed
1433 4115 1503 4201 ipse

378 4223 494 4290 Comes
511 4225 583 4290 Isac
598 4223 651 4288 vel
668 4221 719 4287 sui
735 4220 872 4288 heredes
889 4220 1073 4305 suecedent,
1094 4221 1165 4287 iure
1180 4220 1378 4289 hereditario
1399 4222 1502 4311 possi·

377 4332 521 4419 condas,
539 4333 690 4398 similiter
705 4331 906 4414 Pangracius
918 4329 1036 4396 Comes
1053 4330 1126 4415 ipso
1136 4327 1260 4396 Gemite
1271 4331 1345 4396 Isuc
1361 4349 1502 4416 premor-

376 4447 430 4508 tuo
447 4449 479 4507 ct
496 4441 614 4508 herede
630 4447 771 4506 carente.
799 4442 836 4504 In
857 4438 948 4506 cuius
966 4439 1011 4504 rei
1038 4438 1226 4506 memoriam
1252 4437 1502 4522 firmitatemque

375 4555 564 4636 perpetuum
579 4547 742 4635 dupplicis
759 4547 860 4631 sigilli
872 4548 976 4614 nostri
994 4547 1170 4613 munimine
1182 4551 1353 4632 prcscntcs
1365 4543 1500 4612 fecimus
