3226 5194
656 901 734 970 340.

118 1080 143 1144 Ι
149 1079 187 1144 V.
212 1081 289 1146 Belo
315 1083 417 1167 lirra'lp
433 1106 453 1145 n.
469 1083 610 1148 Dobdclra
637 1089 693 1148 adr
718 1085 785 1148 ruth
803 1085 962 1174 jodbdpyc
986 1092 1016 1150 (s
1032 1086 1159 1178 Hytpuk
1182 1089 1263 1153 luisti

115 1186 322 1251 Koztonr’rlra
347 1195 423 1252 nord.
440 1189 567 1252 birtokot
584 1194 736 1276 tdrppczo'
757 1199 979 1278 perappeemyet
994 1193 1110 1281 lapyja
1124 1196 1258 1279 delubro.

624 1297 722 1362 1258.

250 1491 331 1558 Bela
355 1492 415 1559 Dei
442 1493 555 1578 gracia
574 1491 751 1578 Hungarie,
776 1495 954 1580 Dalmacie,
977 1495 1121 1582 Croacie,
1146 1501 1257 1578 Rome,

119 1599 257 1682 Seruio,
274 1599 420 1686 Gallicie,
434 1601 636 1686 Lodonrerie,
648 1599 867 1686 (inmaniaque
880 1607 948 1670 Rex
960 1605 1108 1672 omnibus
1125 1627 1258 1694 presens

119 1708 289 1793 scripturn
305 1707 499 1795 inspecturis
516 1711 656 1776 salutern
672 1709 706 1776 in
724 1729 800 1778 uero
817 1712 961 1780 salutari.
981 1715 1114 1798 Spectat
1130 1715 1173 1781 ad
1189 1715 1257 1782 olli·

121 1817 216 1882 cium
235 1817 336 1899 Regio
353 1818 546 1905 Maiestatis,
562 1837 679 1886 causas
703 1819 849 1904 legitime
864 1823 1055 1889 terminatas
1075 1807 1256 1890 litterarum

122 1923 319 1990 testimonio
336 1925 498 2010 roborare,
525 1945 565 1992 ne
582 1946 736 2012 processu
752 1930 907 2015 temporis
928 1931 1060 1998 valcant
1076 1932 1108 1998 in
1125 1929 1257 1998 dubium
1366 1945 1368 1948 ·

124 2031 293 2097 reuocari.
311 2031 453 2100 Proinde
469 2033 510 2100 ad
529 2033 752 2103 uniuersorum
768 2036 923 2104 noticiam
940 2039 1054 2104 harum
1070 2039 1155 2106 serie
1172 2039 1258 2107 rolu-

126 2161 205 2206 rnus
223 2141 403 2227 peruenire,
429 2141 605 2225 quodcum
625 2144 786 2228 Georgius
811 2143 896 2211 {ilius
921 2143 1085 2232 Maladyn,
1112 2147 1259 2231 ltogdan,

124 2249 316 2333 Pozobuch,
334 2250 508 2318 Parcasius
524 2251 735 2337 proWllina,
755 2253 916 2337 Georgius
931 2255 1016 2322 lilius
1033 2257 1154 2342 chtnp
1171 2257 1258 2323 iola-

127 2358 250 2444 giones
277 2357 382 2425 (lustri
408 2357 449 2426 de
473 2359 633 2442 Dobicha,
666 2367 785 2428 terram
811 2351 1008 2430 Contonicha
1031 2368 1214 2450 repeterent
1240 2385 1260 2428 a

127 2465 347 2552 llytynkcnc,
373 2472 558 2534 asserentes
584 2464 720 2534 candem
744 2467 845 2536 fuisse
861 2468 967 2536 castri
987 2469 1028 2535 de
1045 2471 1203 2555 Dobicha,
1230 2476 1261 2535 et

129 2581 209 2662 post
235 2575 357 2641 obitum
373 2575 472 2660 Regis
490 2573 658 2641 Colomani
675 2575 778 2642 felicis
797 2575 1036 2645 recordacionis
1062 2597 1119 2664 per
1139 2575 1260 2646 dictum

129 2682 269 2768 Hetynk
295 2693 505 2770 occupatam
533 2683 618 2750 idem
643 2685 776 2769 Hetynk
793 2704 833 2751 er
859 2684 998 2753 aduerso
1024 2686 1202 2773 respondit,
1226 2692 1260 2752 rt

128 2792 240 2876 ipsam
256 2797 376 2858 terram
387 2789 585 2860 Coatonicha
600 2792 732 2860 uiuente
748 2792 853 2861 adhuc
863 2795 953 2878 Rege
971 2793 1114 2882 predicto
1126 2793 1259 2883 pacilius

132 2919 238 2984 usque
264 2897 307 2966 ad
333 2899 393 2967 hec
424 2909 571 2985 tempora
595 2900 806 2988 possedisset.
838 2900 993 2968 Volentes
1019 2899 1118 2985 igitur
1149 2901 1259 2969 litibus

131 3008 230 3074 linem
248 3007 421 3096 inponere3
438 3007 603 3094 predictis,
622 3005 763 3093 Georgio
786 2991 956 3093 videlicet,
974 3009 1141 3097 Bogdano,
1162 3009 1259 3078 Pozo-

133 3115 231 3200 buch,
258 3115 413 3184 Farcusio
438 3137 496 3202 pro
512 3115 657 3201 Wllr'ina,
684 3122 715 3182 et
732 3117 874 3200 Georgia
899 3117 1128 3201 iobagionibus
1153 3119 1259 3186 Cast-ri

134 3221 303 3312 prenotati
319 3243 418 3310 super
434 3223 511 3308 ipsa
523 3227 613 3290 terra
629 3221 825 3290 Ooztanicha
849 3244 956 3290 coram
973 3222 1122 3312 capitulo
1139 3225 1259 3310 Zagru-

133 3329 243 3399 biensi
268 3327 529 3398 adiudicauimns
546 3338 802 3416 sacramentnm
829 3329 1025 3400 adueniente
1040 3351 1117 3400 vero
1140 3332 1193 3399 die
1209 3353 1259 3399 sa-

134 3440 294 3508 cramenti
309 3439 478 3507 talisinter
494 3445 605 3525 partes
621 3437 819 3526 composicio
835 3437 1017 3524 interuenit,
1034 3445 1130 3528 prout
1140 3439 1260 3507 dietum

134 3549 323 3638 Capitulum
338 3547 432 3616 nobis
448 3547 482 3615 in
499 3548 567 3615 suis
583 3547 701 3616 litteris
718 3547 889 3635 intimarit,
908 3547 996 3633 quod
1012 3547 1119 3618 dictus
1134 3547 1260 3638 Hytinlr

135 3678 235 3724 rnam
252 3663 378 3743 partem
403 3656 445 3723 de
461 3657 534 3742 ipsa
550 3665 638 3723 terra
654 3655 850 3724 Cortonicha
875 3654 1000 3722 dimisit
1015 3657 1130 3726 Castro
1147 3676 1261 3724 memo·

136 3773 219 3850 rato,
237 3765 333 3833 certis
344 3764 487 3850 rudique
498 3765 594 3831 metis
604 3764 799 3833 distinctam.
811 3765 910 3833 euius
919 3765 1027 3852 prima
1045 3773 1134 3834 meta
1147 3765 1262 3852 inopia

136 3873 178 3942 de
195 3873 293 3942 fluuio
310 3874 359 3941 Vn
376 3871 466 3959 apud
481 3879 775 3960 metamterream3
797 3871 873 3940 inde
889 3892 947 3959 ρετ
962 3873 1124 3959 quandam
1140 3873 1260 3939 vallem

137 3982 286 4070 procedit
300 4002 413 4051 versus
430 3981 737 4071 septemtrionalem,
754 3989 787 4050 et
796 4002 854 4069 per
870 3979 1006 4050 eandem
1017 3979 1135 4049 vallem
1150 3999 1260 4048 ascen-

18 4097 20 4102 “
139 4093 187 4159 dit
203 4089 246 4159 ad
262 4091 470 4159 monticulum
487 4089 530 4157 ad
547 4095 666 4157 metam
676 4097 834 4175 terream;
853 4088 928 4156 inde
943 4087 1111 4156 descendit
1127 4107 1185 4176 per
1199 4108 1261 4157 me·

140 4209 192 4270 tas
216 4199 260 4267 ad
285 4198 418 4267 fluuium
440 4197 731 4287 lentrebnichiclra,
757 4217 814 4283 per
839 4216 934 4284 quem
959 4185 1103 4263 venitin
1127 4195 1261 4266 fluuium

140 4309 248 4397 Trtja,
275 4315 308 4376 et
321 4328 381 4394 ρετ
396 4305 529 4375 fluuium
545 4307 643 4373 'lotia
658 4305 747 4372 venit
761 4303 796 4371 in
810 4301 943 4371 fluuium
959 4297 1110 4388 Poloalra,
1134 4321 1192 4392 per
1206 4303 1261 4374 du·

141 4422 229 4487 nium
255 4412 400 4485 Poloaka
425 4436 528 4502 usqrre
553 4415 596 4482 ad
620 4421 740 4482 terram
765 4413 913 4498 Abbatis,
940 4412 994 4481 vbi
1010 4420 1098 4479 terra
1119 4412 1261 4482 (lantria

140 4535 229 4595 terra
241 4525 437 4612 Hytinconis
462 4533 643 4612 separatur.
669 4521 738 4589 Nos
762 4522 863 4606 igitur
888 4519 1130 4590 ordinacionem
1154 4521 1261 4610 ipsam

141 4644 247 4706 ratam
263 4635 432 4720 habentes,
451 4655 490 4700 ne
506 4633 593 4702 idem
610 4631 752 4720 Hytinco
768 4632 821 4699 nel
837 4631 940 4717 ipsius
955 4629 1092 4699 heredes
1107 4631 1141 4698 in
1156 4640 1262 4719 poste·

1042 4751 1100 4808 31*
