<?xml version="1.0" encoding="UTF-8"?>
<!DOCTYPE html PUBLIC "-//W3C//DTD XHTML 1.0 Transitional//EN"
    "http://www.w3.org/TR/xhtml1/DTD/xhtml1-transitional.dtd">
<html xmlns="http://www.w3.org/1999/xhtml" xml:lang="en" lang="en">
 <head>
  <title>
</title>
<meta http-equiv="Content-Type" content="text/html;charset=utf-8" />
  <meta name='ocr-system' content='tesseract 3.04.00' />
  <meta name='ocr-capabilities' content='ocr_page ocr_carea ocr_par ocr_line ocrx_word'/>
</head>
<body>
  <div class='ocr_page' id='page_1' title='image "./codexdiplomatic18wenzgoog_0187.png"; bbox 0 0 3210 5194; ppageno 0'>
   <div class='ocr_carea' id='block_1_1' title="bbox 603 370 755 473">
    <p class='ocr_par' dir='ltr' id='par_1_1' title="bbox 603 370 755 473">
     <span class='ocr_line' id='line_1_1' title="bbox 603 370 755 473; baseline 0.02 -3"><span class='ocrx_word' id='word_1_1' title='bbox 603 370 755 473; x_wconf 50' lang='lat' dir='ltr'><strong>..-ab</strong></span> 
     </span>
    </p>
   </div>
   <div class='ocr_carea' id='block_1_2' title="bbox 103 565 1242 2160">
    <p class='ocr_par' dir='ltr' id='par_1_2' title="bbox 103 565 1242 2160">
     <span class='ocr_line' id='line_1_2' title="bbox 105 565 1240 655; baseline 0.004 -23"><span class='ocrx_word' id='word_1_2' title='bbox 105 586 199 633; x_wconf 91' lang='lat' dir='ltr'><strong>nunc</strong></span> <span class='ocrx_word' id='word_1_3' title='bbox 209 573 243 632; x_wconf 90' lang='lat' dir='ltr'><strong>et</strong></span> <span class='ocrx_word' id='word_1_4' title='bbox 259 566 369 651; x_wconf 88' lang='lat' dir='ltr'><strong>quoad</strong></span> <span class='ocrx_word' id='word_1_5' title='bbox 378 565 499 632; x_wconf 83' lang='lat' dir='ltr'><strong>uixerit</strong></span> <span class='ocrx_word' id='word_1_6' title='bbox 514 566 548 632; x_wconf 91' lang='lat' dir='ltr'><strong>in</strong></span> <span class='ocrx_word' id='word_1_7' title='bbox 559 584 694 652; x_wconf 85' lang='lat' dir='ltr'><strong>corpore</strong></span> <span class='ocrx_word' id='word_1_8' title='bbox 710 587 769 634; x_wconf 90' lang='lat' dir='ltr'><strong>suc</strong></span> <span class='ocrx_word' id='word_1_9' title='bbox 780 575 898 652; x_wconf 89' lang='lat' dir='ltr'><strong>portat.</strong></span> <span class='ocrx_word' id='word_1_10' title='bbox 916 568 1109 654; x_wconf 84' lang='lat' dir='ltr'><strong>Specialiter</strong></span> <span class='ocrx_word' id='word_1_11' title='bbox 1120 575 1240 655; x_wconf 90' lang='lat' dir='ltr'><strong>autem,</strong></span> 
     </span>
     <span class='ocr_line' id='line_1_3' title="bbox 106 672 1242 760; baseline 0.003 -19"><span class='ocrx_word' id='word_1_12' title='bbox 106 694 183 741; x_wconf 88' lang='lat' dir='ltr'><strong>cnm</strong></span> <span class='ocrx_word' id='word_1_13' title='bbox 198 673 235 739; x_wconf 88' lang='lat' dir='ltr'><strong>in</strong></span> <span class='ocrx_word' id='word_1_14' title='bbox 253 673 367 760; x_wconf 89' lang='lat' dir='ltr'><strong>prelio,</strong></span> <span class='ocrx_word' id='word_1_15' title='bbox 385 672 474 757; x_wconf 86' lang='lat' dir='ltr'><strong>quod</strong></span> <span class='ocrx_word' id='word_1_16' title='bbox 489 672 604 739; x_wconf 88' lang='lat' dir='ltr'><strong>habuit</strong></span> <span class='ocrx_word' id='word_1_17' title='bbox 620 673 708 740; x_wconf 81' lang='lat' dir='ltr'><strong>circa</strong></span> <span class='ocrx_word' id='word_1_18' title='bbox 722 681 835 760; x_wconf 84' lang='lat' dir='ltr'><strong>partes</strong></span> <span class='ocrx_word' id='word_1_19' title='bbox 852 675 1044 759; x_wconf 80' lang='lat' dir='ltr'><strong>maritimas,</strong></span> <span class='ocrx_word' id='word_1_20' title='bbox 1070 675 1242 744; x_wconf 88' lang='lat' dir='ltr'><strong>traiectum</strong></span> 
     </span>
     <span class='ocr_line' id='line_1_4' title="bbox 104 780 1241 873; baseline 0.004 -25"><span class='ocrx_word' id='word_1_21' title='bbox 104 781 208 848; x_wconf 81' lang='lat' dir='ltr'><strong>fuerit</strong></span> <span class='ocrx_word' id='word_1_22' title='bbox 232 787 345 867; x_wconf 88' lang='lat' dir='ltr'><strong>guttur</strong></span> <span class='ocrx_word' id='word_1_23' title='bbox 371 781 442 848; x_wconf 88' lang='lat' dir='ltr'><strong>eins</strong></span> <span class='ocrx_word' id='word_1_24' title='bbox 471 780 586 868; x_wconf 92' lang='lat' dir='ltr'><strong>inpetu</strong></span> <span class='ocrx_word' id='word_1_25' title='bbox 611 781 709 848; x_wconf 85' lang='lat' dir='ltr'><strong>iaculi</strong></span> <span class='ocrx_word' id='word_1_26' title='bbox 734 782 911 870; x_wconf 86' lang='lat' dir='ltr'><strong>balistalis,</strong></span> <span class='ocrx_word' id='word_1_27' title='bbox 940 785 1070 868; x_wconf 83' lang='lat' dir='ltr'><strong>signum</strong></span> <span class='ocrx_word' id='word_1_28' title='bbox 1097 783 1241 873; x_wconf 90' lang='lat' dir='ltr'><strong>euidens,</strong></span> 
     </span>
     <span class='ocr_line' id='line_1_5' title="bbox 105 888 1242 978; baseline 0.002 -21"><span class='ocrx_word' id='word_1_29' title='bbox 105 889 264 975; x_wconf 87' lang='lat' dir='ltr'><strong>quodibi</strong></span> <span class='ocrx_word' id='word_1_30' title='bbox 280 891 383 956; x_wconf 86' lang='lat' dir='ltr'><strong>latere</strong></span> <span class='ocrx_word' id='word_1_31' title='bbox 399 909 462 956; x_wconf 93' lang='lat' dir='ltr'><strong>non</strong></span> <span class='ocrx_word' id='word_1_32' title='bbox 480 896 598 975; x_wconf 86' lang='lat' dir='ltr'><strong>potest,</strong></span> <span class='ocrx_word' id='word_1_33' title='bbox 616 888 786 958; x_wconf 88' lang='lat' dir='ltr'><strong>euidenter</strong></span> <span class='ocrx_word' id='word_1_34' title='bbox 800 889 949 978; x_wconf 87' lang='lat' dir='ltr'><strong>predicat</strong></span> <span class='ocrx_word' id='word_1_35' title='bbox 965 893 1117 978; x_wconf 88' lang='lat' dir='ltr'><strong>preconio</strong></span> <span class='ocrx_word' id='word_1_36' title='bbox 1134 893 1242 961; x_wconf 87' lang='lat' dir='ltr'><strong>laudis</strong></span> 
     </span>
     <span class='ocr_line' id='line_1_6' title="bbox 106 997 1242 1087; baseline 0.002 -22"><span class='ocrx_word' id='word_1_37' title='bbox 106 1001 190 1068; x_wconf 87' lang='lat' dir='ltr'><strong>eins.</strong></span> <span class='ocrx_word' id='word_1_38' title='bbox 208 999 250 1065; x_wconf 92' lang='lat' dir='ltr'><strong>In</strong></span> <span class='ocrx_word' id='word_1_39' title='bbox 267 999 458 1065; x_wconf 82' lang='lat' dir='ltr'><strong>memoriam</strong></span> <span class='ocrx_word' id='word_1_40' title='bbox 475 1005 585 1081; x_wconf 87' lang='lat' dir='ltr'><strong>ltaque</strong></span> <span class='ocrx_word' id='word_1_41' title='bbox 601 997 832 1084; x_wconf 72' lang='lat' dir='ltr'><strong>multiplicium</strong></span> <span class='ocrx_word' id='word_1_42' title='bbox 850 1001 1061 1068; x_wconf 88' lang='lat' dir='ltr'><strong>seruiciorum</strong></span> <span class='ocrx_word' id='word_1_43' title='bbox 1081 1003 1160 1087; x_wconf 89' lang='lat' dir='ltr'><strong>eius,</strong></span> <span class='ocrx_word' id='word_1_44' title='bbox 1177 1021 1242 1070; x_wconf 93' lang='lat' dir='ltr'><strong>non</strong></span> 
     </span>
     <span class='ocr_line' id='line_1_7' title="bbox 107 1106 1242 1193; baseline 0.002 -19"><span class='ocrx_word' id='word_1_45' title='bbox 107 1117 220 1174; x_wconf 83' lang='lat' dir='ltr'><strong>tamen</strong></span> <span class='ocrx_word' id='word_1_46' title='bbox 248 1106 282 1172; x_wconf 92' lang='lat' dir='ltr'><strong>in</strong></span> <span class='ocrx_word' id='word_1_47' title='bbox 302 1107 434 1193; x_wconf 80' lang='lat' dir='ltr'><strong>plenam</strong></span> <span class='ocrx_word' id='word_1_48' title='bbox 460 1107 809 1192; x_wconf 76' lang='lat' dir='ltr'><strong>recompensacionem,</strong></span> <span class='ocrx_word' id='word_1_49' title='bbox 836 1128 908 1174; x_wconf 89' lang='lat' dir='ltr'><strong>cum</strong></span> <span class='ocrx_word' id='word_1_50' title='bbox 934 1107 1031 1192; x_wconf 85' lang='lat' dir='ltr'><strong>longe</strong></span> <span class='ocrx_word' id='word_1_51' title='bbox 1056 1109 1163 1176; x_wconf 89' lang='lat' dir='ltr'><strong>minus</strong></span> <span class='ocrx_word' id='word_1_52' title='bbox 1189 1110 1242 1190; x_wconf 89' lang='lat' dir='ltr'><strong>sit,</strong></span> 
     </span>
     <span class='ocr_line' id='line_1_8' title="bbox 106 1212 1241 1302; baseline 0.002 -22"><span class='ocrx_word' id='word_1_53' title='bbox 106 1214 200 1298; x_wconf 83' lang='lat' dir='ltr'><strong>qnod</strong></span> <span class='ocrx_word' id='word_1_54' title='bbox 216 1213 247 1278; x_wconf 92' lang='lat' dir='ltr'><strong>ei</strong></span> <span class='ocrx_word' id='word_1_55' title='bbox 273 1212 441 1280; x_wconf 82' lang='lat' dir='ltr'><strong>offerimus</strong></span> <span class='ocrx_word' id='word_1_56' title='bbox 457 1213 491 1279; x_wconf 92' lang='lat' dir='ltr'><strong>in</strong></span> <span class='ocrx_word' id='word_1_57' title='bbox 507 1213 664 1298; x_wconf 82' lang='lat' dir='ltr'><strong>presenti,</strong></span> <span class='ocrx_word' id='word_1_58' title='bbox 690 1232 789 1297; x_wconf 85' lang='lat' dir='ltr'><strong>quam</strong></span> <span class='ocrx_word' id='word_1_59' title='bbox 806 1213 894 1299; x_wconf 88' lang='lat' dir='ltr'><strong>qnod</strong></span> <span class='ocrx_word' id='word_1_60' title='bbox 916 1216 1016 1282; x_wconf 91' lang='lat' dir='ltr'><strong>abeo</strong></span> <span class='ocrx_word' id='word_1_61' title='bbox 1040 1217 1241 1302; x_wconf 77' lang='lat' dir='ltr'><strong>suscepimus</strong></span> 
     </span>
     <span class='ocr_line' id='line_1_9' title="bbox 105 1319 1239 1392; baseline 0.005 -7"><span class='ocrx_word' id='word_1_62' title='bbox 105 1319 285 1387; x_wconf 84' lang='lat' dir='ltr'><strong>indecidue</strong></span> <span class='ocrx_word' id='word_1_63' title='bbox 312 1319 503 1388; x_wconf 86' lang='lat' dir='ltr'><strong>tiddelitatis</strong></span> <span class='ocrx_word' id='word_1_64' title='bbox 520 1339 559 1386; x_wconf 88' lang='lat' dir='ltr'><strong>ac</strong></span> <span class='ocrx_word' id='word_1_65' title='bbox 576 1321 790 1388; x_wconf 90' lang='lat' dir='ltr'><strong>eminencinm</strong></span> <span class='ocrx_word' id='word_1_66' title='bbox 806 1322 1015 1390; x_wconf 85' lang='lat' dir='ltr'><strong>seruioiorum</strong></span> <span class='ocrx_word' id='word_1_67' title='bbox 1042 1325 1159 1392; x_wconf 85' lang='lat' dir='ltr'><strong>merita</strong></span> <span class='ocrx_word' id='word_1_68' title='bbox 1178 1325 1239 1391; x_wconf 80' lang='lat' dir='ltr'><strong>fre</strong></span> 
     </span>
     <span class='ocr_line' id='line_1_10' title="bbox 105 1427 1241 1516; baseline 0.004 -21"><span class='ocrx_word' id='word_1_69' title='bbox 105 1436 281 1514; x_wconf 82' lang='lat' dir='ltr'><strong>quentata,</strong></span> <span class='ocrx_word' id='word_1_70' title='bbox 297 1427 460 1510; x_wconf 86' lang='lat' dir='ltr'><strong>quasdam</strong></span> <span class='ocrx_word' id='word_1_71' title='bbox 477 1428 704 1515; x_wconf 89' lang='lat' dir='ltr'><strong>possessiones</strong></span> <span class='ocrx_word' id='word_1_72' title='bbox 721 1429 847 1514; x_wconf 87' lang='lat' dir='ltr'><strong>Dcstyn</strong></span> <span class='ocrx_word' id='word_1_73' title='bbox 865 1431 935 1498; x_wconf 93' lang='lat' dir='ltr'><strong>sine</strong></span> <span class='ocrx_word' id='word_1_74' title='bbox 950 1429 1069 1498; x_wconf 87' lang='lat' dir='ltr'><strong>herede</strong></span> <span class='ocrx_word' id='word_1_75' title='bbox 1086 1431 1241 1516; x_wconf 78' lang='lat' dir='ltr'><strong>defuncti,</strong></span> 
     </span>
     <span class='ocr_line' id='line_1_11' title="bbox 103 1538 1240 1626; baseline 0 -20"><span class='ocrx_word' id='word_1_76' title='bbox 103 1538 286 1624; x_wconf 77' lang='lat' dir='ltr'><strong>empticius</strong></span> <span class='ocrx_word' id='word_1_77' title='bbox 312 1546 345 1604; x_wconf 89' lang='lat' dir='ltr'><strong>et</strong></span> <span class='ocrx_word' id='word_1_78' title='bbox 360 1538 447 1606; x_wconf 90' lang='lat' dir='ltr'><strong>insto</strong></span> <span class='ocrx_word' id='word_1_79' title='bbox 465 1538 530 1606; x_wconf 90' lang='lat' dir='ltr'><strong>alio</strong></span> <span class='ocrx_word' id='word_1_80' title='bbox 547 1539 642 1606; x_wconf 89' lang='lat' dir='ltr'><strong>titulo</strong></span> <span class='ocrx_word' id='word_1_81' title='bbox 659 1539 847 1622; x_wconf 85' lang='lat' dir='ltr'><strong>acquisitas,</strong></span> <span class='ocrx_word' id='word_1_82' title='bbox 873 1558 936 1621; x_wconf 89' lang='lat' dir='ltr'><strong>que</strong></span> <span class='ocrx_word' id='word_1_83' title='bbox 953 1541 1130 1606; x_wconf 90' lang='lat' dir='ltr'><strong>secundum</strong></span> <span class='ocrx_word' id='word_1_84' title='bbox 1147 1561 1240 1626; x_wconf 89' lang='lat' dir='ltr'><strong>apro·</strong></span> 
     </span>
     <span class='ocr_line' id='line_1_12' title="bbox 106 1631 1242 1728; baseline 0.002 -14"><span class='ocrx_word' id='word_1_85' title='bbox 106 1649 224 1714; x_wconf 86' lang='lat' dir='ltr'><strong>batam</strong></span> <span class='ocrx_word' id='word_1_86' title='bbox 239 1645 347 1728; x_wconf 80' lang='lat' dir='ltr'><strong>Regni</strong></span> <span class='ocrx_word' id='word_1_87' title='bbox 362 1645 464 1713; x_wconf 86' lang='lat' dir='ltr'><strong>nostri</strong></span> <span class='ocrx_word' id='word_1_88' title='bbox 482 1631 749 1713; x_wconf 76' lang='lat' dir='ltr'><strong>consuetudinem</strong></span> <span class='ocrx_word' id='word_1_89' title='bbox 767 1645 810 1712; x_wconf 85' lang='lat' dir='ltr'><strong>ad</strong></span> <span class='ocrx_word' id='word_1_90' title='bbox 826 1665 942 1712; x_wconf 85' lang='lat' dir='ltr'><strong>manus</strong></span> <span class='ocrx_word' id='word_1_91' title='bbox 965 1655 1096 1713; x_wconf 87' lang='lat' dir='ltr'><strong>nostras</strong></span> <span class='ocrx_word' id='word_1_92' title='bbox 1112 1647 1242 1716; x_wconf 84' lang='lat' dir='ltr'><strong>fuerant</strong></span> 
     </span>
     <span class='ocr_line' id='line_1_13' title="bbox 108 1751 1240 1839; baseline 0.001 -19"><span class='ocrx_word' id='word_1_93' title='bbox 108 1753 278 1836; x_wconf 87' lang='lat' dir='ltr'><strong>deuolute,</strong></span> <span class='ocrx_word' id='word_1_94' title='bbox 305 1751 457 1818; x_wconf 83' lang='lat' dir='ltr'><strong>videlicet</strong></span> <span class='ocrx_word' id='word_1_95' title='bbox 480 1753 615 1819; x_wconf 84' lang='lat' dir='ltr'><strong>Vrboua</strong></span> <span class='ocrx_word' id='word_1_96' title='bbox 641 1754 673 1820; x_wconf 94' lang='lat' dir='ltr'><strong>iu</strong></span> <span class='ocrx_word' id='word_1_97' title='bbox 688 1755 895 1839; x_wconf 82' lang='lat' dir='ltr'><strong>Symigiensi,</strong></span> <span class='ocrx_word' id='word_1_98' title='bbox 924 1762 956 1820; x_wconf 89' lang='lat' dir='ltr'><strong>et</strong></span> <span class='ocrx_word' id='word_1_99' title='bbox 978 1755 1098 1820; x_wconf 92' lang='lat' dir='ltr'><strong>Horost</strong></span> <span class='ocrx_word' id='word_1_100' title='bbox 1122 1753 1156 1820; x_wconf 92' lang='lat' dir='ltr'><strong>in</strong></span> <span class='ocrx_word' id='word_1_101' title='bbox 1173 1753 1240 1822; x_wconf 84' lang='lat' dir='ltr'><strong>Cri-</strong></span> 
     </span>
     <span class='ocr_line' id='line_1_14' title="bbox 108 1857 1242 1947; baseline -0.001 -20"><span class='ocrx_word' id='word_1_102' title='bbox 108 1860 213 1927; x_wconf 87' lang='lat' dir='ltr'><strong>siensi</strong></span> <span class='ocrx_word' id='word_1_103' title='bbox 229 1857 445 1924; x_wconf 69' lang='lat' dir='ltr'><strong>eomitatibus</strong></span> <span class='ocrx_word' id='word_1_104' title='bbox 471 1859 658 1938; x_wconf 84' lang='lat' dir='ltr'><strong>existentes,</strong></span> <span class='ocrx_word' id='word_1_105' title='bbox 686 1865 781 1945; x_wconf 93' lang='lat' dir='ltr'><strong>prout</strong></span> <span class='ocrx_word' id='word_1_106' title='bbox 796 1859 839 1926; x_wconf 89' lang='lat' dir='ltr'><strong>ad</strong></span> <span class='ocrx_word' id='word_1_107' title='bbox 856 1861 961 1946; x_wconf 91' lang='lat' dir='ltr'><strong>ipsum</strong></span> <span class='ocrx_word' id='word_1_108' title='bbox 977 1860 1148 1926; x_wconf 89' lang='lat' dir='ltr'><strong>Destinum</strong></span> <span class='ocrx_word' id='word_1_109' title='bbox 1173 1881 1242 1947; x_wconf 92' lang='lat' dir='ltr'><strong>per-</strong></span> 
     </span>
     <span class='ocr_line' id='line_1_15' title="bbox 107 1965 1240 2052; baseline 0 -18"><span class='ocrx_word' id='word_1_110' title='bbox 107 1969 275 2048; x_wconf 85' lang='lat' dir='ltr'><strong>tinebant,</strong></span> <span class='ocrx_word' id='word_1_111' title='bbox 301 1965 509 2050; x_wconf 88' lang='lat' dir='ltr'><strong>bereditarijs</strong></span> <span class='ocrx_word' id='word_1_112' title='bbox 525 1973 635 2031; x_wconf 86' lang='lat' dir='ltr'><strong>tamen</strong></span> <span class='ocrx_word' id='word_1_113' title='bbox 661 1966 922 2051; x_wconf 87' lang='lat' dir='ltr'><strong>possessionibus</strong></span> <span class='ocrx_word' id='word_1_114' title='bbox 938 1967 1082 2033; x_wconf 87' lang='lat' dir='ltr'><strong>eiusdem</strong></span> <span class='ocrx_word' id='word_1_115' title='bbox 1098 1967 1240 2052; x_wconf 88' lang='lat' dir='ltr'><strong>Destyni</strong></span> 
     </span>
     <span class='ocr_line' id='line_1_16' title="bbox 109 2071 1241 2160; baseline -0.001 -18"><span class='ocrx_word' id='word_1_116' title='bbox 109 2074 264 2160; x_wconf 86' lang='lat' dir='ltr'><strong>cognatis</strong></span> <span class='ocrx_word' id='word_1_117' title='bbox 280 2073 348 2138; x_wconf 88' lang='lat' dir='ltr'><strong>suis</strong></span> <span class='ocrx_word' id='word_1_118' title='bbox 364 2072 506 2157; x_wconf 72' lang='lat' dir='ltr'><strong>relictis,</strong></span> <span class='ocrx_word' id='word_1_119' title='bbox 525 2080 558 2138; x_wconf 92' lang='lat' dir='ltr'><strong>et</strong></span> <span class='ocrx_word' id='word_1_120' title='bbox 573 2071 740 2155; x_wconf 82' lang='lat' dir='ltr'><strong>quandam</strong></span> <span class='ocrx_word' id='word_1_121' title='bbox 757 2075 892 2142; x_wconf 86' lang='lat' dir='ltr'><strong>terciam</strong></span> <span class='ocrx_word' id='word_1_122' title='bbox 908 2074 1150 2159; x_wconf 89' lang='lat' dir='ltr'><strong>possessionem</strong></span> <span class='ocrx_word' id='word_1_123' title='bbox 1162 2074 1241 2141; x_wconf 81' lang='lat' dir='ltr'><strong>cne-</strong></span> 
     </span>
    </p>
   </div>
   <div class='ocr_carea' id='block_1_3' title="bbox 6 2179 1240 2267">
    <p class='ocr_par' dir='ltr' id='par_1_3' title="bbox 6 2179 1240 2267">
     <span class='ocr_line' id='line_1_17' title="bbox 6 2179 1240 2267; baseline 0.002 -21"><span class='ocrx_word' id='word_1_124' title='bbox 6 2239 7 2246; x_wconf 74' lang='grc'>,</span> <span class='ocrx_word' id='word_1_125' title='bbox 108 2181 301 2249; x_wconf 88' lang='lat' dir='ltr'><strong>recaburda</strong></span> <span class='ocrx_word' id='word_1_126' title='bbox 319 2179 450 2247; x_wconf 89' lang='lat' dir='ltr'><strong>nomine</strong></span> <span class='ocrx_word' id='word_1_127' title='bbox 465 2181 499 2246; x_wconf 92' lang='lat' dir='ltr'><strong>in</strong></span> <span class='ocrx_word' id='word_1_128' title='bbox 516 2179 680 2248; x_wconf 80' lang='lat' dir='ltr'><strong>Comitatu</strong></span> <span class='ocrx_word' id='word_1_129' title='bbox 698 2182 852 2249; x_wconf 86' lang='lat' dir='ltr'><strong>Crisiensi</strong></span> <span class='ocrx_word' id='word_1_130' title='bbox 872 2182 1074 2267; x_wconf 82' lang='lat' dir='ltr'><strong>existentem,</strong></span> <span class='ocrx_word' id='word_1_131' title='bbox 1101 2201 1163 2266; x_wconf 89' lang='lat' dir='ltr'><strong>que</strong></span> <span class='ocrx_word' id='word_1_132' title='bbox 1180 2181 1240 2248; x_wconf 84' lang='lat' dir='ltr'><strong>init</strong></span> 
     </span>
    </p>
   </div>
   <div class='ocr_carea' id='block_1_4' title="bbox 108 2287 1243 2804">
    <p class='ocr_par' dir='ltr' id='par_1_4' title="bbox 108 2287 1243 2804">
     <span class='ocr_line' id='line_1_18' title="bbox 108 2287 1240 2374; baseline 0.003 -20"><span class='ocrx_word' id='word_1_133' title='bbox 108 2290 197 2355; x_wconf 85' lang='lat' dir='ltr'><strong>Pctk</strong></span> <span class='ocrx_word' id='word_1_134' title='bbox 213 2287 303 2356; x_wconf 89' lang='lat' dir='ltr'><strong>calui</strong></span> <span class='ocrx_word' id='word_1_135' title='bbox 318 2287 501 2370; x_wconf 72' lang='lat' dir='ltr'><strong>liriniensis,</strong></span> <span class='ocrx_word' id='word_1_136' title='bbox 519 2288 638 2374; x_wconf 88' lang='lat' dir='ltr'><strong>etipse</strong></span> <span class='ocrx_word' id='word_1_137' title='bbox 654 2289 782 2356; x_wconf 88' lang='lat' dir='ltr'><strong>sublato</strong></span> <span class='ocrx_word' id='word_1_138' title='bbox 799 2288 840 2355; x_wconf 90' lang='lat' dir='ltr'><strong>dc</strong></span> <span class='ocrx_word' id='word_1_139' title='bbox 857 2290 972 2373; x_wconf 90' lang='lat' dir='ltr'><strong>modio,</strong></span> <span class='ocrx_word' id='word_1_140' title='bbox 995 2289 1113 2355; x_wconf 89' lang='lat' dir='ltr'><strong>cumei</strong></span> <span class='ocrx_word' id='word_1_141' title='bbox 1130 2289 1240 2357; x_wconf 87' lang='lat' dir='ltr'><strong>nullus</strong></span> 
     </span>
     <span class='ocr_line' id='line_1_19' title="bbox 109 2395 1242 2482; baseline 0 -20"><span class='ocrx_word' id='word_1_142' title='bbox 109 2415 285 2463; x_wconf 89' lang='lat' dir='ltr'><strong>successor</strong></span> <span class='ocrx_word' id='word_1_143' title='bbox 301 2395 465 2478; x_wconf 87' lang='lat' dir='ltr'><strong>legitimus</strong></span> <span class='ocrx_word' id='word_1_144' title='bbox 482 2396 705 2479; x_wconf 88' lang='lat' dir='ltr'><strong>remansisset,</strong></span> <span class='ocrx_word' id='word_1_145' title='bbox 722 2397 766 2462; x_wconf 84' lang='lat' dir='ltr'><strong>ad</strong></span> <span class='ocrx_word' id='word_1_146' title='bbox 783 2416 897 2463; x_wconf 87' lang='lat' dir='ltr'><strong>manus</strong></span> <span class='ocrx_word' id='word_1_147' title='bbox 913 2403 1041 2464; x_wconf 86' lang='lat' dir='ltr'><strong>nostras</strong></span> <span class='ocrx_word' id='word_1_148' title='bbox 1062 2396 1155 2463; x_wconf 84' lang='lat' dir='ltr'><strong>iuxta</strong></span> <span class='ocrx_word' id='word_1_149' title='bbox 1170 2416 1242 2482; x_wconf 89' lang='lat' dir='ltr'><strong>pre·</strong></span> 
     </span>
     <span class='ocr_line' id='line_1_20' title="bbox 109 2501 1240 2589; baseline -0.002 -19"><span class='ocrx_word' id='word_1_150' title='bbox 109 2511 236 2570; x_wconf 86' lang='lat' dir='ltr'><strong>tactam</strong></span> <span class='ocrx_word' id='word_1_151' title='bbox 262 2501 531 2570; x_wconf 87' lang='lat' dir='ltr'><strong>consuetudinem</strong></span> <span class='ocrx_word' id='word_1_152' title='bbox 554 2502 663 2569; x_wconf 86' lang='lat' dir='ltr'><strong>iuerat</strong></span> <span class='ocrx_word' id='word_1_153' title='bbox 687 2502 849 2580; x_wconf 80' lang='lat' dir='ltr'><strong>deuolute,</strong></span> <span class='ocrx_word' id='word_1_154' title='bbox 883 2523 1074 2589; x_wconf 87' lang='lat' dir='ltr'><strong>quocunque</strong></span> <span class='ocrx_word' id='word_1_155' title='bbox 1099 2503 1240 2586; x_wconf 90' lang='lat' dir='ltr'><strong>nomine,</strong></span> 
     </span>
     <span class='ocr_line' id='line_1_21' title="bbox 110 2607 1241 2698; baseline -0.003 -21"><span class='ocrx_word' id='word_1_156' title='bbox 110 2613 184 2677; x_wconf 90' lang='lat' dir='ltr'><strong>siue</strong></span> <span class='ocrx_word' id='word_1_157' title='bbox 197 2607 494 2695; x_wconf 78' lang='lat' dir='ltr'><strong>hereditariojure,</strong></span> <span class='ocrx_word' id='word_1_158' title='bbox 520 2611 591 2678; x_wconf 89' lang='lat' dir='ltr'><strong>siue</strong></span> <span class='ocrx_word' id='word_1_159' title='bbox 606 2630 629 2676; x_wconf 88' lang='lat' dir='ltr'><strong>a</strong></span> <span class='ocrx_word' id='word_1_160' title='bbox 644 2618 752 2678; x_wconf 87' lang='lat' dir='ltr'><strong>castro</strong></span> <span class='ocrx_word' id='word_1_161' title='bbox 772 2621 956 2697; x_wconf 80' lang='lat' dir='ltr'><strong>exemptam</strong></span> <span class='ocrx_word' id='word_1_162' title='bbox 981 2611 1069 2698; x_wconf 91' lang='lat' dir='ltr'><strong>prius</strong></span> <span class='ocrx_word' id='word_1_163' title='bbox 1090 2611 1241 2698; x_wconf 87' lang='lat' dir='ltr'><strong>possede-</strong></span> 
     </span>
     <span class='ocr_line' id='line_1_22' title="bbox 109 2717 1243 2804; baseline -0.001 -20"><span class='ocrx_word' id='word_1_164' title='bbox 109 2725 181 2802; x_wconf 75' lang='lat' dir='ltr'><strong>rat,</strong></span> <span class='ocrx_word' id='word_1_165' title='bbox 200 2738 314 2784; x_wconf 84' lang='lat' dir='ltr'><strong>omnes</strong></span> <span class='ocrx_word' id='word_1_166' title='bbox 333 2725 443 2786; x_wconf 90' lang='lat' dir='ltr'><strong>antem</strong></span> <span class='ocrx_word' id='word_1_167' title='bbox 460 2717 565 2786; x_wconf 86' lang='lat' dir='ltr'><strong>dietas</strong></span> <span class='ocrx_word' id='word_1_168' title='bbox 582 2725 649 2784; x_wconf 88' lang='lat' dir='ltr'><strong>tres</strong></span> <span class='ocrx_word' id='word_1_169' title='bbox 664 2720 891 2804; x_wconf 86' lang='lat' dir='ltr'><strong>possessiones</strong></span> <span class='ocrx_word' id='word_1_170' title='bbox 918 2740 990 2785; x_wconf 90' lang='lat' dir='ltr'><strong>cnm</strong></span> <span class='ocrx_word' id='word_1_171' title='bbox 1006 2720 1142 2786; x_wconf 89' lang='lat' dir='ltr'><strong>collecta</strong></span> <span class='ocrx_word' id='word_1_172' title='bbox 1159 2737 1243 2784; x_wconf 89' lang='lat' dir='ltr'><strong>mar-</strong></span> 
     </span>
    </p>
   </div>
   <div class='ocr_carea' id='block_1_5' title="bbox 6 2827 1239 2912">
    <p class='ocr_par' dir='ltr' id='par_1_5' title="bbox 6 2827 1239 2912">
     <span class='ocr_line' id='line_1_23' title="bbox 6 2827 1239 2912; baseline -0.003 -18"><span class='ocrx_word' id='word_1_173' title='bbox 6 2853 7 2886; x_wconf 87' lang='lat'>1</span> <span class='ocrx_word' id='word_1_174' title='bbox 109 2829 296 2894; x_wconf 81' lang='lat' dir='ltr'><strong>turinorum</strong></span> <span class='ocrx_word' id='word_1_175' title='bbox 322 2833 443 2893; x_wconf 89' lang='lat' dir='ltr'><strong>etcum</strong></span> <span class='ocrx_word' id='word_1_176' title='bbox 468 2827 619 2894; x_wconf 90' lang='lat' dir='ltr'><strong>omnibus</strong></span> <span class='ocrx_word' id='word_1_177' title='bbox 644 2827 832 2912; x_wconf 79' lang='lat' dir='ltr'><strong>attinenciJ&#39;s</strong></span> <span class='ocrx_word' id='word_1_178' title='bbox 849 2837 881 2893; x_wconf 90' lang='lat' dir='ltr'><strong>et</strong></span> <span class='ocrx_word' id='word_1_179' title='bbox 897 2827 1089 2894; x_wconf 77' lang='lat' dir='ltr'><strong>utilitatibus</strong></span> <span class='ocrx_word' id='word_1_180' title='bbox 1114 2846 1239 2910; x_wconf 89' lang='lat' dir='ltr'><strong>earum,</strong></span> 
     </span>
    </p>
   </div>
   <div class='ocr_carea' id='block_1_6' title="bbox 111 2932 1240 3019">
    <p class='ocr_par' dir='ltr' id='par_1_6' title="bbox 111 2932 1240 3019">
     <span class='ocr_line' id='line_1_24' title="bbox 111 2932 1240 3019; baseline -0.001 -20"><span class='ocrx_word' id='word_1_181' title='bbox 111 2932 223 3001; x_wconf 90' lang='lat' dir='ltr'><strong>eidem</strong></span> <span class='ocrx_word' id='word_1_182' title='bbox 239 2933 401 3017; x_wconf 85' lang='lat' dir='ltr'><strong>Dyonisio</strong></span> <span class='ocrx_word' id='word_1_183' title='bbox 416 2933 508 3000; x_wconf 90' lang='lat' dir='ltr'><strong>Bano</strong></span> <span class='ocrx_word' id='word_1_184' title='bbox 534 2942 566 3001; x_wconf 91' lang='lat' dir='ltr'><strong>et</strong></span> <span class='ocrx_word' id='word_1_185' title='bbox 581 2935 666 3000; x_wconf 90' lang='lat' dir='ltr'><strong>Duei</strong></span> <span class='ocrx_word' id='word_1_186' title='bbox 692 2934 796 3001; x_wconf 89' lang='lat' dir='ltr'><strong>tocius</strong></span> <span class='ocrx_word' id='word_1_187' title='bbox 822 2936 1005 3018; x_wconf 86' lang='lat' dir='ltr'><strong>Solanonie,</strong></span> <span class='ocrx_word' id='word_1_188' title='bbox 1032 2942 1064 3000; x_wconf 93' lang='lat' dir='ltr'><strong>et</strong></span> <span class='ocrx_word' id='word_1_189' title='bbox 1090 2954 1148 3019; x_wconf 89' lang='lat' dir='ltr'><strong>per</strong></span> <span class='ocrx_word' id='word_1_190' title='bbox 1167 2953 1240 2999; x_wconf 90' lang='lat' dir='ltr'><strong>eum</strong></span> 
     </span>
    </p>
   </div>
   <div class='ocr_carea' id='block_1_7' title="bbox 6 3039 1243 3126">
    <p class='ocr_par' dir='ltr' id='par_1_7' title="bbox 6 3039 1243 3126">
     <span class='ocr_line' id='line_1_25' title="bbox 6 3039 1243 3126; baseline 0 -20"><span class='ocrx_word' id='word_1_191' title='bbox 6 3099 7 3106; x_wconf 74' lang='grc'>,</span> <span class='ocrx_word' id='word_1_192' title='bbox 111 3039 183 3106; x_wconf 89' lang='lat' dir='ltr'><strong>suis</strong></span> <span class='ocrx_word' id='word_1_193' title='bbox 200 3039 378 3106; x_wconf 88' lang='lat' dir='ltr'><strong>heredibus</strong></span> <span class='ocrx_word' id='word_1_194' title='bbox 406 3041 624 3123; x_wconf 84' lang='lat' dir='ltr'><strong>heredumque</strong></span> <span class='ocrx_word' id='word_1_195' title='bbox 639 3042 881 3108; x_wconf 89' lang='lat' dir='ltr'><strong>successoribus</strong></span> <span class='ocrx_word' id='word_1_196' title='bbox 907 3043 1145 3126; x_wconf 91' lang='lat' dir='ltr'><strong>inperpetuum</strong></span> <span class='ocrx_word' id='word_1_197' title='bbox 1170 3060 1243 3106; x_wconf 92' lang='lat' dir='ltr'><strong>con-</strong></span> 
     </span>
    </p>
   </div>
   <div class='ocr_carea' id='block_1_8' title="bbox 109 3146 1241 3235">
    <p class='ocr_par' dir='ltr' id='par_1_8' title="bbox 109 3146 1241 3235">
     <span class='ocr_line' id='line_1_26' title="bbox 109 3146 1241 3235; baseline -0.001 -22"><span class='ocrx_word' id='word_1_198' title='bbox 109 3147 246 3214; x_wconf 89' lang='lat' dir='ltr'><strong>tulimus</strong></span> <span class='ocrx_word' id='word_1_199' title='bbox 263 3155 295 3213; x_wconf 90' lang='lat' dir='ltr'><strong>et</strong></span> <span class='ocrx_word' id='word_1_200' title='bbox 310 3146 514 3215; x_wconf 89' lang='lat' dir='ltr'><strong>donauimus.</strong></span> <span class='ocrx_word' id='word_1_201' title='bbox 540 3149 780 3235; x_wconf 81' lang='lat' dir='ltr'><strong>Exprimentes,</strong></span> <span class='ocrx_word' id='word_1_202' title='bbox 806 3149 894 3233; x_wconf 88' lang='lat' dir='ltr'><strong>quod</strong></span> <span class='ocrx_word' id='word_1_203' title='bbox 909 3148 1098 3215; x_wconf 90' lang='lat' dir='ltr'><strong>collectores</strong></span> <span class='ocrx_word' id='word_1_204' title='bbox 1123 3155 1241 3213; x_wconf 85' lang='lat' dir='ltr'><strong>martu-</strong></span> 
     </span>
    </p>
   </div>
   <div class='ocr_carea' id='block_1_9' title="bbox 6 3255 1244 3348">
    <p class='ocr_par' dir='ltr' id='par_1_9' title="bbox 6 3255 1244 3348">
     <span class='ocr_line' id='line_1_27' title="bbox 6 3255 1244 3348; baseline -0.002 -26"><span class='ocrx_word' id='word_1_205' title='bbox 6 3319 7 3348; x_wconf 65' lang='lat'><strong>,</strong></span> <span class='ocrx_word' id='word_1_206' title='bbox 111 3255 465 3340; x_wconf 89' lang='lat' dir='ltr'><strong>rinarumperBanum</strong></span> <span class='ocrx_word' id='word_1_207' title='bbox 478 3257 549 3321; x_wconf 88' lang='lat' dir='ltr'><strong>sine</strong></span> <span class='ocrx_word' id='word_1_208' title='bbox 561 3258 685 3322; x_wconf 89' lang='lat' dir='ltr'><strong>Ducem</strong></span> <span class='ocrx_word' id='word_1_209' title='bbox 705 3255 1244 3342; x_wconf 85' lang='lat' dir='ltr'><strong>quicunqueprotemporefuerint</strong></span> 
     </span>
    </p>
   </div>
   <div class='ocr_carea' id='block_1_10' title="bbox 111 3362 1244 3450">
    <p class='ocr_par' dir='ltr' id='par_1_10' title="bbox 111 3362 1244 3450">
     <span class='ocr_line' id='line_1_28' title="bbox 111 3362 1244 3450; baseline -0.002 -21"><span class='ocrx_word' id='word_1_210' title='bbox 111 3363 293 3446; x_wconf 88' lang='lat' dir='ltr'><strong>constituti,</strong></span> <span class='ocrx_word' id='word_1_211' title='bbox 321 3363 363 3428; x_wconf 90' lang='lat' dir='ltr'><strong>de</strong></span> <span class='ocrx_word' id='word_1_212' title='bbox 379 3362 599 3450; x_wconf 91' lang='lat' dir='ltr'><strong>percipiendis</strong></span> <span class='ocrx_word' id='word_1_213' title='bbox 626 3365 815 3431; x_wconf 87' lang='lat' dir='ltr'><strong>marturinis</strong></span> <span class='ocrx_word' id='word_1_214' title='bbox 841 3384 954 3432; x_wconf 85' lang='lat' dir='ltr'><strong>earum</strong></span> <span class='ocrx_word' id='word_1_215' title='bbox 970 3383 1005 3431; x_wconf 89' lang='lat' dir='ltr'><strong>sc</strong></span> <span class='ocrx_word' id='word_1_216' title='bbox 1030 3363 1244 3431; x_wconf 87' lang='lat' dir='ltr'><strong>intromittere</strong></span> 
     </span>
    </p>
   </div>
   <div class='ocr_carea' id='block_1_11' title="bbox 6 3471 1244 3665">
    <p class='ocr_par' dir='ltr' id='par_1_11' title="bbox 6 3471 1244 3665">
     <span class='ocr_line' id='line_1_29' title="bbox 6 3471 1244 3557; baseline 0 -19"><span class='ocrx_word' id='word_1_217' title='bbox 6 3547 7 3554; x_wconf 7' lang='grc' dir='ltr'>ἵ</span> <span class='ocrx_word' id='word_1_218' title='bbox 111 3492 179 3539; x_wconf 92' lang='lat' dir='ltr'><strong>non</strong></span> <span class='ocrx_word' id='word_1_219' title='bbox 196 3476 396 3554; x_wconf 87' lang='lat' dir='ltr'><strong>presumant.</strong></span> <span class='ocrx_word' id='word_1_220' title='bbox 415 3472 639 3539; x_wconf 87' lang='lat' dir='ltr'><strong>Possessicnis</strong></span> <span class='ocrx_word' id='word_1_221' title='bbox 656 3472 754 3556; x_wconf 90' lang='lat' dir='ltr'><strong>igitur</strong></span> <span class='ocrx_word' id='word_1_222' title='bbox 769 3475 905 3557; x_wconf 85' lang='lat' dir='ltr'><strong>Destyn,</strong></span> <span class='ocrx_word' id='word_1_223' title='bbox 923 3491 986 3555; x_wconf 90' lang='lat' dir='ltr'><strong>que</strong></span> <span class='ocrx_word' id='word_1_224' title='bbox 1002 3471 1134 3538; x_wconf 85' lang='lat' dir='ltr'><strong>Vrbona</strong></span> <span class='ocrx_word' id='word_1_225' title='bbox 1148 3489 1244 3539; x_wconf 84' lang='lat' dir='ltr'><strong>voca-</strong></span> 
     </span>
     <span class='ocr_line' id='line_1_30' title="bbox 6 3578 1241 3665; baseline 0.001 -20"><span class='ocrx_word' id='word_1_226' title='bbox 6 3627 7 3652; x_wconf 53' lang='lat'><strong>,</strong></span> <span class='ocrx_word' id='word_1_227' title='bbox 111 3587 177 3665; x_wconf 90' lang='lat' dir='ltr'><strong>tur,</strong></span> <span class='ocrx_word' id='word_1_228' title='bbox 203 3587 301 3665; x_wconf 87' lang='lat' dir='ltr'><strong>prout</strong></span> <span class='ocrx_word' id='word_1_229' title='bbox 317 3599 377 3663; x_wconf 87' lang='lat' dir='ltr'><strong>per</strong></span> <span class='ocrx_word' id='word_1_230' title='bbox 393 3579 571 3645; x_wconf 87' lang='lat' dir='ltr'><strong>Petkonem</strong></span> <span class='ocrx_word' id='word_1_231' title='bbox 588 3578 690 3646; x_wconf 86' lang='lat' dir='ltr'><strong>filium</strong></span> <span class='ocrx_word' id='word_1_232' title='bbox 706 3581 825 3646; x_wconf 87' lang='lat' dir='ltr'><strong>chhk</strong></span> <span class='ocrx_word' id='word_1_233' title='bbox 841 3582 882 3647; x_wconf 91' lang='lat' dir='ltr'><strong>de</strong></span> <span class='ocrx_word' id='word_1_234' title='bbox 906 3601 1023 3665; x_wconf 88' lang='lat' dir='ltr'><strong>genere</strong></span> <span class='ocrx_word' id='word_1_235' title='bbox 1041 3580 1241 3665; x_wconf 85' lang='lat' dir='ltr'><strong>Kamancha,</strong></span> 
     </span>
    </p>
   </div>
   <div class='ocr_carea' id='block_1_12' title="bbox 112 3686 1244 3882">
    <p class='ocr_par' dir='ltr' id='par_1_12' title="bbox 112 3686 1244 3882">
     <span class='ocr_line' id='line_1_31' title="bbox 112 3686 1243 3774; baseline 0.002 -22"><span class='ocrx_word' id='word_1_236' title='bbox 112 3686 231 3770; x_wconf 85' lang='lat' dir='ltr'><strong>quide</strong></span> <span class='ocrx_word' id='word_1_237' title='bbox 248 3686 403 3754; x_wconf 86' lang='lat' dir='ltr'><strong>mundato</strong></span> <span class='ocrx_word' id='word_1_238' title='bbox 421 3694 532 3754; x_wconf 88' lang='lat' dir='ltr'><strong>nostro</strong></span> <span class='ocrx_word' id='word_1_239' title='bbox 546 3689 655 3774; x_wconf 90' lang='lat' dir='ltr'><strong>ipsum</strong></span> <span class='ocrx_word' id='word_1_240' title='bbox 671 3688 704 3752; x_wconf 92' lang='lat' dir='ltr'><strong>in</strong></span> <span class='ocrx_word' id='word_1_241' title='bbox 722 3687 860 3754; x_wconf 87' lang='lat' dir='ltr'><strong>eandem</strong></span> <span class='ocrx_word' id='word_1_242' title='bbox 880 3687 1122 3773; x_wconf 89' lang='lat' dir='ltr'><strong>possessionem</strong></span> <span class='ocrx_word' id='word_1_243' title='bbox 1146 3689 1243 3756; x_wconf 91' lang='lat' dir='ltr'><strong>intro-</strong></span> 
     </span>
     <span class='ocr_line' id='line_1_32' title="bbox 113 3794 1244 3882; baseline -0.002 -20"><span class='ocrx_word' id='word_1_244' title='bbox 113 3795 218 3876; x_wconf 86' lang='lat' dir='ltr'><strong>duxit,</strong></span> <span class='ocrx_word' id='word_1_245' title='bbox 247 3794 480 3878; x_wconf 75' lang='lat' dir='ltr'><strong>cognorimus,</strong></span> <span class='ocrx_word' id='word_1_246' title='bbox 506 3794 614 3882; x_wconf 90' lang='lat' dir='ltr'><strong>prima</strong></span> <span class='ocrx_word' id='word_1_247' title='bbox 637 3803 725 3860; x_wconf 87' lang='lat' dir='ltr'><strong>meta</strong></span> <span class='ocrx_word' id='word_1_248' title='bbox 740 3794 855 3881; x_wconf 91' lang='lat' dir='ltr'><strong>incipit</strong></span> <span class='ocrx_word' id='word_1_249' title='bbox 879 3796 922 3862; x_wconf 90' lang='lat' dir='ltr'><strong>ab</strong></span> <span class='ocrx_word' id='word_1_250' title='bbox 939 3795 1064 3862; x_wconf 89' lang='lat' dir='ltr'><strong>oriente</strong></span> <span class='ocrx_word' id='word_1_251' title='bbox 1091 3797 1183 3862; x_wconf 82' lang='lat' dir='ltr'><strong>iuxta</strong></span> <span class='ocrx_word' id='word_1_252' title='bbox 1200 3797 1244 3860; x_wconf 83' lang='lat' dir='ltr'><strong>vi·</strong></span> 
     </span>
    </p>
   </div>
   <div class='ocr_carea' id='block_1_13' title="bbox 112 3900 1246 4417">
    <p class='ocr_par' dir='ltr' id='par_1_13' title="bbox 6 3883 1246 4417">
     <span class='ocr_line' id='line_1_33' title="bbox 112 3900 1244 3985; baseline 0 -18"><span class='ocrx_word' id='word_1_253' title='bbox 112 3920 210 3967; x_wconf 89' lang='lat' dir='ltr'><strong>neam</strong></span> <span class='ocrx_word' id='word_1_254' title='bbox 221 3900 331 3968; x_wconf 79' lang='lat' dir='ltr'><strong>Gledk</strong></span> <span class='ocrx_word' id='word_1_255' title='bbox 349 3902 411 3967; x_wconf 91' lang='lat' dir='ltr'><strong>sub</strong></span> <span class='ocrx_word' id='word_1_256' title='bbox 427 3901 507 3985; x_wconf 87' lang='lat' dir='ltr'><strong>piro,</strong></span> <span class='ocrx_word' id='word_1_257' title='bbox 525 3907 559 3967; x_wconf 91' lang='lat' dir='ltr'><strong>et</strong></span> <span class='ocrx_word' id='word_1_258' title='bbox 574 3902 715 3968; x_wconf 91' lang='lat' dir='ltr'><strong>tenendo</strong></span> <span class='ocrx_word' id='word_1_259' title='bbox 727 3907 830 3966; x_wconf 86' lang='lat' dir='ltr'><strong>metas</strong></span> <span class='ocrx_word' id='word_1_260' title='bbox 847 3921 918 3968; x_wconf 89' lang='lat' dir='ltr'><strong>oum</strong></span> <span class='ocrx_word' id='word_1_261' title='bbox 931 3908 1019 3968; x_wconf 87' lang='lat' dir='ltr'><strong>terra</strong></span> <span class='ocrx_word' id='word_1_262' title='bbox 1035 3903 1133 3968; x_wconf 88' lang='lat' dir='ltr'><strong>castri</strong></span> <span class='ocrx_word' id='word_1_263' title='bbox 1146 3901 1244 3967; x_wconf 44' lang='lat' dir='ltr'><strong>w(thes-</strong></span> 
     </span>
     <span class='ocr_line' id='line_1_34' title="bbox 114 4005 1245 4095; baseline -0.002 -19"><span class='ocrx_word' id='word_1_264' title='bbox 114 4009 225 4076; x_wconf 89' lang='lat' dir='ltr'><strong>miehe</strong></span> <span class='ocrx_word' id='word_1_265' title='bbox 242 4005 332 4072; x_wconf 88' lang='lat' dir='ltr'><strong>cadit</strong></span> <span class='ocrx_word' id='word_1_266' title='bbox 347 4027 485 4092; x_wconf 90' lang='lat' dir='ltr'><strong>paruam</strong></span> <span class='ocrx_word' id='word_1_267' title='bbox 504 4008 535 4073; x_wconf 90' lang='lat' dir='ltr'><strong>in</strong></span> <span class='ocrx_word' id='word_1_268' title='bbox 552 4010 674 4075; x_wconf 89' lang='lat' dir='ltr'><strong>vallem</strong></span> <span class='ocrx_word' id='word_1_269' title='bbox 690 4009 733 4075; x_wconf 88' lang='lat' dir='ltr'><strong>ad</strong></span> <span class='ocrx_word' id='word_1_270' title='bbox 748 4009 846 4095; x_wconf 85' lang='lat' dir='ltr'><strong>viam,</strong></span> <span class='ocrx_word' id='word_1_271' title='bbox 875 4028 938 4094; x_wconf 91' lang='lat' dir='ltr'><strong>que</strong></span> <span class='ocrx_word' id='word_1_272' title='bbox 952 4011 1051 4075; x_wconf 92' lang='lat' dir='ltr'><strong>intrat</strong></span> <span class='ocrx_word' id='word_1_273' title='bbox 1066 4009 1194 4092; x_wconf 86' lang='lat' dir='ltr'><strong>siluam,</strong></span> <span class='ocrx_word' id='word_1_274' title='bbox 1213 4015 1245 4074; x_wconf 92' lang='lat' dir='ltr'><strong>et</strong></span> 
     </span>
     <span class='ocr_line' id='line_1_35' title="bbox 114 4113 1245 4202; baseline -0.003 -21"><span class='ocrx_word' id='word_1_275' title='bbox 114 4117 161 4182; x_wconf 90' lang='lat' dir='ltr'><strong>ibi</strong></span> <span class='ocrx_word' id='word_1_276' title='bbox 177 4116 239 4180; x_wconf 90' lang='lat' dir='ltr'><strong>sub</strong></span> <span class='ocrx_word' id='word_1_277' title='bbox 255 4113 334 4196; x_wconf 83' lang='lat' dir='ltr'><strong>fago</strong></span> <span class='ocrx_word' id='word_1_278' title='bbox 351 4122 402 4180; x_wconf 90' lang='lat' dir='ltr'><strong>est</strong></span> <span class='ocrx_word' id='word_1_279' title='bbox 418 4120 524 4200; x_wconf 78' lang='lat' dir='ltr'><strong>meta3</strong></span> <span class='ocrx_word' id='word_1_280' title='bbox 541 4124 573 4181; x_wconf 88' lang='lat' dir='ltr'><strong>et</strong></span> <span class='ocrx_word' id='word_1_281' title='bbox 589 4134 648 4202; x_wconf 89' lang='lat' dir='ltr'><strong>per</strong></span> <span class='ocrx_word' id='word_1_282' title='bbox 663 4115 800 4182; x_wconf 90' lang='lat' dir='ltr'><strong>eandem</strong></span> <span class='ocrx_word' id='word_1_283' title='bbox 816 4115 902 4180; x_wconf 85' lang='lat' dir='ltr'><strong>viam</strong></span> <span class='ocrx_word' id='word_1_284' title='bbox 920 4114 1035 4180; x_wconf 92' lang='lat' dir='ltr'><strong>transit</strong></span> <span class='ocrx_word' id='word_1_285' title='bbox 1051 4115 1168 4180; x_wconf 87' lang='lat' dir='ltr'><strong>siluam</strong></span> <span class='ocrx_word' id='word_1_286' title='bbox 1187 4134 1245 4200; x_wconf 91' lang='lat' dir='ltr'><strong>per</strong></span> 
     </span>
     <span class='ocr_line' id='line_1_36' title="bbox 114 4223 1246 4309; baseline -0.002 -18.174"><span class='ocrx_word' id='word_1_287' title='bbox 114 4231 240 4291; x_wconf 89' lang='lat' dir='ltr'><strong>terreas</strong></span> <span class='ocrx_word' id='word_1_288' title='bbox 256 4231 361 4289; x_wconf 86' lang='lat' dir='ltr'><strong>metas</strong></span> <span class='ocrx_word' id='word_1_289' title='bbox 378 4229 410 4290; x_wconf 90' lang='lat' dir='ltr'><strong>et</strong></span> <span class='ocrx_word' id='word_1_290' title='bbox 425 4225 562 4291; x_wconf 88' lang='lat' dir='ltr'><strong>arbores</strong></span> <span class='ocrx_word' id='word_1_291' title='bbox 588 4226 690 4292; x_wconf 89' lang='lat' dir='ltr'><strong>crucis</strong></span> <span class='ocrx_word' id='word_1_292' title='bbox 707 4225 800 4309; x_wconf 87' lang='lat' dir='ltr'><strong>siguo</strong></span> <span class='ocrx_word' id='word_1_293' title='bbox 817 4230 958 4309; x_wconf 86' lang='lat' dir='ltr'><strong>notatas,</strong></span> <span class='ocrx_word' id='word_1_294' title='bbox 985 4229 1016 4288; x_wconf 90' lang='lat' dir='ltr'><strong>et</strong></span> <span class='ocrx_word' id='word_1_295' title='bbox 1032 4223 1181 4309; x_wconf 88' lang='lat' dir='ltr'><strong>peruenit</strong></span> <span class='ocrx_word' id='word_1_296' title='bbox 1202 4223 1246 4289; x_wconf 90' lang='lat' dir='ltr'><strong>ad</strong></span> 
     </span>
     <span class='ocr_line' id='line_1_37' title="bbox 114 4328 1246 4417; baseline 0 -20"><span class='ocrx_word' id='word_1_297' title='bbox 114 4337 235 4397; x_wconf 89' lang='lat' dir='ltr'><strong>terram</strong></span> <span class='ocrx_word' id='word_1_298' title='bbox 252 4329 392 4397; x_wconf 87' lang='lat' dir='ltr'><strong>filiomm</strong></span> <span class='ocrx_word' id='word_1_299' title='bbox 408 4328 552 4417; x_wconf 86' lang='lat' dir='ltr'><strong>Nadiha,</strong></span> <span class='ocrx_word' id='word_1_300' title='bbox 581 4340 613 4398; x_wconf 91' lang='lat' dir='ltr'><strong>et</strong></span> <span class='ocrx_word' id='word_1_301' title='bbox 629 4331 770 4398; x_wconf 89' lang='lat' dir='ltr'><strong>tenendo</strong></span> <span class='ocrx_word' id='word_1_302' title='bbox 793 4337 898 4396; x_wconf 89' lang='lat' dir='ltr'><strong>metas</strong></span> <span class='ocrx_word' id='word_1_303' title='bbox 914 4348 987 4396; x_wconf 89' lang='lat' dir='ltr'><strong>eum</strong></span> <span class='ocrx_word' id='word_1_304' title='bbox 1013 4329 1137 4396; x_wconf 88' lang='lat' dir='ltr'><strong>eisdem</strong></span> <span class='ocrx_word' id='word_1_305' title='bbox 1154 4332 1246 4397; x_wconf 89' lang='lat' dir='ltr'><strong>iuxta</strong></span> 
     </span>
    </p>
   </div>
   <div class='ocr_carea' id='block_1_14' title="bbox 115 4435 1244 4522">
    <p class='ocr_par' dir='ltr' id='par_1_14' title="bbox 115 4435 1244 4522">
     <span class='ocr_line' id='line_1_38' title="bbox 115 4435 1244 4522; baseline 0.001 -18"><span class='ocrx_word' id='word_1_306' title='bbox 115 4437 245 4522; x_wconf 89' lang='lat' dir='ltr'><strong>siluam,</strong></span> <span class='ocrx_word' id='word_1_307' title='bbox 271 4436 365 4503; x_wconf 84' lang='lat' dir='ltr'><strong>vadit</strong></span> <span class='ocrx_word' id='word_1_308' title='bbox 381 4457 496 4505; x_wconf 86' lang='lat' dir='ltr'><strong>versus</strong></span> <span class='ocrx_word' id='word_1_309' title='bbox 512 4437 676 4506; x_wconf 89' lang='lat' dir='ltr'><strong>meridiem</strong></span> <span class='ocrx_word' id='word_1_310' title='bbox 693 4435 736 4503; x_wconf 90' lang='lat' dir='ltr'><strong>ad</strong></span> <span class='ocrx_word' id='word_1_311' title='bbox 753 4443 895 4502; x_wconf 91' lang='lat' dir='ltr'><strong>montem</strong></span> <span class='ocrx_word' id='word_1_312' title='bbox 912 4435 1021 4522; x_wconf 79' lang='lat' dir='ltr'><strong>(lepel,</strong></span> <span class='ocrx_word' id='word_1_313' title='bbox 1046 4437 1100 4503; x_wconf 90' lang='lat' dir='ltr'><strong>vbi</strong></span> <span class='ocrx_word' id='word_1_314' title='bbox 1118 4437 1177 4504; x_wconf 88' lang='lat' dir='ltr'><strong>sub</strong></span> <span class='ocrx_word' id='word_1_315' title='bbox 1194 4457 1244 4505; x_wconf 89' lang='lat' dir='ltr'><strong>ce-</strong></span> 
     </span>
    </p>
   </div>
   <div class='ocr_carea' id='block_1_15' title="bbox 6 4543 1244 4630">
    <p class='ocr_par' dir='ltr' id='par_1_15' title="bbox 6 4543 1244 4630">
     <span class='ocr_line' id='line_1_39' title="bbox 6 4543 1244 4630; baseline 0.004 -23"><span class='ocrx_word' id='word_1_316' title='bbox 6 4571 7 4576; x_wconf 41' lang='lat'><em>*</em></span> <span class='ocrx_word' id='word_1_317' title='bbox 115 4563 190 4612; x_wconf 89' lang='lat' dir='ltr'><strong>raso</strong></span> <span class='ocrx_word' id='word_1_318' title='bbox 217 4553 294 4611; x_wconf 91' lang='lat' dir='ltr'><strong>sunt</strong></span> <span class='ocrx_word' id='word_1_319' title='bbox 310 4552 419 4626; x_wconf 88' lang='lat' dir='ltr'><strong>mete;</strong></span> <span class='ocrx_word' id='word_1_320' title='bbox 444 4545 520 4611; x_wconf 89' lang='lat' dir='ltr'><strong>hinc</strong></span> <span class='ocrx_word' id='word_1_321' title='bbox 544 4543 774 4613; x_wconf 88' lang='lat' dir='ltr'><strong>descendendo</strong></span> <span class='ocrx_word' id='word_1_322' title='bbox 794 4543 836 4610; x_wconf 89' lang='lat' dir='ltr'><strong>ad</strong></span> <span class='ocrx_word' id='word_1_323' title='bbox 853 4549 953 4630; x_wconf 87' lang='lat' dir='ltr'><strong>caput</strong></span> <span class='ocrx_word' id='word_1_324' title='bbox 978 4543 1146 4611; x_wconf 87' lang='lat' dir='ltr'><strong>cuiusdam</strong></span> <span class='ocrx_word' id='word_1_325' title='bbox 1172 4545 1244 4629; x_wconf 87' lang='lat' dir='ltr'><strong>riui,</strong></span> 
     </span>
    </p>
   </div>
   <div class='ocr_carea' id='block_1_16' title="bbox 115 4649 1240 4738">
    <p class='ocr_par' dir='ltr' id='par_1_16' title="bbox 115 4649 1240 4738">
     <span class='ocr_line' id='line_1_40' title="bbox 115 4649 1240 4738; baseline 0.002 -20"><span class='ocrx_word' id='word_1_326' title='bbox 115 4652 170 4734; x_wconf 86' lang='lat' dir='ltr'><strong>qui</strong></span> <span class='ocrx_word' id='word_1_327' title='bbox 184 4651 357 4736; x_wconf 79' lang='lat' dir='ltr'><strong>vulgariter</strong></span> <span class='ocrx_word' id='word_1_328' title='bbox 372 4649 526 4735; x_wconf 85' lang='lat' dir='ltr'><strong>Pelgrina</strong></span> <span class='ocrx_word' id='word_1_329' title='bbox 540 4653 738 4733; x_wconf 88' lang='lat' dir='ltr'><strong>nominatur,</strong></span> <span class='ocrx_word' id='word_1_330' title='bbox 763 4649 818 4717; x_wconf 90' lang='lat' dir='ltr'><strong>vbi</strong></span> <span class='ocrx_word' id='word_1_331' title='bbox 834 4657 1005 4738; x_wconf 87' lang='lat' dir='ltr'><strong>separatur</strong></span> <span class='ocrx_word' id='word_1_332' title='bbox 1019 4671 1040 4716; x_wconf 86' lang='lat' dir='ltr'><strong>a</strong></span> <span class='ocrx_word' id='word_1_333' title='bbox 1054 4656 1142 4717; x_wconf 88' lang='lat' dir='ltr'><strong>terra</strong></span> <span class='ocrx_word' id='word_1_334' title='bbox 1161 4651 1240 4720; x_wconf 84' lang='lat' dir='ltr'><strong>tilio·</strong></span> 
     </span>
    </p>
   </div>
   <div class='ocr_carea' id='block_1_17' title="bbox 0 0 1621 5188">
    <p class='ocr_par' dir='ltr' id='par_1_17' title="bbox 0 0 1621 5188">
     <span class='ocr_line' id='line_1_41' title="bbox 0 0 1621 5188; baseline 0 0"><span class='ocrx_word' id='word_1_335' title='bbox 0 0 1621 5188; x_wconf 95' lang='lat' dir='ltr'><strong> </strong></span> 
     </span>
    </p>
   </div>
  </div>
 </body>
</html>
