3210 5194
307 535 379 584 mue
395 521 540 583 statuere
556 516 640 582 inter
655 516 756 601 ipsos.
779 515 849 584 Nos
865 535 945 584 voro
960 515 1273 603 perscrutatisprius
1289 517 1444 584 volunta-

308 623 395 690 tibus
416 629 449 689 et
474 619 713 690 intentionibus
737 629 956 707 utrorumque,
983 622 1097 691 habito
1123 623 1206 692 inter
1232 644 1293 690 nos
1319 623 1447 692 iratres

311 729 462 814 diligenti
478 735 629 815 macuta,
655 730 718 796 hoc
732 730 880 800 volumus
897 737 930 796 et
945 729 1141 817 precipimus
1162 731 1222 797 sub
1239 729 1350 800 debito
1366 750 1442 816 pre·
1472 717 1475 722 ’

311 837 380 906 stiti
396 837 580 923 iuramenti,
596 843 629 904 et
644 836 819 906 statuimus
834 838 896 904 sub
909 837 1177 906 interminacione
1192 839 1337 906 subiecto
1353 857 1443 924 pene

310 946 462 1032 partibus
478 947 603 1029 absque
619 946 706 1014 omni
732 945 995 1014 contradiccione
1011 953 1044 1014 et
1058 946 1297 1016 reclamacione
1317 946 1352 1012 in
1367 965 1441 1032 per-

311 1062 445 1139 petuum
460 1052 712 1120 obseruandum.
739 1052 890 1139 Inprimis
907 1072 984 1138 ergo
1002 1054 1153 1122 volumus
1174 1060 1207 1122 et
1230 1053 1443 1140 precipimus,

313 1169 349 1228 ut
357 1160 437 1228 uilla
453 1162 495 1228 de
505 1160 626 1245 Ostrog
642 1181 714 1228 curu
731 1160 883 1228 omnibus
894 1159 963 1227 suis
977 1162 1190 1246 pertinenciis
1206 1169 1322 1228 etcum
1339 1162 1442 1229 omui-

312 1270 374 1336 bus
391 1269 617 1337 adiacentibus
634 1269 729 1340 terris
745 1268 789 1336 sit
803 1269 905 1353 injus
922 1266 1008 1355 (lgy)
1026 1274 1058 1335 et
1073 1270 1274 1355 proprietate
1290 1269 1445 1336 Ecclesia

311 1377 424 1444 Sancti
438 1376 582 1460 Domnij,
599 1377 647 1443 ita
662 1373 749 1461 quod
765 1381 868 1444 totum
884 1374 1009 1458 integre
1025 1375 1204 1461 possideat,
1226 1376 1312 1443 sicut
1327 1395 1443 1461 posse-

312 1483 361 1550 dit
377 1489 522 1569 tempore
539 1483 579 1552 d.
597 1481 844 1569 Archiepisoopi
861 1502 965 1568 usquc
982 1480 1026 1549 ad
1044 1483 1220 1551 aduentum
1242 1481 1365 1549 domini
1384 1485 1446 1549 Re-

314 1589 366 1676 gis
390 1590 472 1657 Bele
496 1589 593 1657 nullis
618 1589 804 1676 privilegija
829 1611 887 1658 seu
902 1591 1125 1658 instrumentis
1148 1588 1445 1678 preiudicantibus,

315 1704 471 1782 quantum
487 1697 522 1762 in
537 1697 600 1766 hoo
625 1696 730 1764 cidem
747 1696 892 1762 Ecclesia
911 1697 943 1762 iu
960 1703 1162 1784 perpetuum.
1189 1696 1255 1764 Sed
1272 1697 1349 1782 quia
1366 1697 1448 1763 olim

315 1805 442 1888 questio
458 1803 520 1870 ruit
544 1805 629 1872 inter
645 1804 828 1871 Ecclesiam
845 1803 1073 1890 spalatensem
1089 1810 1122 1870 et
1140 1803 1304 1870 civitatem
1320 1804 1447 1887 Tragu-

314 1913 454 1978 riensem
480 1931 579 1997 super
603 1911 798 1978 territorium
825 1909 866 1978 de
881 1910 975 1977 Biaci
1000 1919 1033 1978 et
1048 1910 1161 1978 Sancti
1180 1909 1310 1994 Vitalis,
1336 1910 1449 1996 ipsam

315 2017 520 2101 questionem
545 2017 758 2102 relinquimus
782 2016 1009 2085 indiscussam.
1027 2019 1108 2085 Item
1126 2017 1286 2101 volumus,
1313 2022 1348 2083 ut
1363 2018 1447 2083 Tra-

320 2123 489 2209 gurienscs
506 2123 631 2190 nullum
647 2123 811 2191 inimicum
828 2123 1069 2210 Spalatensium
1086 2123 1253 2211 recipiant,
1270 2125 1448 2210 retineant,

319 2231 390 2299 sive
405 2227 539 2295 foveant
554 2250 613 2315 per
638 2249 674 2297 se
690 2230 741 2296 vel
758 2250 817 2317 per
833 2231 932 2297 alium
950 2230 1037 2318 apud
1051 2251 1087 2298 se
1103 2230 1288 2299 molientem
1303 2229 1450 2296 insidias

316 2337 371 2403 vel
397 2336 587 2404 inserentem
613 2336 757 2423 dampna
781 2337 1051 2423 Spalatensibus3
1084 2346 1116 2405 et
1140 2337 1201 2405 hcc
1226 2338 1342 2405 eadem
1369 2337 1447 2422 pari

320 2452 432 2509 tenore
446 2442 659 2528 Spalatenses
676 2444 852 2510 observare
861 2443 1135 2528 traguriensem
1154 2451 1335 2512 teneantur.
1361 2443 1447 2510 Item

317 2552 479 2635 volumus,
496 2559 530 2618 ut
540 2571 651 2618 omnes
662 2558 748 2618 terre
763 2550 1018 2637 patrimoniales,
1036 2571 1099 2635 que
1109 2561 1185 2620 sunt
1200 2553 1284 2619 inter
1301 2551 1449 2620 confinia

318 2658 528 2743 Spalateusia
543 2664 577 2725 et
590 2657 825 2744 'rusguriensis
849 2658 1062 2726 restituantur
1088 2657 1227 2725 dominis
1247 2657 1314 2725 suis
1341 2659 1451 2726 saluis

319 2765 506 2833 racionibus
533 2765 714 2832 debitorum
729 2766 784 2832 vel
799 2765 992 2832 societatum
1017 2765 1051 2832 in
1067 2766 1313 2850 quibuscunque
1335 2766 1448 2848 rebus,

320 2892 385 2955 que
401 2872 511 2940 omnia
526 2891 585 2940 suo
610 2871 724 2939 ordine
739 2873 792 2938 vel
804 2873 879 2957 jure
895 2873 1081 2940 decurrant.
1105 2873 1221 2940 Adhuc
1236 2873 1393 2958 volumus,
1413 2879 1452 2937 ut

321 2977 432 3046 omnia
448 2978 592 3064 dampna
607 2980 735 3062 utrique
751 2979 836 3065 parti
852 2998 1057 3064 quocumque
1073 2978 1170 3047 modo
1186 2979 1292 3061 illata,
1313 2979 1385 3045 siue
1402 2979 1450 3044 in-

320 3085 402 3151 iurie
418 3085 589 3153 commisse
604 3085 744 3153 invicem
769 3084 983 3174 dimittantur,
1008 3088 1079 3154 siue
1094 3088 1130 3153 in
1155 3086 1350 3171 hominibus,
1378 3085 1450 3152 siue

320 3193 354 3258 in
371 3196 479 3278 rebus,
505 3202 537 3261 et
552 3214 728 3279 numquam
753 3194 860 3279 possit
874 3194 916 3260 de
933 3201 1077 3262 ceteros
1100 3193 1250 3280 partibus
1273 3211 1371 3278 super
1394 3193 1450 3258 his

322 3299 450 3386 questio
476 3301 639 3368 concitari.
667 3301 769 3368 Salus
784 3301 817 3366 iu
846 3303 996 3370 omnibus
1022 3299 1179 3368 fidelitate
1204 3307 1238 3367 et
1260 3299 1452 3368 reuereucia

323 3403 450 3472 Corone
465 3407 571 3490 Regni
587 3405 763 3492 Hungarie.
784 3407 828 3475 Ut
844 3415 954 3476 autem
970 3409 1032 3475 hec
1047 3415 1171 3476 statuta
1186 3408 1335 3475 salubria
1350 3407 1454 3474 robur

323 3519 481 3598 perpetue
496 3513 667 3581 obtineant
676 3515 848 3600 firmitatis,
865 3517 1027 3601 volumus,
1044 3523 1079 3583 ut
1095 3533 1289 3601 quecunque
1300 3512 1452 3600 parcium

323 3616 477 3685 rcbbellis
503 3627 535 3686 et
552 3619 746 3688 inobediens
772 3623 848 3689 huic
864 3623 1097 3710 composicioni
1117 3621 1270 3705 extiterit,
1295 3619 1451 3688 iaciendo

324 3731 440 3794 eontra
464 3726 611 3812 predicta
635 3729 688 3794 rel
713 3728 847 3814 aliquod
872 3731 1088 3816 predictorum
1099 3781 1108 3816 ,
1140 3737 1290 3798 teneatur
1320 3727 1452 3797 nomine

323 3850 408 3918 pene
425 3833 552 3902 soluere
577 3834 734 3903 ducentas
757 3857 887 3904 marcas
903 3839 1042 3923 argenti,
1068 3837 1226 3904 medietas
1243 3855 1381 3922 quarum
1408 3834 1453 3902 ad

324 3937 530 4008 obedientem
540 3953 666 4029 partem
680 3941 842 4030 deveniat,
859 3945 966 4013 altera
974 3945 1133 4012 medietas
1143 3945 1222 4012 fisco
1233 3943 1334 4028 Regis
1345 3943 1452 4029 appli-

325 4053 433 4131 cetur;
451 4056 484 4115 et
497 4071 585 4136 pena
603 4052 711 4120 soluta
725 4051 933 4121 nihilominus
950 4053 1173 4140 suprascripta
1196 4050 1305 4118 omnia
1321 4068 1453 4135 semper

325 4151 420 4220 drma
436 4157 501 4224 sint
517 4165 549 4226 et
564 4167 648 4227 rata.
673 4160 718 4228 Ut
733 4168 842 4228 autem
858 4158 918 4226 hec
934 4159 1043 4227 omnia
1062 4161 1196 4228 valeant
1219 4156 1457 4224 inviolabiliter

326 4258 505 4350 observari,
522 4263 643 4349 sigillis
654 4263 935 4351 utriusquepartis
951 4271 1134 4351 presentem
1146 4263 1302 4350 paginam
1314 4262 1459 4329 fecimus

325 4371 526 4438 communiri.
