3210 5194
715 399 977 501 pm„

336 601 485 668 omnibus
502 598 618 667 diebus
644 600 713 666 suis
729 598 823 667 nobis
840 597 980 666 fideliter
996 596 1173 683 seruiendi,
1192 615 1252 662 nos
1269 597 1300 663 ei
1313 596 1349 662 in
1365 615 1469 663 remu-

334 710 539 778 neracionem
556 729 614 776 sue
628 706 796 775 fidelitatis
812 713 844 773 et
859 705 990 790 seruioij
1016 704 1182 790 quandam
1196 711 1319 774 terram
1334 705 1467 774 lleffrik

335 819 407 887 sine
421 816 541 885 herede
568 813 766 900 decedentis,
783 814 942 883 Rakouoh
956 815 1098 900 nomine,
1123 815 1222 882 sitam
1237 814 1272 881 in
1294 813 1470 902 prouincia

336 924 572 994 Thuroohiensi
582 925 786 1008 contulimus,
808 921 871 991 sibi
881 928 915 990 et
929 944 988 1010 per
999 942 1036 991 se
1046 923 1115 990 suis
1126 922 1300 990 heredibus
1311 929 1468 1009 perpetuo

336 1030 581 1121 possidendam.
600 1034 638 1100 In
652 1029 744 1099 ouius
760 1037 845 1097 terre
854 1031 1093 1118 possessionem
1109 1051 1169 1118 per
1184 1030 1313 1098 fidelem
1322 1036 1470 1097 nostrum

337 1142 460 1209 Thetus
477 1139 636 1210 Comitem
661 1141 769 1227 ipsum
784 1138 922 1206 fecimus
937 1137 1110 1208 introduci.
1137 1138 1237 1206 Cuius
1253 1145 1338 1206 terre
1361 1136 1470 1225 primo

338 1255 427 1316 mets
441 1248 555 1335 incipit
570 1268 591 1314 a
607 1253 701 1334 parto
716 1246 891 1332 aquilonis,
917 1247 974 1312 vbi
990 1244 1080 1314 cadit
1095 1247 1268 1314 Blatnieha
1283 1243 1318 1311 in
1333 1244 1470 1312 fluuium

340 1356 466 1442 Turch3
492 1355 569 1423 inde
593 1376 672 1424 vero
699 1351 847 1423 aseendit
870 1374 930 1442 per
957 1353 1096 1422 eundem
1120 1351 1253 1422 flumem
1277 1353 1321 1420 ad
1340 1359 1470 1440 partem

340 1461 533 1530 orientalem
556 1480 660 1547 rsque
676 1460 720 1527 ad
744 1460 881 1528 fluuium
905 1461 1009 1547 Ribe;
1035 1467 1067 1528 et
1085 1481 1145 1548 per
1169 1459 1307 1527 eundem
1332 1459 1471 1528 fluuium

341 1571 488 1639 ascendit
513 1570 557 1637 od
573 1574 697 1657 partem
714 1568 969 1655 meridionalem,
997 1575 1029 1636 et
1045 1569 1091 1636 ibi
1106 1577 1156 1637 est
1172 1575 1259 1636 mela
1282 1574 1393 1636 terrea
1407 1568 1471 1636 sub

340 1663 482 1765 quodam
498 1676 615 1744 arbore
631 1681 720 1743 cdrds
729 1676 833 1764 feopd
848 1684 985 1763 voeata3
1003 1675 1080 1744 indo
1098 1697 1173 1744 vero
1189 1677 1233 1744 ad
1247 1683 1373 1762 partem
1386 1674 1471 1744 occi·

343 1787 518 1872 dentalem,
544 1791 576 1852 et
590 1785 637 1852 ibi
653 1790 703 1852 est
718 1789 806 1851 meta
822 1784 882 1853 sub
898 1785 1017 1853 arbore
1032 1787 1123 1873 dorsa
1137 1791 1273 1871 voceta3
1298 1783 1375 1851 inde
1391 1804 1473 1853 uero

341 1893 445 1964 tendit
460 1893 504 1961 ad
519 1912 617 1959 vnum
634 1891 844 1960 monticulum
864 1895 981 1961 drodek
996 1901 1165 1979 vocatum3
1187 1899 1219 1959 et
1235 1890 1312 1960 inde
1325 1892 1413 1960 cadit
1427 1889 1474 1958 ad

343 2000 464 2069 dictum
479 1999 614 2067 fluuium
630 2001 748 2085 Turoh,
775 2006 807 2067 et
823 2001 871 2068 sic
895 2001 1086 2070 terminatur
1111 2001 1155 2070 ud
1172 2000 1313 2089 priorem
1338 2008 1474 2068 metam.

342 2111 385 2176 vt
400 2115 510 2176 autem
526 2107 587 2175 hoo
601 2113 715 2176 nostra
731 2105 870 2176 donacio
888 2111 983 2178 salua
999 2129 1126 2198 semper
1141 2115 1174 2177 et
1189 2110 1384 2178 inconeussa
1398 2127 1475 2193 per-

343 2225 485 2303 maneat,
510 2235 570 2283 neo
586 2215 653 2284 ullo
669 2235 811 2299 unquam
828 2223 975 2304 tempore
991 2219 1097 2305 possit
1115 2218 1150 2285 in
1165 2216 1292 2287 irritum
1311 2217 1475 2302 reuocari,

343 2333 512 2412 presentes
538 2321 645 2391 eidem
661 2324 881 2393 concessimus
906 2326 1034 2395 litteras
1061 2325 1223 2414 duppliois
1248 2325 1351 2411 sigilli
1369 2325 1477 2396 nostri

344 2432 522 2502 munimine
538 2431 719 2499 roboratas.
744 2435 839 2501 Anno
855 2435 967 2520 gracie
982 2433 1115 2503 Domini
1134 2432 1308 2503 millesimo
1323 2434 1478 2501 ducente·

344 2542 426 2611 simo
450 2539 700 2627 quadragesimo
724 2547 839 2624 quarto
865 2545 907 2612 X.
937 2541 1098 2610 kalendas
1119 2541 1333 2628 Nouembris,
1365 2542 1478 2628 Regni

346 2656 456 2720 autem
470 2649 574 2718 nostri
591 2655 676 2717 anno
694 2648 830 2718 decimo.

347 2847 526 2916 (Hitolesltett
536 2847 704 2912 mdsolatbdl
714 2849 785 2916 moly
795 2851 850 2903 tek.
860 2851 999 2919 Banioulry
1009 2847 1115 2902 Mdrton
1124 2847 1313 2904 lovdltdrdban
1323 2847 1478 2903 Pribdeaon

695 2939 801 2994 Turdea
814 2939 964 3009 megydben
978 2935 1125 3010 driatetik)

858 3212 1040 3220 ..ι-...κ-

870 3673 948 3742 109.

347 3855 408 3920 IV.
427 3855 506 3920 Belo
531 3857 635 3943 utrolp
651 3855 720 3921 Fue
735 3857 867 3942 zdprdbe‘
877 3861 1006 3942 propert
1019 3864 1050 3924 do
1066 3862 1201 3924 teetcdrei
1225 3862 1374 3926 ezdrrsdra
1393 3884 1480 3949 mep-

455 3966 560 4029 erd'ac'te'
573 3988 594 4028 a
608 3962 731 4050 Heyreh
742 3964 964 4031 birolortttetd
972 3964 1249 4053 joqosc'tcduyokot.
1268 3967 1366 4033 1244.

453 4161 493 4226 In
508 4143 639 4226 nomine
655 4157 775 4226 Sancte
788 4157 961 4228 Trinitatis
977 4167 1010 4228 et
1026 4159 1200 4229 Indiuidue
1216 4162 1368 4233 Vnitatis.
1394 4164 1483 4233 Bela

347 4266 410 4336 Dei
426 4267 539 4353 grecia
553 4267 731 4353 Hungarie,
758 4267 939 4354 Damocle,
956 4268 1103 4357 Oroaoie,
1119 4271 1234 4356 Reme,
1257 4271 1382 4357 Seruis,
1399 4270 1481 4340 cu-

346 4376 433 4462 lioie,
458 4374 652 4443 Lodomerie
668 4373 889 4460 Cumanieque
914 4377 985 4444 Rex
1000 4377 1161 4446 uniuersis
1178 4377 1299 4446 Christi
1324 4377 1481 4447 fidelibus

346 4505 482 4574 presens
498 4483 652 4571 scriptum
666 4484 861 4574 inspecturis
877 4486 1016 4555 salutem
1033 4493 1065 4556 et
1080 4507 1176 4556 omno
1192 4489 1321 4557 bonum.
1349 4489 1483 4556 Tenere

347 4593 550 4680 presencium
561 4595 721 4663 uniuersis
732 4595 880 4664 volumus
890 4597 960 4664 fieri
971 4596 1189 4685 manifestum,
1201 4596 1370 4684 quodcum
1381 4617 1482 4683 quas-

348 4698 425 4770 dam
450 4702 684 4790 possessiones,
710 4721 773 4787 que
790 4703 832 4773 ob
847 4723 1000 4790 magnam
1015 4711 1050 4775 et
1064 4706 1225 4776 notoriam
1248 4703 1480 4776 infidelitatem
