3168 5186
847 839 923 907 828.

326 1043 350 1110 Ι
354 1043 387 1109 V.
411 1043 494 1110 Belo
516 1042 622 1126 terelp
641 1038 770 1106 Clonus
792 1040 926 1106 dirutos
949 1041 1111 1128 Wt'pmdni
1133 1041 1244 1110 Eridu-e
1268 1065 1366 1109 cornea
1381 1048 1420 1106 e's
1452 1065 1475 1106 α

583 1151 703 1236 kirdlpa'
717 1149 938 1216 besemelel
953 1148 1084 1217 condrei.
1103 1153 1198 1216 1257.

434 1349 517 1416 Bela
526 1349 589 1416 Dei
602 1348 716 1432 gracia
725 1347 906 1434 Hungurie,
915 1348 1095 1434 Dalmatio,
1112 1349 1377 1436 CroesiqRame,
1387 1349 1476 1418 Ser-

326 1459 392 1544 uie,
418 1455 571 1540 Gallicis,
596 1455 799 1543 hodomerie,
824 1455 1047 1544 Cumanieque
1070 1457 1139 1524 Rex
1164 1455 1314 1528 omnibus
1340 1459 1474 1544 quibus

326 1569 492 1650 presentes
509 1562 723 1632 ostenduntur
738 1570 805 1632 tam
829 1563 1037 1649 presentibus
1061 1584 1157 1648 quum
1174 1565 1291 1632 suturis
1315 1565 1472 1634 salutem

325 1673 360 1740 in
383 1672 528 1742 omnium
552 1673 730 1744 calcatore
752 1671 846 1744 hicet
870 1674 1098 1742 munificenoie
1111 1672 1246 1759 Regalis
1261 1674 1472 1742 inmensitas

326 1783 369 1850 ud
395 1779 557 1867 quoslibet
580 1802 679 1850 manu
705 1780 859 1866 largiflua
882 1803 921 1850 se
944 1780 1067 1854 habere
1091 1778 1221 1866 debat,
1243 1781 1322 1848 illos
1348 1788 1470 1852 tamen

329 1891 490 1959 uberioris
514 1895 548 1958 et
573 1889 744 1975 amplioris
780 1893 891 1977 grume
923 1893 1081 1960 beneficio
1115 1891 1228 1958 fouere
1263 1895 1395 1958 tenetur
1432 1897 1469 1957 et

327 1997 490 2084 amplecti,
507 2019 643 2086 quorum
659 2000 808 2068 inmense
823 1999 997 2067 fidelitatis
1012 1999 1233 2068 constanciam
1249 2017 1308 2084 per
1333 1997 1467 2084 experi-

326 2111 437 2174 menta
453 2101 570 2176 didicit
585 2111 617 2174 et
633 2125 758 2174 morum
774 2107 979 2176 honestatem
994 2106 1116 2191 iugiter
1131 2105 1348 2194 comprobari.
1377 2105 1466 2174 Pro·

324 2211 459 2280 indeed
475 2213 701 2284 uniuersorum
727 2215 883 2283 noticiam
898 2216 1050 2282 volumus
1074 2213 1256 2302 peruenire,
1280 2213 1466 2299 quodcum

325 2328 445 2388 terram
472 2323 602 2389 nomine
616 2322 755 2392 Chcnuk
778 2341 879 2411 prope
895 2324 1047 2409 wigman
1064 2321 1266 2407 emstentem,
1299 2340 1364 2408 que
1379 2341 1464 2407 aga·

325 2447 443 2498 uonum
458 2437 642 2502 nostrorum
658 2432 775 2518 iuerat,
800 2451 872 2502 cum
898 2453 1005 2500 uacua
1019 2439 1053 2498 et
1076 2430 1228 2498 desolata
1241 2436 1318 2516 post
1341 2429 1463 2498 Terta-

325 2556 379 2604 ros
407 2539 627 2624 remansisset,
658 2541 781 2608 dilecto
806 2547 839 2606 et
864 2539 953 2608 fideli
980 2546 1089 2609 nostro
1115 2539 1234 2608 Comiti
1258 2537 1393 2608 Andree
1418 2540 1464 2606 do

325 2647 479 2733 wigman
495 2669 554 2735 pro
564 2653 716 2737 seruicijs
732 2651 765 2718 et
780 2649 1007 2735 fidelitatibus,
1024 2669 1105 2736 quas
1122 2647 1217 2718 nohis
1232 2649 1462 2717 indesinentes

326 2756 530 2844 exhibuerat,
552 2779 611 2847 pro
627 2760 745 2844 quibus
762 2759 1029 2830 remuneracione
1045 2757 1201 2845 ampliori
1216 2759 1331 2828 morito
1347 2757 1460 2828 iuerat
1575 2791 1581 2820 t

324 2865 537 2952 attollendus,
559 2867 601 2936 de
618 2866 823 2954 plenitudine
839 2873 950 2936 nostre
965 2867 1075 2952 gracie
1090 2867 1360 2955 contulissemus,
1386 2873 1459 2933 tan·

323 2973 397 3044 dem
412 2994 486 3042 oum
503 2974 635 3060 quidam
652 2977 860 3063 postmodum
876 2976 1017 3062 deipsis
1038 2976 1252 3062 ,agasonibus
1277 2977 1333 3062 qui
1349 2976 1460 3062 primo

322 3085 428 3172 ipsam
451 3091 569 3154 terram
596 3086 833 3174 inhabitabant,
857 3087 1000 3172 dispersi
1025 3107 1085 3172 per
1103 3089 1262 3156 Tartarus
1280 3087 1459 3173 rediJ‘ssent

323 3199 468 3262 nostram
483 3191 729 3262 Excellenciam
744 3195 963 3282 imploraturi,
989 3201 1023 3263 vt
1038 3196 1217 3283 predictam
1233 3201 1358 3264 terram
1373 3192 1458 3280 ipsis

320 3299 492 3370 restituere
509 3300 541 3368 di
555 3321 747 3388 guarentem
762 3302 865 3386 Regia
880 3303 1085 3390 benignitate
1099 3301 1225 3370 inducti
1238 3301 1378 3370 tercium
1394 3323 1459 3388 par

320 3415 385 3480 tem
400 3407 546 3478 eiusdem
571 3417 657 3480 terre
682 3411 764 3500 ipsis
780 3411 978 3496 agasonibus
998 3430 1059 3498 pet·
1075 3412 1203 3480 fidelem
1228 3419 1260 3480 et
1284 3412 1447 3488 dilectum

321 3521 466 3584 nostrum
489 3515 681 3602 Magistrum
706 3517 922 3604 Smaragdum
946 3521 1123 3588 Albensem
1139 3519 1346 3606 Prepositum
1370 3520 1463 3587 aule.

319 3629 431 3693 nostre
446 3625 959 3713 Vionenoellunum'ossignari
974 3629 1129 3714 ieeimua;
1151 3625 1233 3698 dues
1248 3633 1360 3714 partos
1386 3626 1447 3694 Co·

323 3733 394 3800 miti
410 3733 548 3820 Andree,
574 3743 607 3804 et
621 3757 680 3822 per
695 3759 767 3805 eum
793 3738 862 3805 suis
877 3736 1063 3823 heredibus,
1085 3736 1308 3820 heredumque
1323 3754 1452 3804 sucees-

319 3842 449 3911 sonibus
457 3849 615 3931 perpetuo
625 3845 846 3932 relinquendo,
855 3852 1026 3932 utramque
1033 3853 1164 3932 terrem,
1175 3843 1332 3913 videlieet
1349 3864 1449 3932 quam

319 3950 517 4033 agasonibus
542 3954 765 4039 restituimus,
787 3960 820 4022 et
844 3973 940 4041 qnam
964 3952 1083 4022 comiti
1098 3953 1230 4021 Andree
1244 3951 1454 4040 reliquimus,

318 4058 421 4126 certis
436 4063 534 4130 metis
550 4061 692 4146 undique
716 4065 864 4147 seperari
890 4062 1036 4131 lecimus.
1061 4062 1208 4143 Quarum
1225 4059 1359 4146 quidem
1374 4058 1453 4130 dua-

319 4186 390 4234 rum
406 4169 555 4254 parcium
571 4175 658 4238 terre
673 4175 770 4252 mete,
794 4189 878 4256 ques
891 4170 958 4258 ipsi
974 4170 1093 4238 Comiti
1110 4168 1241 4238 Andrus
1258 4169 1454 4257 reliquimus

318 4273 380 4342 hoc
403 4273 518 4344 ordine
545 4275 785 4365 distinguntur,
809 4284 905 4364 prout
930 4278 1016 4346 idem
1042 4277 1149 4346 fidelis
1165 4283 1278 4344 noster
1295 4276 1453 4347 Albensis

318 4384 506 4471 Propositus
516 4383 611 4456 nobis
628 4385 805 4473 inscriptis
816 4389 1031 4474 presentabit.
1056 4385 1174 4474 Incipit
1190 4387 1277 4454 enim
1291 4385 1327 4454 in
1343 4387 1452 4474 capite

318 4492 485 4561 cuiusdam
498 4493 595 4581 fosse,
612 4495 667 4564 rbi
683 4496 914 4582 continguatur
929 4495 1096 4564 terreAbe
1107 4495 1294 4582 jobegionis
1304 4495 1450 4582 Reginoi

317 4598 395 4667 iude
418 4601 511 4671 vadit
537 4603 570 4671 in
596 4609 716 4672 terram
742 4605 917 4691 incultam,
951 4625 1014 4691 que
1038 4629 1097 4694 pop
1114 4611 1257 4691 vocatur,
1282 4604 1326 4672 ed
1352 4610 1450 4692 caput
