3186 5188
607 287 764 387 Q

81 481 160 549 dus
183 481 371 550 Palatinus
395 500 504 548 emere
521 481 592 548 siue
617 500 811 566 comparare
835 503 901 550 non
925 482 1094 569 potuisset.
1121 483 1172 550 Ob
1188 485 1253 552 hoc

82 586 259 656 eundem
276 587 464 656 horandum
478 605 590 655 coram
608 587 703 655 nobis
719 607 827 656 emere
835 589 1062 674 permiserunt,
1079 590 1157 673 quia
1172 608 1253 676 sepe

83 693 220 762 dictus
242 693 414 762 Lorandus
430 694 601 764 Palatinus
618 715 689 762 cum
707 694 830 762 eisdem
855 696 953 762 talem
969 695 1047 762 fecit
1070 696 1252 766 ordinacio-

81 821 186 870 nem.
220 804 300 871 Hoc
316 810 424 870 tamen
451 802 581 889 adjecto
606 803 808 890 interposito,
836 802 923 887 quod
945 805 1051 872 dietus
1076 805 1249 872 Lorandus

82 911 291 978 Palatinus
315 909 585 993 quandocumque
610 917 644 976 ct
665 910 945 994 qualitercumque
970 912 1024 979 vel
1048 912 1106 998 filij
1124 913 1174 980 sui
1190 919 1248 980 ant

80 1037 247 1085 snorum
265 1017 402 1085 heredes
418 1015 586 1102 possidere
603 1035 661 1084 scu
677 1018 965 1104 obtincrcnollent,
983 1026 1101 1086 extunc
1113 1019 1248 1104 nemini,

83 1145 155 1191 uec
190 1126 356 1210 cuipiam,
382 1143 442 1191 nec
458 1123 616 1211 proximis
634 1125 780 1194 eiusdem
797 1127 926 1192 tradere
945 1146 1003 1193 seu
1017 1126 1160 1194 vendere
1175 1145 1248 1213 pos-

83 1232 146 1316 sit,
178 1233 259 1298 nisi
275 1232 453 1298 Benedicto
470 1240 503 1298 et
517 1232 595 1316 liiijs
615 1231 685 1298 siue
711 1232 886 1300 heredibus
902 1252 1054 1316 suorum;
1081 1235 1109 1299 si
1125 1234 1246 1319 prefati

82 1341 309 1407 Benedictus
340 1344 372 1406 et
401 1338 459 1422 filij
486 1339 537 1404 sui
562 1357 669 1406 emere
694 1360 757 1406 non
783 1345 937 1426 possent,
971 1342 1185 1409 commetanei
1213 1348 1248 1408 ct

27 1501 29 1504 ,
85 1446 203 1514 vicini
234 1445 346 1529 elicui,
371 1445 507 1528 quinon
532 1454 607 1512 sunt
633 1445 674 1511 de
696 1447 913 1530 generacionc
936 1446 1123 1532 eorundem,
1140 1448 1245 1514 libere

85 1556 240 1642 possint
257 1573 450 1641 comparare
470 1553 606 1640 justicia
631 1555 805 1622 mediante.
831 1555 918 1634 Quia
931 1554 1102 1623 Lorandus
1121 1556 1244 1623 Palati-

85 1683 155 1730 nus
185 1663 359 1749 prefatam
385 1661 627 1730 ordinacionem
658 1681 767 1728 coram
792 1661 888 1729 nobis
914 1661 1037 1729 eisdem
1070 1661 1242 1737 concessit,

84 1769 276 1856 predictas
292 1768 519 1854 possessiones
545 1768 652 1835 eidem
668 1785 775 1835 emere
791 1769 1014 1854 permiserunt.
1040 1767 1139 1835 Cuius
1156 1775 1243 1836 mete

85 1875 359 1963 possessionum
374 1873 635 1959 supradictarum
653 1875 687 1941 in
703 1874 820 1942 litteris
837 1875 979 1961 Capituli
996 1873 1039 1940 de
1051 1877 1160 1958 Posga
1175 1877 1244 1961 ple-

84 1986 171 2052 nius
200 1982 424 2051 continentur.
451 1982 493 2049 Vt
509 1982 610 2066 igitur
634 1982 729 2050 huius
753 1983 832 2049 iacti
847 1983 949 2050 series
973 2002 1031 2068 per
1046 2002 1106 2051 uos
1131 1981 1193 2048 rite
1209 1989 1243 2048 et

85 2093 254 2178 legitime
272 2097 466 2157 conseruata
482 2090 579 2157 robur
594 2095 785 2176 perpetuum
802 2091 959 2176 optineat,
983 2097 1151 2178 presentes
1167 2109 1243 2156 con·

87 2201 240 2266 tulimus
266 2198 394 2264 litteras
421 2196 584 2282 dupplicis
610 2197 711 2280 sigilli
727 2198 831 2264 nostri
856 2198 1034 2265 munimine
1057 2199 1238 2266 roboratas.

89 2309 228 2373 Datum
245 2324 308 2391 por·
323 2322 440 2370 manus
455 2303 607 2387 Magistri
617 2303 1148 2390 SymaragdiPropositiAlbensis
1164 2304 1240 2370 aule

88 2419 216 2481 nostre
235 2410 528 2495 Vico-Cancellarij
546 2429 631 2478 anno
648 2411 779 2477 Domini
795 2411 967 2479 millesimo
983 2409 1240 2495 CO⁰quadrage

87 2522 180 2589 simo
200 2525 334 2602 octauo,
352 2517 457 2604 Regni
474 2526 583 2584 autem
599 2518 701 2584 nostri
715 2536 806 2585 anno
823 2518 950 2586 docimo
966 2525 1091 2602 quarto.

89 2718 242 2785 (Eredetie
257 2711 434 2782 blirhdrtydn,
457 2712 631 2780 voror-strgs
651 2715 777 2768 asiudrou
791 2717 876 2782 fllggd
889 2715 1027 2782 peccattol,
1042 2729 1058 2765 a
1071 2716 1116 2781 hg.
1129 2717 1238 2766 Esatcr·
1316 2726 1317 2729 ’

476 2802 546 2870 hdzy
559 2803 651 2858 cssldd
662 2803 868 2872 lereltartbau.)

540 3103 800 3118 W

630 3585 704 3653 182.

97 3789 118 3852 1
125 3790 156 3855 V.
182 3791 265 3854 Bc'lo
292 3787 396 3873 lurcily
421 3786 595 3871 mcpcrdcr'ti
618 3785 806 3850 Konstantia
832 3795 949 3862 uocatur,
976 3781 1234 3866 azelmfelrervdri

92 3895 262 3985 deptclani
275 3894 376 3961 dolon
392 3897 541 3960 cadmum
556 3917 576 3958 a
593 3893 690 3959 Modo
705 3892 839 3958 bicolor
857 3891 1009 3976 tdrpyozd
1029 3892 1232 3973 sacraemtnffi

498 4001 711 4088 okcrdnyolrut.
727 3999 823 4065 1248.

203 4199 288 4265 Bola
313 4197 378 4264 Dei
404 4195 521 4282 gracia
544 4192 724 4281 Huogarie,
750 4191 933 4276 Dalmacie,
953 4189 1101 4273 (lroacie,
1117 4192 1231 4274 Remo,

95 4306 220 4392 Seruio,
239 4305 379 4392 (italicis,
396 4304 597 4387 Lodomerie,
618 4301 839 4388 Cumanieque
857 4302 927 4367 Rex
945 4297 1095 4368 omnibus
1111 4296 1233 4364 Christi

98 4413 250 4482 fidelibus
267 4419 438 4501 presentes
453 4411 580 4479 litteras
591 4410 786 4498 inspecturis
802 4408 943 4476 salutern
958 4405 992 4472 in
1009 4404 1153 4473 omnium
1169 4403 1232 4470 sal-

101 4531 223 4589 uatorc.
259 4521 357 4590 Justa
382 4519 566 4607 potencium
595 4517 760 4586 desideria
785 4520 914 4600 gratum
938 4510 1060 4581 debent
1084 4511 1231 4599 optinere

98 4627 256 4716 sanorem,
283 4638 319 4698 ut
343 4630 481 4698 affectus
507 4626 710 4698 subditorum
739 4625 925 4693 continuum
947 4621 1106 4709 suscipiat
1128 4619 1232 4686 incre-
