<?xml version="1.0" encoding="UTF-8"?>
<!DOCTYPE html PUBLIC "-//W3C//DTD XHTML 1.0 Transitional//EN"
    "http://www.w3.org/TR/xhtml1/DTD/xhtml1-transitional.dtd">
<html xmlns="http://www.w3.org/1999/xhtml" xml:lang="en" lang="en">
 <head>
  <title>
</title>
<meta http-equiv="Content-Type" content="text/html;charset=utf-8" />
  <meta name='ocr-system' content='tesseract 3.04.00' />
  <meta name='ocr-capabilities' content='ocr_page ocr_carea ocr_par ocr_line ocrx_word'/>
</head>
<body>
  <div class='ocr_page' id='page_1' title='image "./codexdiplomatic18wenzgoog_0180.png"; bbox 0 0 3210 5194; ppageno 0'>
   <div class='ocr_carea' id='block_1_1' title="bbox 862 306 1020 406">
    <p class='ocr_par' dir='ltr' id='par_1_1' title="bbox 862 306 1020 406">
     <span class='ocr_line' id='line_1_1' title="bbox 862 306 1020 406; baseline -0.013 0"><span class='ocrx_word' id='word_1_1' title='bbox 862 306 1020 406; x_wconf 53' lang='lat' dir='ltr'>..aaa</span> 
     </span>
    </p>
   </div>
   <div class='ocr_carea' id='block_1_2' title="bbox 377 500 1514 800">
    <p class='ocr_par' dir='ltr' id='par_1_2' title="bbox 377 500 1514 800">
     <span class='ocr_line' id='line_1_2' title="bbox 380 500 1514 588; baseline 0.001 -18"><span class='ocrx_word' id='word_1_2' title='bbox 380 502 534 588; x_wconf 79' lang='lat' dir='ltr'>misisset,</span> <span class='ocrx_word' id='word_1_3' title='bbox 553 508 661 570; x_wconf 85' lang='lat' dir='ltr'>vestes</span> <span class='ocrx_word' id='word_1_4' title='bbox 673 521 710 568; x_wconf 90' lang='lat' dir='ltr'>se</span> <span class='ocrx_word' id='word_1_5' title='bbox 726 500 887 586; x_wconf 80' lang='lat' dir='ltr'>daturum,</span> <span class='ocrx_word' id='word_1_6' title='bbox 909 507 941 567; x_wconf 91' lang='lat' dir='ltr'>et</span> <span class='ocrx_word' id='word_1_7' title='bbox 956 501 1132 587; x_wconf 88' lang='lat' dir='ltr'>prouidere</span> <span class='ocrx_word' id='word_1_8' title='bbox 1148 521 1334 585; x_wconf 78' lang='lat' dir='ltr'>eamusque</span> <span class='ocrx_word' id='word_1_9' title='bbox 1351 502 1514 571; x_wconf 87' lang='lat' dir='ltr'>adnonas</span> 
     </span>
     <span class='ocr_line' id='line_1_3' title="bbox 377 607 1513 695; baseline -0.001 -17"><span class='ocrx_word' id='word_1_10' title='bbox 377 619 506 694; x_wconf 77' lang='lat' dir='ltr'>segetes</span> <span class='ocrx_word' id='word_1_11' title='bbox 522 610 557 676; x_wconf 95' lang='lat' dir='ltr'>in</span> <span class='ocrx_word' id='word_1_12' title='bbox 573 611 640 678; x_wconf 84' lang='lat' dir='ltr'>vite</span> <span class='ocrx_word' id='word_1_13' title='bbox 655 609 853 695; x_wconf 91' lang='lat' dir='ltr'>necessarijs</span> <span class='ocrx_word' id='word_1_14' title='bbox 869 609 932 677; x_wconf 90' lang='lat' dir='ltr'>stb.</span> <span class='ocrx_word' id='word_1_15' title='bbox 949 610 1069 677; x_wconf 89' lang='lat' dir='ltr'>Datum</span> <span class='ocrx_word' id='word_1_16' title='bbox 1078 608 1171 677; x_wconf 90' lang='lat' dir='ltr'>Bude</span> <span class='ocrx_word' id='word_1_17' title='bbox 1181 609 1235 677; x_wconf 86' lang='lat'>39.</span> <span class='ocrx_word' id='word_1_18' title='bbox 1253 607 1307 677; x_wconf 90' lang='lat' dir='ltr'>die</span> <span class='ocrx_word' id='word_1_19' title='bbox 1317 615 1513 679; x_wconf 77' lang='lat' dir='ltr'>octonarum</span> 
     </span>
     <span class='ocr_line' id='line_1_4' title="bbox 377 715 1512 800; baseline -0.001 -16"><span class='ocrx_word' id='word_1_20' title='bbox 377 717 472 785; x_wconf 83' lang='lat' dir='ltr'>Beati</span> <span class='ocrx_word' id='word_1_21' title='bbox 487 717 655 786; x_wconf 78' lang='lat' dir='ltr'>Michaelis</span> <span class='ocrx_word' id='word_1_22' title='bbox 671 716 872 800; x_wconf 75' lang='lat' dir='ltr'>Archangeli</span> <span class='ocrx_word' id='word_1_23' title='bbox 892 736 979 784; x_wconf 83' lang='lat' dir='ltr'>anno</span> <span class='ocrx_word' id='word_1_24' title='bbox 1002 715 1135 784; x_wconf 85' lang='lat' dir='ltr'>Domini</span> <span class='ocrx_word' id='word_1_25' title='bbox 1158 718 1203 784; x_wconf 75' lang='grc' dir='ltr'>Μο</span> <span class='ocrx_word' id='word_1_26' title='bbox 1220 716 1339 785; x_wconf 85' lang='grc' dir='ltr'>0000ο</span> <span class='ocrx_word' id='word_1_27' title='bbox 1355 719 1435 785; x_wconf 84' lang='lat' dir='ltr'>XX⁰</span> <span class='ocrx_word' id='word_1_28' title='bbox 1454 721 1512 786; x_wconf 84' lang='lat'>11⁰.</span> 
     </span>
    </p>
   </div>
   <div class='ocr_carea' id='block_1_3' title="bbox 377 913 1513 1070">
    <p class='ocr_par' dir='ltr' id='par_1_3' title="bbox 377 913 1513 1070">
     <span class='ocr_line' id='line_1_5' title="bbox 377 913 1513 980; baseline -0.002 -13"><span class='ocrx_word' id='word_1_29' title='bbox 377 913 463 980; x_wconf 77' lang='lat' dir='ltr'>(Eram</span> <span class='ocrx_word' id='word_1_30' title='bbox 474 913 666 968; x_wconf 75' lang='lat' dir='ltr'>itellllsrdluoh</span> <span class='ocrx_word' id='word_1_31' title='bbox 677 914 793 967; x_wconf 83' lang='lat' dir='ltr'>credetis</span> <span class='ocrx_word' id='word_1_32' title='bbox 803 929 820 966; x_wconf 93' lang='lat' dir='ltr'>a</span> <span class='ocrx_word' id='word_1_33' title='bbox 829 915 912 966; x_wconf 87' lang='lat' dir='ltr'>budai</span> <span class='ocrx_word' id='word_1_34' title='bbox 921 915 973 967; x_wconf 86' lang='lat' dir='ltr'>kir.</span> <span class='ocrx_word' id='word_1_35' title='bbox 985 916 1108 967; x_wconf 84' lang='lat' dir='ltr'>hamarai</span> <span class='ocrx_word' id='word_1_36' title='bbox 1119 913 1287 968; x_wconf 69' lang='lat' dir='ltr'>lsvdltarban</span> <span class='ocrx_word' id='word_1_37' title='bbox 1297 917 1435 968; x_wconf 79' lang='lat' dir='ltr'>driztstih.</span> <span class='ocrx_word' id='word_1_38' title='bbox 1441 917 1474 966; x_wconf 89' lang='lat' dir='ltr'>V.</span> <span class='ocrx_word' id='word_1_39' title='bbox 1487 923 1513 967; x_wconf 82' lang='grc' dir='ltr'>ὃ.</span> 
     </span>
     <span class='ocr_line' id='line_1_6' title="bbox 543 1000 1344 1070; baseline 0 -14"><span class='ocrx_word' id='word_1_40' title='bbox 543 1001 771 1070; x_wconf 67' lang='lat' dir='ltr'>Okmdnytdrunk</span> <span class='ocrx_word' id='word_1_41' title='bbox 784 1000 909 1055; x_wconf 82' lang='lat' dir='ltr'>mtsouik</span> <span class='ocrx_word' id='word_1_42' title='bbox 923 1001 1098 1070; x_wconf 70' lang='lat' dir='ltr'>folyamanak</span> <span class='ocrx_word' id='word_1_43' title='bbox 1111 1005 1132 1056; x_wconf 88' lang='lat'>1.</span> <span class='ocrx_word' id='word_1_44' title='bbox 1147 1005 1204 1056; x_wconf 84' lang='lat' dir='ltr'>hot.</span> <span class='ocrx_word' id='word_1_45' title='bbox 1220 1006 1279 1056; x_wconf 70' lang='lat' dir='ltr'>aad.</span> <span class='ocrx_word' id='word_1_46' title='bbox 1295 1005 1344 1066; x_wconf 78' lang='lat' dir='ltr'>sa.)</span> 
     </span>
    </p>
   </div>
   <div class='ocr_carea' id='block_1_4' title="bbox 911 1730 967 1796">
    <p class='ocr_par' dir='ltr' id='par_1_4' title="bbox 911 1730 967 1796">
     <span class='ocr_line' id='line_1_7' title="bbox 911 1730 967 1796; baseline 0 -1"><span class='ocrx_word' id='word_1_47' title='bbox 911 1730 967 1796; x_wconf 82' lang='grc'>99.</span> 
     </span>
    </p>
   </div>
   <div class='ocr_carea' id='block_1_5' title="bbox 379 1881 1512 2000">
    <p class='ocr_par' dir='ltr' id='par_1_5' title="bbox 379 1881 1512 2000">
     <span class='ocr_line' id='line_1_8' title="bbox 379 1881 1512 2000; baseline 0.001 -26"><span class='ocrx_word' id='word_1_48' title='bbox 379 1911 408 1974; x_wconf 88' lang='lat' dir='ltr'><strong><em>A</em></strong></span> <span class='ocrx_word' id='word_1_49' title='bbox 425 1912 540 1995; x_wconf 71' lang='lat' dir='ltr'>saepest</span> <span class='ocrx_word' id='word_1_50' title='bbox 556 1908 781 1994; x_wconf 80' lang='lat' dir='ltr'>kdptolunrralc</span> <span class='ocrx_word' id='word_1_51' title='bbox 806 1881 1080 2000; x_wconf 63' lang='lat' dir='ltr'>bizoopsitpleoalc,</span> <span class='ocrx_word' id='word_1_52' title='bbox 1098 1911 1178 1997; x_wconf 75' lang='lat' dir='ltr'>bopy</span> <span class='ocrx_word' id='word_1_53' title='bbox 1194 1911 1293 1976; x_wconf 82' lang='lat' dir='ltr'>Jnscb</span> <span class='ocrx_word' id='word_1_54' title='bbox 1316 1911 1512 1996; x_wconf 74' lang='lat' dir='ltr'>belterncpn-</span> 
     </span>
    </p>
   </div>
   <div class='ocr_carea' id='block_1_6' title="bbox 377 1997 1512 2194">
    <p class='ocr_par' dir='ltr' id='par_1_6' title="bbox 377 1997 1512 2194">
     <span class='ocr_line' id='line_1_9' title="bbox 377 1997 1512 2101; baseline 0.001 -22"><span class='ocrx_word' id='word_1_55' title='bbox 377 2019 430 2080; x_wconf 83' lang='lat' dir='ltr'>rai</span> <span class='ocrx_word' id='word_1_56' title='bbox 445 2015 534 2079; x_wconf 80' lang='lat' dir='ltr'>lolcos</span> <span class='ocrx_word' id='word_1_57' title='bbox 551 1997 1110 2101; x_wconf 68' lang='lat' dir='ltr'>aj-roszbocbinollcezadpdtGobelin</span> <span class='ocrx_word' id='word_1_58' title='bbox 1128 2018 1245 2082; x_wconf 70' lang='lat' dir='ltr'>britton</span> <span class='ocrx_word' id='word_1_59' title='bbox 1254 2018 1375 2101; x_wconf 71' lang='lat' dir='ltr'>fldoclc</span> <span class='ocrx_word' id='word_1_60' title='bbox 1393 2018 1512 2082; x_wconf 72' lang='lat' dir='ltr'>clodio.</span> 
     </span>
     <span class='ocr_line' id='line_1_10' title="bbox 794 2125 990 2194; baseline -0.041 0"><span class='ocrx_word' id='word_1_61' title='bbox 794 2181 799 2194; x_wconf 84' lang='lat'>.</span> <span class='ocrx_word' id='word_1_62' title='bbox 894 2125 990 2188; x_wconf 76' lang='lat'><em>1243.</em></span> 
     </span>
    </p>
   </div>
   <div class='ocr_carea' id='block_1_7' title="bbox 371 2315 1510 4660">
    <p class='ocr_par' dir='ltr' id='par_1_7' title="bbox 371 2315 1510 4660">
     <span class='ocr_line' id='line_1_11' title="bbox 486 2315 1509 2405; baseline 0.003 -23"><span class='ocrx_word' id='word_1_63' title='bbox 486 2315 673 2402; x_wconf 81' lang='lat' dir='ltr'>Capitulum</span> <span class='ocrx_word' id='word_1_64' title='bbox 699 2315 844 2384; x_wconf 83' lang='lat' dir='ltr'>Ecclesie</span> <span class='ocrx_word' id='word_1_65' title='bbox 870 2316 963 2383; x_wconf 84' lang='lat' dir='ltr'>Beati</span> <span class='ocrx_word' id='word_1_66' title='bbox 989 2317 1120 2384; x_wconf 85' lang='lat' dir='ltr'>Martini</span> <span class='ocrx_word' id='word_1_67' title='bbox 1149 2318 1189 2384; x_wconf 92' lang='lat' dir='ltr'>de</span> <span class='ocrx_word' id='word_1_68' title='bbox 1205 2319 1329 2405; x_wconf 85' lang='lat' dir='ltr'>Scepus</span> <span class='ocrx_word' id='word_1_69' title='bbox 1354 2320 1509 2386; x_wconf 91' lang='lat' dir='ltr'>omuibus</span> 
     </span>
     <span class='ocr_line' id='line_1_12' title="bbox 378 2423 1509 2513; baseline 0.004 -23"><span class='ocrx_word' id='word_1_70' title='bbox 378 2423 498 2490; x_wconf 83' lang='lat' dir='ltr'>Christi</span> <span class='ocrx_word' id='word_1_71' title='bbox 513 2423 664 2492; x_wconf 86' lang='lat' dir='ltr'>fidelibus</span> <span class='ocrx_word' id='word_1_72' title='bbox 681 2426 886 2510; x_wconf 86' lang='lat' dir='ltr'>presentibus</span> <span class='ocrx_word' id='word_1_73' title='bbox 902 2425 1025 2511; x_wconf 89' lang='lat' dir='ltr'>pariter</span> <span class='ocrx_word' id='word_1_74' title='bbox 1041 2433 1074 2492; x_wconf 90' lang='lat' dir='ltr'>et</span> <span class='ocrx_word' id='word_1_75' title='bbox 1088 2426 1215 2511; x_wconf 86' lang='lat' dir='ltr'>futuris,</span> <span class='ocrx_word' id='word_1_76' title='bbox 1242 2427 1357 2510; x_wconf 87' lang='lat' dir='ltr'>quibus</span> <span class='ocrx_word' id='word_1_77' title='bbox 1375 2447 1509 2513; x_wconf 88' lang='lat' dir='ltr'>presen-</span> 
     </span>
     <span class='ocr_line' id='line_1_13' title="bbox 379 2532 1510 2618; baseline 0.002 -22"><span class='ocrx_word' id='word_1_78' title='bbox 379 2538 427 2599; x_wconf 89' lang='lat' dir='ltr'>tes</span> <span class='ocrx_word' id='word_1_79' title='bbox 445 2532 665 2616; x_wconf 84' lang='lat' dir='ltr'>ostendentur,</span> <span class='ocrx_word' id='word_1_80' title='bbox 691 2532 829 2600; x_wconf 88' lang='lat' dir='ltr'>salutem</span> <span class='ocrx_word' id='word_1_81' title='bbox 846 2532 880 2598; x_wconf 93' lang='lat' dir='ltr'>in</span> <span class='ocrx_word' id='word_1_82' title='bbox 896 2534 1039 2598; x_wconf 88' lang='lat' dir='ltr'>omniurn</span> <span class='ocrx_word' id='word_1_83' title='bbox 1056 2533 1238 2601; x_wconf 85' lang='lat' dir='ltr'>Saluatore.</span> <span class='ocrx_word' id='word_1_84' title='bbox 1262 2533 1313 2599; x_wconf 84' lang='lat' dir='ltr'>Ne</span> <span class='ocrx_word' id='word_1_85' title='bbox 1328 2553 1437 2600; x_wconf 90' lang='lat' dir='ltr'>rerum</span> <span class='ocrx_word' id='word_1_86' title='bbox 1454 2553 1510 2618; x_wconf 84' lang='lat' dir='ltr'>ge-</span> 
     </span>
     <span class='ocr_line' id='line_1_14' title="bbox 378 2638 1508 2724; baseline 0.001 -19"><span class='ocrx_word' id='word_1_87' title='bbox 378 2644 500 2705; x_wconf 88' lang='lat' dir='ltr'>starum</span> <span class='ocrx_word' id='word_1_88' title='bbox 526 2639 682 2704; x_wconf 87' lang='lat' dir='ltr'>memoria</span> <span class='ocrx_word' id='word_1_89' title='bbox 707 2638 803 2705; x_wconf 91' lang='lat' dir='ltr'>simul</span> <span class='ocrx_word' id='word_1_90' title='bbox 819 2658 890 2705; x_wconf 87' lang='lat' dir='ltr'>cum</span> <span class='ocrx_word' id='word_1_91' title='bbox 908 2645 1054 2724; x_wconf 90' lang='lat' dir='ltr'>tempore</span> <span class='ocrx_word' id='word_1_92' title='bbox 1077 2640 1208 2707; x_wconf 89' lang='lat' dir='ltr'>labatur</span> <span class='ocrx_word' id='word_1_93' title='bbox 1232 2660 1288 2707; x_wconf 89' lang='lat' dir='ltr'>seo</span> <span class='ocrx_word' id='word_1_94' title='bbox 1315 2647 1508 2723; x_wconf 85' lang='lat' dir='ltr'>euanesoat,</span> 
     </span>
     <span class='ocr_line' id='line_1_15' title="bbox 377 2744 1507 2835; baseline 0.003 -24"><span class='ocrx_word' id='word_1_95' title='bbox 377 2746 554 2830; x_wconf 86' lang='lat' dir='ltr'>peritorum</span> <span class='ocrx_word' id='word_1_96' title='bbox 571 2765 612 2812; x_wconf 88' lang='lat' dir='ltr'>ea</span> <span class='ocrx_word' id='word_1_97' title='bbox 625 2744 788 2812; x_wconf 84' lang='lat' dir='ltr'>industria</span> <span class='ocrx_word' id='word_1_98' title='bbox 797 2747 939 2813; x_wconf 89' lang='lat' dir='ltr'>virorum</span> <span class='ocrx_word' id='word_1_99' title='bbox 954 2747 1136 2816; x_wconf 88' lang='lat' dir='ltr'>litterarum</span> <span class='ocrx_word' id='word_1_100' title='bbox 1151 2749 1331 2835; x_wconf 86' lang='lat' dir='ltr'>patrocinio</span> <span class='ocrx_word' id='word_1_101' title='bbox 1349 2746 1507 2830; x_wconf 90' lang='lat' dir='ltr'>solidare,</span> 
     </span>
     <span class='ocr_line' id='line_1_16' title="bbox 378 2854 1507 2940; baseline 0.002 -20"><span class='ocrx_word' id='word_1_102' title='bbox 378 2875 517 2921; x_wconf 90' lang='lat' dir='ltr'>necnon</span> <span class='ocrx_word' id='word_1_103' title='bbox 544 2860 738 2940; x_wconf 85' lang='lat' dir='ltr'>perpetuare</span> <span class='ocrx_word' id='word_1_104' title='bbox 754 2854 932 2921; x_wconf 81' lang='lat' dir='ltr'>adiuuerit.</span> <span class='ocrx_word' id='word_1_105' title='bbox 956 2855 1098 2922; x_wconf 84' lang='lat' dir='ltr'>Proinde</span> <span class='ocrx_word' id='word_1_106' title='bbox 1116 2855 1160 2922; x_wconf 90' lang='lat' dir='ltr'>ad</span> <span class='ocrx_word' id='word_1_107' title='bbox 1176 2855 1399 2926; x_wconf 75' lang='lat' dir='ltr'>uniuersorum</span> <span class='ocrx_word' id='word_1_108' title='bbox 1424 2857 1507 2924; x_wconf 92' lang='lat' dir='ltr'>uoti-</span> 
     </span>
     <span class='ocr_line' id='line_1_17' title="bbox 378 2959 1506 3046; baseline -0.002 -18"><span class='ocrx_word' id='word_1_109' title='bbox 378 2963 462 3029; x_wconf 90' lang='lat' dir='ltr'>ciam</span> <span class='ocrx_word' id='word_1_110' title='bbox 487 2959 602 3025; x_wconf 89' lang='lat' dir='ltr'>harum</span> <span class='ocrx_word' id='word_1_111' title='bbox 628 2959 713 3027; x_wconf 87' lang='lat' dir='ltr'>serie</span> <span class='ocrx_word' id='word_1_112' title='bbox 739 2961 888 3027; x_wconf 86' lang='lat' dir='ltr'>volumus</span> <span class='ocrx_word' id='word_1_113' title='bbox 915 2961 1104 3046; x_wconf 85' lang='lat' dir='ltr'>peruenire,</span> <span class='ocrx_word' id='word_1_114' title='bbox 1131 2961 1218 3044; x_wconf 90' lang='lat' dir='ltr'>quod</span> <span class='ocrx_word' id='word_1_115' title='bbox 1242 2959 1392 3029; x_wconf 85' lang='lat' dir='ltr'>discretis</span> <span class='ocrx_word' id='word_1_116' title='bbox 1423 2961 1506 3027; x_wconf 86' lang='lat' dir='ltr'>viris</span> 
     </span>
     <span class='ocr_line' id='line_1_18' title="bbox 377 3065 1507 3152; baseline -0.003 -15"><span class='ocrx_word' id='word_1_117' title='bbox 377 3067 477 3137; x_wconf 88' lang='lat' dir='ltr'>Jasoh</span> <span class='ocrx_word' id='word_1_118' title='bbox 502 3065 543 3134; x_wconf 90' lang='lat' dir='ltr'>de</span> <span class='ocrx_word' id='word_1_119' title='bbox 558 3066 806 3150; x_wconf 86' lang='lat' dir='ltr'>Helterwagora</span> <span class='ocrx_word' id='word_1_120' title='bbox 832 3067 874 3133; x_wconf 89' lang='lat' dir='ltr'>ab</span> <span class='ocrx_word' id='word_1_121' title='bbox 892 3086 967 3152; x_wconf 86' lang='lat' dir='ltr'>rna,</span> <span class='ocrx_word' id='word_1_122' title='bbox 994 3088 1033 3134; x_wconf 91' lang='lat' dir='ltr'>ac</span> <span class='ocrx_word' id='word_1_123' title='bbox 1054 3066 1193 3134; x_wconf 80' lang='lat' dir='ltr'>Goblino</span> <span class='ocrx_word' id='word_1_124' title='bbox 1217 3068 1285 3134; x_wconf 89' lang='lat' dir='ltr'>filio</span> <span class='ocrx_word' id='word_1_125' title='bbox 1308 3068 1438 3134; x_wconf 85' lang='lat' dir='ltr'>Nicolai</span> <span class='ocrx_word' id='word_1_126' title='bbox 1464 3068 1507 3134; x_wconf 92' lang='lat' dir='ltr'>de</span> 
     </span>
     <span class='ocr_line' id='line_1_19' title="bbox 376 3173 1505 3263; baseline 0.002 -22"><span class='ocrx_word' id='word_1_127' title='bbox 376 3173 502 3263; x_wconf 81' lang='lat' dir='ltr'>Lepide</span> <span class='ocrx_word' id='word_1_128' title='bbox 519 3174 561 3240; x_wconf 89' lang='lat' dir='ltr'>ab</span> <span class='ocrx_word' id='word_1_129' title='bbox 578 3173 684 3239; x_wconf 88' lang='lat' dir='ltr'>altera</span> <span class='ocrx_word' id='word_1_130' title='bbox 699 3181 802 3260; x_wconf 90' lang='lat' dir='ltr'>parte,</span> <span class='ocrx_word' id='word_1_131' title='bbox 829 3193 939 3240; x_wconf 89' lang='lat' dir='ltr'>eoram</span> <span class='ocrx_word' id='word_1_132' title='bbox 956 3173 1050 3240; x_wconf 90' lang='lat' dir='ltr'>nobis</span> <span class='ocrx_word' id='word_1_133' title='bbox 1067 3175 1283 3261; x_wconf 87' lang='lat' dir='ltr'>personaliter</span> <span class='ocrx_word' id='word_1_134' title='bbox 1307 3175 1505 3258; x_wconf 88' lang='lat' dir='ltr'>constitutis,</span> 
     </span>
     <span class='ocr_line' id='line_1_20' title="bbox 376 3281 1506 3368; baseline -0.003 -18"><span class='ocrx_word' id='word_1_135' title='bbox 376 3284 462 3350; x_wconf 91' lang='lat' dir='ltr'>idem</span> <span class='ocrx_word' id='word_1_136' title='bbox 479 3282 580 3348; x_wconf 88' lang='lat' dir='ltr'>Jaseh</span> <span class='ocrx_word' id='word_1_137' title='bbox 597 3281 729 3348; x_wconf 86' lang='lat' dir='ltr'>oraculo</span> <span class='ocrx_word' id='word_1_138' title='bbox 745 3282 820 3348; x_wconf 89' lang='lat' dir='ltr'>viue</span> <span class='ocrx_word' id='word_1_139' title='bbox 836 3281 926 3349; x_wconf 86' lang='lat' dir='ltr'>vocis</span> <span class='ocrx_word' id='word_1_140' title='bbox 943 3290 993 3350; x_wconf 88' lang='lat' dir='ltr'>est</span> <span class='ocrx_word' id='word_1_141' title='bbox 1009 3281 1188 3368; x_wconf 82' lang='lat' dir='ltr'>consessus,</span> <span class='ocrx_word' id='word_1_142' title='bbox 1209 3282 1297 3366; x_wconf 89' lang='lat' dir='ltr'>quod</span> <span class='ocrx_word' id='word_1_143' title='bbox 1313 3283 1506 3349; x_wconf 86' lang='lat' dir='ltr'>sculteciam</span> 
     </span>
     <span class='ocr_line' id='line_1_21' title="bbox 377 3388 1505 3476; baseline 0 -20"><span class='ocrx_word' id='word_1_144' title='bbox 377 3409 470 3456; x_wconf 89' lang='lat' dir='ltr'>suam</span> <span class='ocrx_word' id='word_1_145' title='bbox 486 3388 520 3455; x_wconf 89' lang='lat' dir='ltr'>in</span> <span class='ocrx_word' id='word_1_146' title='bbox 535 3389 849 3457; x_wconf 87' lang='lat' dir='ltr'>NouaRuzumbach</span> <span class='ocrx_word' id='word_1_147' title='bbox 865 3391 1020 3476; x_wconf 88' lang='lat' dir='ltr'>habitam,</span> <span class='ocrx_word' id='word_1_148' title='bbox 1038 3410 1136 3474; x_wconf 85' lang='lat' dir='ltr'>quarn</span> <span class='ocrx_word' id='word_1_149' title='bbox 1148 3390 1365 3459; x_wconf 86' lang='lat' dir='ltr'>mediantibus</span> <span class='ocrx_word' id='word_1_150' title='bbox 1382 3389 1505 3458; x_wconf 90' lang='lat' dir='ltr'>nostris</span> 
     </span>
     <span class='ocr_line' id='line_1_22' title="bbox 377 3494 1505 3586; baseline 0.003 -26"><span class='ocrx_word' id='word_1_151' title='bbox 377 3495 494 3561; x_wconf 87' lang='lat' dir='ltr'>litteris</span> <span class='ocrx_word' id='word_1_152' title='bbox 511 3494 691 3561; x_wconf 80' lang='lat' dir='ltr'>dinoscitur</span> <span class='ocrx_word' id='word_1_153' title='bbox 707 3515 926 3583; x_wconf 88' lang='lat' dir='ltr'>comparasse,</span> <span class='ocrx_word' id='word_1_154' title='bbox 957 3517 1028 3564; x_wconf 91' lang='lat' dir='ltr'>cum</span> <span class='ocrx_word' id='word_1_155' title='bbox 1045 3498 1182 3565; x_wconf 89' lang='lat' dir='ltr'>dimidia</span> <span class='ocrx_word' id='word_1_156' title='bbox 1197 3506 1291 3586; x_wconf 90' lang='lat' dir='ltr'>parte</span> <span class='ocrx_word' id='word_1_157' title='bbox 1313 3498 1505 3583; x_wconf 88' lang='lat' dir='ltr'>molendini,</span> 
     </span>
     <span class='ocr_line' id='line_1_23' title="bbox 376 3601 1505 3691; baseline 0.004 -23"><span class='ocrx_word' id='word_1_158' title='bbox 376 3601 542 3669; x_wconf 90' lang='lat' dir='ltr'>constituti</span> <span class='ocrx_word' id='word_1_159' title='bbox 558 3601 591 3667; x_wconf 92' lang='lat' dir='ltr'>in</span> <span class='ocrx_word' id='word_1_160' title='bbox 608 3601 706 3669; x_wconf 90' lang='lat' dir='ltr'>fluuio</span> <span class='ocrx_word' id='word_1_161' title='bbox 723 3603 763 3669; x_wconf 92' lang='lat' dir='ltr'>de</span> <span class='ocrx_word' id='word_1_162' title='bbox 780 3605 895 3671; x_wconf 86' lang='lat' dir='ltr'>eadem</span> <span class='ocrx_word' id='word_1_163' title='bbox 911 3605 1002 3689; x_wconf 84' lang='lat' dir='ltr'>villa,</span> <span class='ocrx_word' id='word_1_164' title='bbox 1021 3605 1218 3691; x_wconf 83' lang='lat' dir='ltr'>braxatoria,</span> <span class='ocrx_word' id='word_1_165' title='bbox 1235 3626 1275 3673; x_wconf 87' lang='lat' dir='ltr'>ac</span> <span class='ocrx_word' id='word_1_166' title='bbox 1287 3606 1413 3675; x_wconf 91' lang='lat' dir='ltr'>duobus</span> <span class='ocrx_word' id='word_1_167' title='bbox 1424 3605 1505 3672; x_wconf 92' lang='lat' dir='ltr'>libe-</span> 
     </span>
     <span class='ocr_line' id='line_1_24' title="bbox 376 3710 1504 3800; baseline 0.002 -23"><span class='ocrx_word' id='word_1_168' title='bbox 376 3710 421 3777; x_wconf 87' lang='lat' dir='ltr'>ris</span> <span class='ocrx_word' id='word_1_169' title='bbox 437 3710 541 3776; x_wconf 88' lang='lat' dir='ltr'>laneis</span> <span class='ocrx_word' id='word_1_170' title='bbox 558 3718 723 3796; x_wconf 87' lang='lat' dir='ltr'>terrarum,</span> <span class='ocrx_word' id='word_1_171' title='bbox 742 3719 776 3778; x_wconf 93' lang='lat' dir='ltr'>et</span> <span class='ocrx_word' id='word_1_172' title='bbox 791 3733 863 3780; x_wconf 91' lang='lat' dir='ltr'>cum</span> <span class='ocrx_word' id='word_1_173' title='bbox 879 3720 972 3781; x_wconf 84' lang='lat' dir='ltr'>sexta</span> <span class='ocrx_word' id='word_1_174' title='bbox 989 3720 1081 3800; x_wconf 91' lang='lat' dir='ltr'>parte</span> <span class='ocrx_word' id='word_1_175' title='bbox 1097 3734 1213 3781; x_wconf 83' lang='lat' dir='ltr'>census</span> <span class='ocrx_word' id='word_1_176' title='bbox 1226 3713 1260 3780; x_wconf 89' lang='lat' dir='ltr'>in</span> <span class='ocrx_word' id='word_1_177' title='bbox 1272 3713 1504 3782; x_wconf 84' lang='lat' dir='ltr'>exaccionibus</span> 
     </span>
     <span class='ocr_line' id='line_1_25' title="bbox 374 3817 1503 3907; baseline 0.002 -23"><span class='ocrx_word' id='word_1_178' title='bbox 374 3817 607 3905; x_wconf 87' lang='lat' dir='ltr'>prouenientis,</span> <span class='ocrx_word' id='word_1_179' title='bbox 634 3839 706 3885; x_wconf 89' lang='lat' dir='ltr'>cum</span> <span class='ocrx_word' id='word_1_180' title='bbox 722 3819 831 3887; x_wconf 87' lang='lat' dir='ltr'>causis</span> <span class='ocrx_word' id='word_1_181' title='bbox 847 3839 951 3904; x_wconf 74' lang='lat' dir='ltr'>usque</span> <span class='ocrx_word' id='word_1_182' title='bbox 976 3818 1134 3887; x_wconf 84' lang='lat' dir='ltr'>fertonem</span> <span class='ocrx_word' id='word_1_183' title='bbox 1144 3820 1334 3907; x_wconf 74' lang='lat' dir='ltr'>Judieandis</span> <span class='ocrx_word' id='word_1_184' title='bbox 1359 3841 1433 3887; x_wconf 89' lang='lat' dir='ltr'>cum</span> <span class='ocrx_word' id='word_1_185' title='bbox 1451 3841 1503 3886; x_wconf 93' lang='lat' dir='ltr'>ea-</span> 
     </span>
     <span class='ocr_line' id='line_1_26' title="bbox 374 3925 1501 4016; baseline 0.004 -24"><span class='ocrx_word' id='word_1_186' title='bbox 374 3946 443 3992; x_wconf 93' lang='lat' dir='ltr'>rum</span> <span class='ocrx_word' id='word_1_187' title='bbox 461 3925 616 4013; x_wconf 84' lang='lat' dir='ltr'>hirsagijs</span> <span class='ocrx_word' id='word_1_188' title='bbox 642 3947 684 3994; x_wconf 86' lang='lat' dir='ltr'>ox</span> <span class='ocrx_word' id='word_1_189' title='bbox 699 3927 826 4011; x_wconf 83' lang='lat' dir='ltr'>integro</span> <span class='ocrx_word' id='word_1_190' title='bbox 843 3928 1072 4015; x_wconf 85' lang='lat' dir='ltr'>percipiendis,</span> <span class='ocrx_word' id='word_1_191' title='bbox 1099 3950 1138 3996; x_wconf 88' lang='lat' dir='ltr'>ac</span> <span class='ocrx_word' id='word_1_192' title='bbox 1154 3929 1262 3999; x_wconf 86' lang='lat' dir='ltr'>causis</span> <span class='ocrx_word' id='word_1_193' title='bbox 1275 3950 1385 4016; x_wconf 82' lang='lat' dir='ltr'>supra</span> <span class='ocrx_word' id='word_1_194' title='bbox 1401 3928 1501 3996; x_wconf 86' lang='lat' dir='ltr'>ferto-</span> 
     </span>
     <span class='ocr_line' id='line_1_27' title="bbox 373 4032 1505 4123; baseline 0.001 -24"><span class='ocrx_word' id='word_1_195' title='bbox 373 4053 446 4101; x_wconf 92' lang='lat' dir='ltr'>nem</span> <span class='ocrx_word' id='word_1_196' title='bbox 457 4032 647 4121; x_wconf 90' lang='lat' dir='ltr'>judicandls</span> <span class='ocrx_word' id='word_1_197' title='bbox 673 4055 763 4103; x_wconf 89' lang='lat' dir='ltr'>more</span> <span class='ocrx_word' id='word_1_198' title='bbox 779 4036 876 4104; x_wconf 86' lang='lat' dir='ltr'>solito</span> <span class='ocrx_word' id='word_1_199' title='bbox 903 4057 961 4123; x_wconf 90' lang='lat' dir='ltr'>per</span> <span class='ocrx_word' id='word_1_200' title='bbox 987 4039 1142 4104; x_wconf 88' lang='lat' dir='ltr'>scultetos</span> <span class='ocrx_word' id='word_1_201' title='bbox 1158 4044 1191 4104; x_wconf 94' lang='lat' dir='ltr'>et</span> <span class='ocrx_word' id='word_1_202' title='bbox 1216 4039 1402 4120; x_wconf 87' lang='lat' dir='ltr'>obseruate,</span> <span class='ocrx_word' id='word_1_203' title='bbox 1428 4057 1505 4102; x_wconf 88' lang='lat' dir='ltr'>eum</span> 
     </span>
     <span class='ocr_line' id='line_1_28' title="bbox 372 4141 1504 4232; baseline 0.002 -26"><span class='ocrx_word' id='word_1_204' title='bbox 372 4141 472 4207; x_wconf 86' lang='lat' dir='ltr'>tercia</span> <span class='ocrx_word' id='word_1_205' title='bbox 490 4147 584 4227; x_wconf 89' lang='lat' dir='ltr'>parte</span> <span class='ocrx_word' id='word_1_206' title='bbox 595 4141 712 4225; x_wconf 87' lang='lat' dir='ltr'>judicij</span> <span class='ocrx_word' id='word_1_207' title='bbox 730 4143 906 4209; x_wconf 83' lang='lat' dir='ltr'>earundem</span> <span class='ocrx_word' id='word_1_208' title='bbox 927 4162 1098 4211; x_wconf 87' lang='lat' dir='ltr'>causarum</span> <span class='ocrx_word' id='word_1_209' title='bbox 1122 4143 1343 4232; x_wconf 86' lang='lat' dir='ltr'>percipienda,</span> <span class='ocrx_word' id='word_1_210' title='bbox 1361 4141 1413 4209; x_wconf 80' lang='lat' dir='ltr'>ac&#39;</span> <span class='ocrx_word' id='word_1_211' title='bbox 1426 4142 1504 4228; x_wconf 89' lang='lat' dir='ltr'>alijs</span> 
     </span>
     <span class='ocr_line' id='line_1_29' title="bbox 372 4245 1503 4335; baseline 0.002 -23"><span class='ocrx_word' id='word_1_212' title='bbox 372 4253 405 4312; x_wconf 85' lang='lat' dir='ltr'>et</span> <span class='ocrx_word' id='word_1_213' title='bbox 420 4245 563 4332; x_wconf 82' lang='lat' dir='ltr'>singulis</span> <span class='ocrx_word' id='word_1_214' title='bbox 579 4247 777 4315; x_wconf 75' lang='lat' dir='ltr'>utilitatibus</span> <span class='ocrx_word' id='word_1_215' title='bbox 803 4255 835 4315; x_wconf 92' lang='lat' dir='ltr'>et</span> <span class='ocrx_word' id='word_1_216' title='bbox 851 4248 1060 4335; x_wconf 76' lang='lat' dir='ltr'>pertinenciJs</span> <span class='ocrx_word' id='word_1_217' title='bbox 1080 4249 1124 4315; x_wconf 89' lang='lat' dir='ltr'>ad</span> <span class='ocrx_word' id='word_1_218' title='bbox 1149 4250 1286 4317; x_wconf 89' lang='lat' dir='ltr'>eandem</span> <span class='ocrx_word' id='word_1_219' title='bbox 1311 4247 1503 4316; x_wconf 88' lang='lat' dir='ltr'>sculteciam</span> 
     </span>
     <span class='ocr_line' id='line_1_30' title="bbox 373 4356 1504 4446; baseline 0.003 -25"><span class='ocrx_word' id='word_1_220' title='bbox 373 4357 608 4441; x_wconf 88' lang='lat' dir='ltr'>spectantibus,</span> <span class='ocrx_word' id='word_1_221' title='bbox 632 4356 837 4425; x_wconf 87' lang='lat' dir='ltr'>vendidisset</span> <span class='ocrx_word' id='word_1_222' title='bbox 853 4369 883 4425; x_wconf 88' lang='lat' dir='ltr'>et</span> <span class='ocrx_word' id='word_1_223' title='bbox 899 4356 1048 4425; x_wconf 83' lang='lat' dir='ltr'>vendidit</span> <span class='ocrx_word' id='word_1_224' title='bbox 1066 4359 1192 4446; x_wconf 82' lang='lat' dir='ltr'>prelato</span> <span class='ocrx_word' id='word_1_225' title='bbox 1208 4359 1350 4428; x_wconf 81' lang='lat' dir='ltr'>Gohlino</span> <span class='ocrx_word' id='word_1_226' title='bbox 1365 4358 1433 4427; x_wconf 86' lang='lat' dir='ltr'>filio</span> <span class='ocrx_word' id='word_1_227' title='bbox 1449 4360 1504 4426; x_wconf 89' lang='lat' dir='ltr'>Ni-</span> 
     </span>
     <span class='ocr_line' id='line_1_31' title="bbox 372 4463 1505 4555; baseline 0.005 -27"><span class='ocrx_word' id='word_1_228' title='bbox 372 4463 457 4529; x_wconf 89' lang='lat' dir='ltr'>colai</span> <span class='ocrx_word' id='word_1_229' title='bbox 474 4485 533 4550; x_wconf 93' lang='lat' dir='ltr'>pro</span> <span class='ocrx_word' id='word_1_230' title='bbox 548 4464 665 4550; x_wconf 83' lang='lat' dir='ltr'>viginti</span> <span class='ocrx_word' id='word_1_231' title='bbox 683 4485 741 4532; x_wconf 87' lang='lat' dir='ltr'>sex</span> <span class='ocrx_word' id='word_1_232' title='bbox 767 4465 886 4534; x_wconf 83' lang='lat' dir='ltr'>marcis</span> <span class='ocrx_word' id='word_1_233' title='bbox 903 4485 1088 4552; x_wconf 83' lang='lat' dir='ltr'>grossorum</span> <span class='ocrx_word' id='word_1_234' title='bbox 1104 4465 1310 4535; x_wconf 89' lang='lat' dir='ltr'>denariorum</span> <span class='ocrx_word' id='word_1_235' title='bbox 1334 4471 1432 4555; x_wconf 86' lang='lat' dir='ltr'>plene</span> <span class='ocrx_word' id='word_1_236' title='bbox 1447 4468 1505 4534; x_wconf 90' lang='lat' dir='ltr'>ha·</span> 
     </span>
     <span class='ocr_line' id='line_1_32' title="bbox 371 4569 1500 4660; baseline 0.006 -26"><span class='ocrx_word' id='word_1_237' title='bbox 371 4569 448 4637; x_wconf 90' lang='lat' dir='ltr'>bitis</span> <span class='ocrx_word' id='word_1_238' title='bbox 464 4571 506 4637; x_wconf 85' lang='lat' dir='ltr'>ab</span> <span class='ocrx_word' id='word_1_239' title='bbox 523 4571 638 4640; x_wconf 90' lang='lat' dir='ltr'>eodem</span> <span class='ocrx_word' id='word_1_240' title='bbox 655 4578 687 4638; x_wconf 88' lang='lat' dir='ltr'>et</span> <span class='ocrx_word' id='word_1_241' title='bbox 702 4572 856 4660; x_wconf 88' lang='lat' dir='ltr'>acceptis,</span> <span class='ocrx_word' id='word_1_242' title='bbox 882 4572 945 4638; x_wconf 91' lang='lat' dir='ltr'>sibi</span> <span class='ocrx_word' id='word_1_243' title='bbox 962 4580 994 4640; x_wconf 89' lang='lat' dir='ltr'>et</span> <span class='ocrx_word' id='word_1_244' title='bbox 1019 4573 1087 4640; x_wconf 87' lang='lat' dir='ltr'>suis</span> <span class='ocrx_word' id='word_1_245' title='bbox 1103 4575 1345 4643; x_wconf 86' lang='lat' dir='ltr'>successorihus</span> <span class='ocrx_word' id='word_1_246' title='bbox 1362 4574 1397 4640; x_wconf 92' lang='lat' dir='ltr'>in</span> <span class='ocrx_word' id='word_1_247' title='bbox 1412 4574 1500 4644; x_wconf 86' lang='lat' dir='ltr'>filios</span> 
     </span>
    </p>
   </div>
   <div class='ocr_carea' id='block_1_8' title="bbox 0 0 1610 5194">
    <p class='ocr_par' dir='ltr' id='par_1_8' title="bbox 0 0 1610 5194">
     <span class='ocr_line' id='line_1_33' title="bbox 0 0 1610 5194; baseline 0 2"><span class='ocrx_word' id='word_1_248' title='bbox 0 0 1610 5194; x_wconf 95' lang='lat' dir='ltr'> </span> 
     </span>
    </p>
   </div>
  </div>
 </body>
</html>
