3210 5194
394 581 1525 670 chfflmmwwmmmmmffmfflmmwmm

393 696 550 761 Ecclesic.
583 695 738 759 Pretereu
764 691 931 758 uduornici
963 689 1082 757 debent
1106 689 1334 757 administrare
1363 691 1458 775 ligna
1491 696 1526 755 et

396 794 1527 885 mmmmmememwmmmmfflm-

393 908 501 974 botida
518 929 558 973 cx
584 913 676 994 parte
694 896 840 972 Ecclesia
857 926 915 992 per·
938 924 1093 988 mensem,
1121 905 1233 985 inquo
1257 906 1413 972 seruiunt.
1439 907 1526 972 ltem

395 1016 429 1081 hi
454 1022 620 1101 presentes
647 1035 705 1100 per
721 1033 864 1080 mensem
888 1018 1037 1078 tenentur
1055 1011 1135 1078 dare
1160 1012 1303 1096 singulis
1329 1013 1527 1099 septimanis

396 1131 462 1189 tres
479 1130 627 1189 carratas
653 1123 824 1207 lignorum,
850 1141 891 1185 nc
906 1121 988 1187 sorte
1007 1121 1117 1202 aliquo
1143 1141 1221 1187 casu
1239 1118 1408 1189 defficiant
1432 1122 1527 1207 ligna

398 1230 441 1296 ad
454 1231 582 1297 lumnam
593 1231 644 1296 vel
662 1230 704 1296 ad
720 1231 902 1314 coquinam.
921 1231 1003 1294 Item
1013 1228 1180 1294 uduornici
1196 1235 1347 1295 tenentur
1363 1249 1528 1297 renouare

398 1340 521 1405 curiam
546 1338 629 1404 surni
648 1337 734 1424 (lgy)
752 1357 823 1402 cum
841 1337 1026 1420 veterescit,
1053 1341 1085 1402 et
1111 1343 1239 1421 portam
1263 1336 1408 1403 eiusdem
1433 1337 1527 1403 curie

397 1446 1526 1529 cmfflmmmmmmmmmmmmfflmmfflm·

397 1575 471 1620 nem
496 1573 574 1619 uero
601 1552 740 1618 farinam
765 1551 950 1617 faciendam
972 1558 1099 1617 tenetur
1123 1552 1272 1618 Ecclesia
1303 1554 1526 1620 molendinum

396 1659 1525 1744 mwmfflmstmmwmfflwmwmmmmmm

395 1771 513 1836 festum
530 1769 640 1834 Sancti
657 1767 786 1832 Martini
812 1773 960 1832 tenentur
977 1767 1054 1832 dare
1071 1773 1198 1832 centum
1215 1787 1289 1850 oua,
1313 1777 1450 1850 quatuor
1464 1789 1524 1852 ga-

395 1879 483 1943 linas
494 1883 526 1942 et
542 1876 622 1941 duos
635 1895 767 1941 anseres
780 1897 786 1956 ;
805 1881 836 1940 et
848 1875 890 1940 ad
903 1875 1151 1960 carnispriuium
1163 1875 1329 1958 similiter·;
1350 1877 1383 1941 in
1393 1877 1524 1962 pascha

396 1991 611 2050 ueroccntum
628 2002 690 2048 oua
707 1989 739 2047 et
750 2001 847 2046 vnum
865 2003 994 2066 agnum.
1011 1982 1092 2047 ltem
1103 1982 1296 2049 tenenturin
1312 1982 1395 2048 festo
1406 1985 1523 2050 Sancti

396 2091 536 2176 Martini,
564 2097 594 2154 et
612 2091 644 2154 in
660 2090 804 2154 aduentu
820 2091 919 2173 Regis
935 2090 975 2154 dc
994 2108 1186 2172 unoquoque
1211 2109 1322 2156 mense
1348 2091 1428 2157 dare
1453 2100 1521 2158 tres

397 2206 545 2264 carratas
570 2195 751 2280 lignorum,
784 2217 865 2281 quos
888 2203 1008 2262 uocant
1024 2197 1123 2284 tpzfo.
1156 2197 1237 2262 Item
1263 2205 1411 2264 tenentur
1441 2200 1521 2266 dare

396 2305 538 2392 plebano
570 2323 628 2370 suo
654 2303 694 2368 de
720 2303 858 2386 singulis
883 2305 1107 2370 mansionibus
1133 2301 1215 2370 duas
1240 2302 1352 2388 ydrias
1378 2327 1519 2374 annone.

396 2416 550 2480 Preterea
565 2408 709 2494 quelibet
726 2409 805 2476 villa
823 2410 864 2475 ad
882 2411 996 2476 festum
1015 2409 1126 2474 Sancti
1143 2411 1273 2477 Martini
1298 2419 1424 2479 tenetur
1440 2416 1521 2482 dare

395 2523 512 2587 bouem
529 2518 713 2601 triherbem,
730 2522 761 2584 et
778 2517 818 2582 de
836 2502 978 2600 quolibet
997 2518 1068 2583 loco
1086 2537 1182 2582 imam
1198 2517 1325 2602 ydriam
1342 2541 1471 2590 annone
1488 2534 1522 2592 ct

395 2650 494 2696 vnam
509 2628 624 2710 brasij.
651 2629 732 2692 Item
748 2627 917 2693 vduornici
942 2634 1090 2692 tenentur
1106 2625 1185 2692 dare
1211 2627 1254 2692 ad
1269 2629 1388 2696 festum
1407 2633 1521 2698 Sancti

395 2736 529 2802 Martini
545 2734 679 2818 triginta
696 2755 809 2820 panae,
835 2744 867 2801 et
883 2741 1031 2800 tenentur
1048 2736 1126 2800 dare
1142 2735 1183 2801 de
1199 2756 1391 2822 unoquoque
1408 2761 1521 2807 mense

397 2842 1522 2930 amwmfflmmmmmmmwmmmmmmmm

397 2954 549 3036 sterium;
568 2958 600 3016 et
617 2950 736 3016 debent
752 2938 831 3014 dare
846 2969 944 3013 unum
961 2969 1078 3034 panem
1095 2949 1171 3033 illis,
1193 2952 1247 3034 qui
1263 2962 1382 3038 parant
1397 2957 1520 3024 rhecia.

396 3059 477 3125 ltem
493 3079 606 3125 omnes
631 3059 742 3145 populi
758 3061 825 3124 tani
842 3055 1019 3140 uduornici
1046 3078 1144 3140 quam
1161 3061 1265 3126 etalii
1288 3067 1439 3129 tenentur
1454 3068 1521 3132 col·

395 3167 497 3250 ligero
513 3167 629 3250 lenum,
648 3163 785 3247 quilibet
801 3183 910 3229 eorum
927 3183 992 3228 una
1008 3165 1061 3229 die
1077 3165 1236 3250 similiter,
1255 3173 1287 3232 et
1303 3187 1368 3234 una
1379 3171 1433 3236 dic
1448 3193 1523 3256 por-

395 3280 466 3338 tare
482 3274 601 3354 senam,
628 3282 660 3337 ct
677 3293 742 3337 una
759 3271 812 3337 die
828 3277 958 3338 metere.
986 3273 1065 3338 ltem
1081 3271 1165 3338 fabri
1182 3294 1222 3340 ex
1238 3276 1361 3344 eisdem
1385 3281 1521 3365 populis

392 3386 540 3445 tenentur
556 3381 684 3465 operari
702 3379 789 3463 opud
805 3380 1038 3446 monasterium
1056 3381 1088 3445 in
1104 3401 1170 3446 una
1182 3381 1309 3468 incude,
1327 3404 1390 3450 non
1407 3395 1520 3455 tamen

393 3487 457 3572 ipsi
474 3486 594 3552 debent
610 3494 739 3573 portare
757 3487 886 3573 serrum,
914 3489 971 3554 scd
988 3507 1070 3554 unus
1087 3489 1179 3556 faber
1202 3511 1242 3557 ex
1259 3493 1342 3577 ipsis
1367 3494 1460 3562 uadit
1476 3496 1522 3563 ad

393 3593 530 3660 lerneam
547 3601 688 3660 castrum
703 3616 762 3679 pro
774 3595 926 3678 eligendo
942 3597 1031 3662 ferro
1047 3603 1191 3682 tantum;
1209 3599 1357 3667 similiter
1367 3607 1520 3670 tenantur

392 3700 500 3766 facere
527 3701 595 3765 alia
612 3701 818 3785 ferramenta,
846 3710 877 3767 et
894 3703 961 3768 alia
976 3705 1172 3790 necessaria,
1199 3713 1307 3791 preter
1331 3705 1453 3776 dictam
1474 3713 1520 3778 in-

393 3809 508 3873 cudem
525 3827 631 3873 unam.
658 3809 737 3872 ltem
755 3808 796 3872 de
822 3809 960 3892 singulis
976 3809 1063 3876 villis
1089 3811 1122 3874 in
1139 3812 1310 3897 priuilegio
1330 3816 1441 3882 Sancti
1458 3821 1521 3886 La-

392 3915 490 3980 dizlai
516 3915 695 3981 nominatis
721 3921 786 3980 tres
812 3916 998 3982 mansiones
1015 3917 1134 3983 debent
1159 3919 1310 3988 ordinare
1326 3943 1423 3989 vnum
1450 3947 1521 3994 cur-

390 4043 480 4106 rum;
498 4022 554 4108 ita,
581 4022 668 4107 quod
685 4024 749 4090 duo
765 4023 911 4090 homines
928 4024 1066 4091 diciores
1083 4025 1161 4091 dent
1177 4026 1257 4094 duos
1284 4028 1386 4096 boues
1402 4038 1434 4098 et
1450 4053 1519 4100 cur·

391 4151 470 4215 rum,
489 4133 607 4198 tercius
623 4133 798 4218 pauperior
813 4133 846 4196 in
862 4133 997 4217 propria
1012 4153 1153 4218 persona
1177 4136 1304 4204 laboret
1320 4158 1448 4206 currum
1465 4143 1520 4210 de-

390 4237 537 4304 ducendo
564 4238 606 4303 ad
632 4238 828 4324 portandum
854 4239 963 4304 uinum
989 4241 1028 4305 de
1046 4241 1122 4308 uino
1139 4244 1294 4329 Ecclesia,
1324 4248 1393 4313 ciue
1413 4247 1455 4314 dc
1471 4251 1520 4316 Si-

389 4345 501 4429 migio,
518 4347 587 4411 siue
598 4345 638 4412 de
649 4347 797 4433 Simigio,
814 4347 884 4412 siue
902 4345 942 4412 de
953 4348 1031 4413 Sala
1041 4369 1143 4432 usquc
1159 4349 1204 4416 ad
1213 4351 1393 4442 Ecclesiam
1404 4357 1518 4423 Sancti

387 4455 530 4520 Martini.
559 4455 708 4523 Ceterum
734 4477 846 4523 omnes
864 4454 1031 4522 uduornici
1059 4460 1267 4543 unaqualibet
1287 4465 1412 4530 mansio
1430 4471 1519 4531 tene·

387 4571 439 4628 tur
456 4565 563 4630 lacere
581 4565 725 4632 bracium
742 4565 782 4631 de
799 4565 921 4632 hordeo
938 4567 1147 4653 proueniante
1160 4570 1305 4638 Ecclesia
1322 4571 1362 4636 dc
1380 4572 1518 4642 decimis

280 4687 282 4694 ’
388 4670 431 4736 ad
448 4670 530 4739 duos
546 4693 675 4741 aconas.
703 4676 906 4742 Exaccioncs
925 4695 1002 4742 uero
1019 4683 1050 4740 et
1066 4676 1187 4763 debita,
1209 4682 1334 4763 quaeis
1353 4683 1517 4750 relaxaui·
