3210 5194
581 339 739 443 ...203-

4 567 5 614 l
92 549 177 608 tores
194 541 339 622 eosdem,
367 546 498 624 recepto
515 539 557 604 ab
578 538 659 626 ipsis
686 537 895 624 corporaliter
919 536 1108 622 iuramento,
1136 535 1224 620 quod

4 649 5 654 ’
92 649 172 717 illud
188 650 254 717 sibi
270 650 410 717 fideliter
426 649 653 732 assignabunt,
672 647 822 714 duximus
834 646 1073 729 destinandum,
1091 652 1126 711 ut
1142 643 1222 710 illud

91 759 150 825 tibi
177 757 326 825 conferat
342 757 403 824 sub
420 757 535 841 torma,
562 775 657 840 quam
676 755 705 820 ei
727 755 786 821 sub
813 753 901 821 bulla
926 759 1040 822 nostra
1065 753 1223 821 mittimus

91 865 312 952 interclusam,
341 873 373 933 et
389 886 410 932 a
425 871 458 931 te
474 865 604 933 nomine
629 870 738 930 nostro
755 863 816 930 sub
833 863 948 948 forma,
974 882 1073 948 quam
1096 862 1157 930 sub
1173 881 1224 927 ea·

93 976 162 1041 dem
188 975 283 1041 hulla
308 972 488 1057 dirigimus,
516 971 682 1038 fidelitatis
708 971 845 1058 resipiat
869 970 1067 1055 iuramenta;
1095 977 1128 1037 tu
1146 989 1222 1036 vero

91 1084 174 1150 intra
200 1082 386 1150 Ecolesiam
412 1088 503 1148 tuam
528 1080 596 1147 illis
620 1078 736 1148 diebus
760 1079 874 1165 utaris,
900 1080 955 1164 qui
980 1078 1166 1166 expressius
1190 1078 1223 1145 in

90 1192 192 1278 ipsius
219 1189 368 1258 Eeelesio
383 1188 574 1276 'privilegiis
600 1189 814 1256 eontinentur.
844 1187 889 1255 Ut
914 1193 1022 1256 autam
1050 1189 1224 1275 signuma

90 1297 277 1382 significato
293 1318 358 1365 nou
378 1297 557 1384 discrepat,
574 1295 730 1382 sedquod
741 1296 988 1381 garisexterius‚
1008 1297 1096 1364 intus
1113 1316 1223 1364 serves

92 1404 121 1470 in
145 1410 269 1486 mente,
297 1403 506 1491 prudentiam
531 1411 621 1469 tuam
648 1423 816 1471 monemus
843 1409 963 1471 attente
990 1411 1022 1471 ot
1046 1404 1223 1488 hortamur,

91 1511 245 1596 quatinus
262 1510 479 1578 humilitatem
495 1508 710 1594 etiamtiam,
733 1510 832 1578 dante
848 1511 997 1596 Domino,
1015 1512 1070 1598 qui
1087 1511 1144 1579 dat
1159 1533 1223 1580 ruu-

92 1639 168 1685 uera
185 1625 221 1685 et
248 1620 377 1706 promia
392 1619 559 1702 elargitur,
587 1637 780 1685 conservare
798 1618 941 1702 studeas,
964 1639 1028 1703 que
1044 1639 1136 1686 suam
1161 1639 1223 1687 ser·

91 1735 169 1794 rant
194 1735 229 1794 et
257 1731 451 1814 promovent
475 1731 683 1811 servatorem,
709 1730 741 1792 et
756 1726 1011 1811 strigoniensem
1031 1725 1222 1811 Ecclesiam,

92 1855 247 1923 sponsam
270 1842 370 1920 tuam,
387 1833 527 1901 sollicite
545 1832 689 1916 studeas,
712 1839 843 1900 auctore
859 1831 1010 1914 Domino,
1027 1833 1221 1915 gubernare.

93 1945 213 2011 Datum
227 1943 385 2012 Laterani
396 1942 438 2010 11.
455 1941 568 2010 Nonas
578 1940 704 2025 Marcii,
720 1939 931 2010 Pontificatus
941 1941 1042 2008 nostri
1053 1961 1139 2008 anno
1149 1942 1222 2008 XII:

90 2142 227 2212 (Theium,
238 2144 419 2196 Monumenta
429 2142 567 2196 Historias
578 2142 749 2208 Hungariam
759 2141 868 2194 Sauram
878 2141 1051 2194 illustrantia.
1062 2142 1084 2192 1.
1094 2141 1122 2192 lr.
1137 2143 1194 2192 174.
1205 2143 1223 2196 1.

530 2427 624 2436 ᾳ--η
630 2428 769 2436 -.η-...σω
774 2429 796 2441 q..

634 2879 690 2947 68.

91 3057 199 3123 Endre
215 3057 467 3143 orszripbirduok
493 3059 592 3124 tralato
607 3083 627 3124 a
644 3063 771 3126 varodrr'
794 3062 948 3149 kdptolorr
967 3087 981 3127 s
999 3065 1084 3128 Porta
1109 3067 1139 3128 e'a
1156 3065 1222 3128 Bas

237 3187 337 3230 eomer
344 3165 412 3250 flar'
425 3165 503 3250 tuat,
521 3167 640 3232 Karrea
656 3168 757 3234 birtolt
775 3169 959 3258 tdrpyo'ban.
983 3171 1076 3233 1240.

197 3345 270 3411 Nos
287 3343 438 3410 Andreas
463 3342 579 3412 Comes
597 3345 808 3414 Posonieusis
835 3354 867 3413 et
882 3347 989 3414 iudex
1010 3345 1093 3414 Aule
1119 3347 1221 3432 Regio

88 3453 317 3538 significamus
334 3452 481 3518 omnihus
497 3471 632 3538 presens
647 3453 803 3540 seriptum
819 3453 1029 3540 intuentibus,
1047 3455 1133 3542 quod
1150 3475 1220 3522 oum

89 3560 130 3626 lis
157 3569 341 3629 uerteretur
366 3581 474 3628 eoram
500 3561 631 3629 domino
655 3561 745 3646 Rege
769 3583 867 3649 super
891 3563 1033 3646 quadam
1058 3564 1220 3650 particula

87 3674 174 3738 torre
186 3669 359 3736 cuiusdam
375 3668 643 3756 nomioeKynyn,
659 3671 743 3737 inter
753 3669 940 3758 Capitulum
950 3671 1098 3738 lloelesie
1108 3672 1221 3739 Sauoti

88 3775 285 3844 lliahahelis
313 3775 354 3842 de
370 3775 485 3845 Castro
503 3779 623 3846 Ferreo
650 3799 690 3846 ex
707 3799 772 3846 uua
791 3783 894 3864 parte,
920 3787 953 3846 et
969 3778 1054 3846 lilios
1072 3779 1221 3863 Magistri

87 3885 177 3952 Pous
195 3891 228 3950 et
245 3885 312 3951 Bas
328 3882 463 3950 Comitis
480 3903 520 3951 ex
536 3886 658 3970 altera;
687 3887 764 3952 lieet
778 3885 892 3952 eadem
919 3905 1020 3954 eausa
1041 3888 1073 3950 in
1090 3905 1220 3970 presen-

87 3992 139 4058 ria
154 3991 284 4058 domini
309 3991 410 4075 Regis
434 3991 489 4058 diu
505 3990 620 4058 fuisset
645 3991 814 4079 uentilata,
842 3998 937 4059 etex
962 3999 1099 4076 utraque
1124 3999 1220 4076 parte

86 4101 129 4167 ael
146 4100 400 4186 productionem
416 4099 545 4167 testium
563 4099 716 4185 iudicata,
736 4100 870 4167 tandem
886 4101 920 4166 in
932 4099 1068 4167 termino
1085 4099 1220 4184 produn-

86 4205 191 4273 eionis
217 4207 352 4272 testium
377 4205 484 4290 ipsam
514 4223 645 4271 oausam
671 4205 820 4274 dominus
846 4208 916 4272 Rex
941 4204 1035 4272 nobis
1060 4205 1221 4271 commisit

89 4311 365 4400 eognoscendam,
383 4319 415 4378 et
430 4314 509 4378 iuris
526 4311 898 4381 ordinatarminandam.
919 4313 1022 4396 Igitur
1031 4312 1064 4376 iu
1080 4312 1219 4379 termino

87 4427 209 4489 statuto
238 4421 336 4488 ambe
362 4427 472 4505 partes
499 4439 609 4486 eoram
624 4422 720 4489 nobis
738 4419 924 4504 consituta,
949 4418 1101 4485 videlieet
1117 4419 1219 4503 Magi·

88 4535 155 4595 ster
172 4528 362 4596 Demetrius
378 4526 493 4596 (lomes
510 4526 723 4596 Oenadiensis
742 4549 800 4614 pro
817 4527 895 4612 filijs
912 4527 1009 4608 Peos,
1035 4532 1068 4592 et
1082 4527 1220 4593 Rennol·

92 4633 150 4702 dus
175 4634 220 4702 de
234 4633 318 4700 villa
345 4632 491 4719 Bozthyh
514 4642 705 4719 procurator
721 4635 836 4718 Vgrini
859 4631 1105 4724 Arehiapisoopi
1129 4631 1219 4702 Golo-
