3186 5188
794 255 951 357 ’ree-

310 471 452 528 tarcrum
478 479 559 543 gens
576 457 677 543 impia
693 453 913 522 Christianum
928 451 1082 537 populum
1098 449 1272 533 sublegere
1305 447 1368 513 sibi
1386 445 1440 509 vel

310 571 419 655 potius
442 568 603 654 pertinere
619 573 788 651 appetens,
817 561 961 628 collectis
986 563 1052 626 iarn
1070 559 1190 626 dudum
1206 580 1339 625 surarum
1356 552 1433 623 viri-

312 680 373 743 bus
400 675 576 757 nationum,
595 675 773 756 Poloniaur,
790 671 957 754 Rusciam,
975 671 1153 753 Ungariam
1179 669 1328 749 aliasque
1347 664 1438 731 Chri·

315 786 493 852 stianorum
518 783 667 866 regiones
684 782 844 864 ingressa,
871 778 918 844 sie
933 778 967 843 iu
984 797 1041 844 eas
1057 775 1285 862 depopulatrix
1306 773 1437 858 insevit,

314 901 349 959 ut
365 890 477 974 gladio
493 892 563 957 eius
579 910 639 956 nee
655 890 734 954 etati
751 893 914 972 parcente,
941 906 1001 952 nec
1018 885 1117 962 sexui,
1137 884 1243 950 sedin
1263 901 1375 950 omnes
1392 881 1439 945 in-

316 999 500 1066 differenter
517 996 708 1062 erudelitate
735 994 858 1063 orribili
876 992 1089 1075 debachante,
1118 990 1261 1057 inaudito
1278 991 1370 1076 ipsas
1388 1007 1440 1052 ex·

314 1108 464 1175 terminio
481 1105 675 1188 devastavit,
703 1123 742 1169 ac
758 1103 894 1168 aliorum
910 1103 1035 1186 Regna,
1052 1099 1238 1166 continuato
1262 1117 1441 1185 progressu

315 1216 374 1281 illa
390 1215 463 1296 sibi,
490 1213 604 1282 eodem
620 1215 654 1279 in
670 1213 793 1296 vagina
809 1211 904 1280 otiari
922 1210 1032 1295 gladio
1049 1211 1223 1286 nesciente,
1249 1203 1441 1273 incessabili

316 1325 542 1409 persecutione
569 1321 756 1404 substernit,
783 1328 818 1385 ut
833 1321 1068 1402 subsequenter
1093 1317 1127 1382 in
1148 1317 1262 1384 robore
1287 1315 1441 1382 fortiores

315 1431 476 1498 exereitus
493 1430 696 1497 Christianos
722 1428 890 1509 invadens,
915 1445 1008 1492 suam
1025 1425 1151 1510 plenius
1167 1425 1201 1491 in
1226 1425 1314 1511 ipsos
1335 1423 1441 1509 possit

316 1543 467 1606 sevitiam
484 1559 645 1624 exercere,
672 1539 783 1620 sicque
804 1539 928 1616 orbato,
957 1534 1043 1618 quod
1061 1533 1157 1616 absit,
1183 1533 1333 1600 fidelibus
1349 1532 1440 1614 erbe,

319 1643 401 1710 fides
417 1647 589 1725 exorbitet,
614 1646 688 1710 dum
707 1645 855 1710 sublatos
871 1643 934 1709 sibi
950 1642 1108 1726 gemuerit
1127 1641 1230 1726 ipsius
1247 1641 1353 1723 gentis
1368 1638 1442 1705 feri-

316 1759 384 1816 tate
401 1752 550 1816 cultores.
575 1750 625 1812 Ne
641 1751 740 1831 igitur
755 1759 822 1816 tam
839 1750 1033 1816 detestanda
1053 1750 1158 1833 gentis
1176 1747 1322 1816 eiusdem
1337 1748 1441 1813 inten-

315 1859 361 1923 tio
378 1859 534 1941 prolicere
552 1855 671 1936 valeat,
697 1855 754 1920 sed
772 1859 909 1942 deficiat,
930 1866 1061 1924 auctore
1077 1861 1158 1939 Deo,
1176 1857 1294 1941 potius,
1320 1863 1351 1920 et
1367 1875 1440 1921 eon-

317 1964 420 2031 trarie
445 1959 654 2029 concludatur
680 1969 816 2042 eventu,
843 1965 884 2028 ab
914 1967 1073 2032 universis
1097 1963 1288 2030 christicolis
1313 1967 1443 2027 attenta

316 2073 370 2137 'est
383 2069 644 2138 consideratione
655 2069 857 2153 pensandum
869 2078 901 2134 et
911 2073 1149 2153 procurandum
1159 2073 1267 2140 studio
1279 2071 1440 2154 diligenti,

320 2186 355 2244 ut
371 2179 419 2244 sic
434 2178 522 2244 illius
539 2175 736 2262 impediatur
747 2195 925 2261 processus,
944 2178 1030 2258 quod
1045 2188 1185 2260 nequeat
1201 2181 1243 2245 ab
1256 2180 1345 2264 ipsos
1362 2179 1442 2243 ulte-

320 2286 387 2350 rius
397 2291 690 2368 quantumcumque
700 2285 826 2369 potenti
842 2290 967 2350 armato
978 2283 1110 2349 brachio
1120 2286 1329 2368 pertransire.
1348 2286 1439 2352 Ideo-

320 2411 383 2474 que
399 2395 500 2459 Saerc
517 2392 676 2458 suadente
687 2390 840 2472 Concilio,
859 2390 1101 2457 universitatem
1112 2398 1252 2455 vestram
1263 2412 1441 2477 monemus,

318 2517 470 2582 rogamus
497 2507 529 2566 et
545 2498 711 2564 hortamur
737 2504 861 2564 attente
887 2485 1091 2580 mandantes,
1116 2501 1276 2578 quatenus
1295 2499 1382 2562 viam
1410 2511 1444 2565 ct

321 2605 439 2688 aditus,
467 2605 552 2672 unde
570 2607 601 2672 in
618 2615 739 2672 terram
755 2616 897 2673 vestram
914 2626 995 2687 gens
1011 2604 1086 2690 ipsa
1105 2612 1216 2687 posset
1232 2604 1367 2688 ingredi,
1387 2627 1441 2669 so-

319 2713 495 2780 lertissime
518 2721 773 2800 perscrutantes,
801 2714 873 2780 illos
889 2713 1023 2781 fossatis
1043 2714 1095 2778 vel
1111 2721 1143 2778 ct
1168 2711 1268 2780 muris
1284 2733 1341 2779 seu
1367 2713 1444 2779 allis

317 2821 452 2887 edificiis
469 2826 526 2885 aut
542 2821 698 2903 artificiis,
727 2833 819 2906 prout
837 2821 990 2906 expedire
1007 2818 1164 2903 videritis,
1192 2821 1301 2886 taliter
1318 2841 1443 2906 premu-

318 2929 389 2994 nire
405 2929 532 3013 curetis,
560 2926 646 3010 quod
664 2929 809 2996 ciusdem
826 2931 932 3013 gentis
949 2929 991 2996 ad
1008 2949 1066 2996 vos
1083 2929 1251 3013 ingressus
1272 2935 1384 3014 patere
1402 2929 1443 2995 dc

315 3035 404 3100 facili
421 3042 572 3119 nequeat,
590 3034 649 3101 sed
667 3037 755 3119 prius
769 3038 958 3122 alpcstolice
974 3036 1051 3102 Sedi
1069 3057 1145 3103 suus
1165 3036 1355 3102 denunciari
1371 3058 1444 3122 pos-

319 3143 362 3207 sit
373 3143 544 3224 advcntus,
561 3149 596 3207 ut
612 3162 652 3207 ea
663 3144 755 3209 vobis
767 3143 908 3209 fidelium
921 3143 1106 3210 destinante
1117 3163 1314 3222 succursum,
1331 3153 1444 3209 contra

319 3255 453 3316 conatus
470 3257 502 3315 et
517 3248 657 3314 insultus
684 3251 790 3331 gentis
807 3250 911 3335 ipsius
938 3251 997 3316 tuti
1014 3271 1095 3333 csse,
1123 3249 1273 3316 adiutore
1289 3252 1439 3329 Domino,

318 3357 464 3423 valeatis.
492 3357 561 3420 Nos
587 3355 722 3419 enimin
749 3363 815 3421 tam
841 3356 1035 3423 necessariis
1063 3367 1095 3422 et
1116 3357 1248 3424 utilibus
1277 3359 1442 3443 expensis,

317 3485 399 3546 quas
416 3464 457 3530 cb
474 3463 505 3527 id
523 3461 675 3542 feceritis,
703 3465 941 3531 contribuennrs
968 3465 1148 3548 magnifice,
1176 3484 1215 3529 ac
1231 3465 1275 3529 ab
1291 3466 1442 3532 omnihus

319 3569 576 3638 Christianorum
593 3570 790 3656 regionibus,
817 3593 889 3638 curn
904 3592 963 3657 per
981 3573 1039 3638 hoe
1059 3581 1243 3639 occurratur
1268 3576 1442 3640 eommuni-

317 3679 379 3744 bus
396 3674 559 3764 periculis,
579 3678 869 3763 proporcicnaliter
885 3679 1044 3746 contribui
1060 3679 1236 3746 iaciemus:
1262 3689 1293 3746 et
1309 3679 1442 3749 nichilo·

319 3786 424 3852 minus
451 3783 635 3870 superbiis
662 3786 736 3852 aliis
764 3785 883 3854 Christi
909 3786 1069 3869 lidelihus,
1095 3807 1152 3872 per
1170 3807 1304 3872 quorum
1331 3795 1444 3874 partes

315 3896 439 3961 habere
462 3899 575 3979 posset
600 3891 722 3961 aditum
749 3915 830 3980 gens
850 3895 1005 3982 predicta,
1028 3895 1153 3962 litteras
1180 3897 1387 3982 presentibus
1404 3896 1444 3962 si-

316 4002 408 4067 miles
424 3997 636 4066 destinamus.

313 4179 453 4250 (Theiuer,
475 4180 575 4230 Vetera
597 4180 769 4232 hlonunrcnta
792 4183 1111 4250 ilistoriculluuguriaru
1136 4183 1243 4234 Sacrani
1268 4185 1444 4237 illustrantia.

794 4275 814 4322 1.
830 4275 855 4323 k.
873 4276 931 4324 198.
946 4275 962 4322 l.

738 4503 1003 4516 ...W
