3210 5194
97 1102 152 1165 IX.
169 1101 304 1188 Gcrpely
314 1103 475 1188 pcipdnok
493 1101 693 1168 intezkedc‘ooi
708 1123 729 1164 a
744 1101 788 1166 II.
809 1103 937 1190 Fripyos
949 1109 1075 1170 caricam·
1086 1104 1162 1171 citou
1179 1108 1225 1170 iu·
1292 1154 1293 1158 ,

290 1209 428 1275 ditando
442 1210 592 1273 kercaztcc
607 1207 727 1274 bethorot
743 1209 928 1296 ic‘rpydbcn.
945 1213 1041 1276 1241.

204 1404 387 1487 Gregorius
404 1403 588 1489 Episcopus
613 1423 728 1470 seruus
744 1423 909 1472 seruorum
926 1407 988 1472 Dei
1014 1406 1134 1477 diiecto
1155 1409 1224 1477 filio

95 1513 240 1579 Jobanni
258 1511 299 1576 de
316 1509 468 1577 CivitelIa
484 1509 689 1578 Subdiacouo
706 1518 739 1578 et
751 1510 933 1598 Capellano
948 1519 1069 1596 nostro,
1086 1514 1225 1582 salutem

96 1627 126 1684 et
140 1617 370 1705 Apostolicam
386 1617 656 1684 benedictionem.
682 1619 762 1684 Cum
779 1619 837 1684 tibi
854 1617 1041 1685 duxerimus
1058 1621 1225 1705 iniungen·

96 1727 181 1810 dum,
210 1735 247 1792 ut
272 1732 385 1794 contra
400 1725 600 1793 Friderioum
626 1727 747 1792 dictum
763 1728 1004 1813 Imperatorem,
1032 1726 1224 1813 perditionis

96 1834 211 1917 tilium,
225 1834 260 1898 in
272 1833 417 1918 Ungaric
426 1835 540 1918 Regno
552 1834 684 1900 verbum
695 1835 798 1900 crucis
809 1852 1017 1919 proponeres,
1036 1840 1068 1900 et
1078 1837 1224 1902 nonnulli

95 1945 125 2007 in
142 1942 235 2010 dicto
252 1944 364 2025 Regno
379 1943 413 2008 in
428 1949 513 2009 terre
529 1945 646 2009 Sancte
666 1941 846 2008 subsidium
872 1942 1075 2026 susceperint
1095 1941 1224 2025 signum

94 2049 213 2132 omcis,
242 2069 282 2114 ex
299 2068 362 2132 quo
380 2049 645 2134 impedimentum
662 2070 726 2116 non
742 2048 903 2116 modicum
918 2055 973 2115 tuo
989 2049 1156 2134 proposito
1172 2069 1224 2133 ge

94 2165 252 2239 neratur;
270 2176 329 2222 nos
345 2157 558 2242 attendentes,
576 2156 663 2242 quod
678 2163 769 2223 tanto
791 2157 954 2223 salubrius
970 2166 1020 2223 est
1036 2156 1225 2243 Apostolice

92 2263 173 2331 Sodi
191 2265 225 2329 in
243 2263 305 2329 boc
320 2265 527 2332 necessitatis
543 2265 681 2331 articulo
692 2263 874 2348 subvenire,
892 2273 1012 2348 quanto
1030 2265 1104 2350 ipsa
1119 2271 1224 2331 mater

1 2431 2 2454 ,
93 2380 124 2439 et
140 2378 247 2458 caput
272 2372 349 2438 fidei
364 2373 399 2438 in
416 2372 547 2454 gravius
572 2373 742 2438 christiani
766 2372 906 2437 nominis
925 2373 1104 2458 periculum
1122 2372 1224 2456 impu·

1 2467 2 2492 ¹
94 2485 229 2563 gnatur,
255 2477 428 2544 devocioni
453 2485 517 2561 tue,
544 2486 579 2543 ut
600 2486 677 2545 vota
701 2478 999 2562 crucesignatorum
1023 2478 1165 2563 ipsorum
1190 2478 1224 2542 in

90 2587 321 2653 defensionem
337 2583 484 2649 Ecclesie
500 2590 612 2649 contra
626 2583 827 2651 Friderioum
843 2584 991 2670 eundem,
1010 2584 1037 2650 si
1054 2603 1163 2651 eorum
1180 2583 1223 2650 ad

91 2696 124 2763 id
141 2711 325 2760 consensus
351 2691 538 2775 accesserit,
565 2696 763 2758 commutare
780 2691 905 2774 valeas,
934 2711 973 2756 ac
989 2692 1070 2776 ipsis
1096 2697 1128 2758 et
1153 2691 1223 2757 reli-

90 2803 167 2887 quis
184 2799 421 2866 redimentibus
437 2807 515 2864 uota
531 2818 600 2884 sua,
621 2796 795 2866 dummodo
813 2817 984 2883 expensas,
1011 2818 1093 2883 quas
1108 2797 1226 2864 facturi

91 2913 208 2978 essent
226 2905 332 2972 eundo
359 2905 393 2970 in
411 2911 530 2971 terram
556 2903 745 2990 predictam,
771 2905 927 2973 morando
952 2905 1033 2971 inibi
1057 2911 1090 2971 et
1105 2904 1224 2971 exinde

91 3013 275 3099 redeundo,
301 3015 335 3080 in
351 3011 501 3078 manibus
525 3012 589 3077 tuis
608 3019 639 3077 et
656 3010 768 3078 dilecti
783 3012 842 3078 dlii
860 3061 908 3078 ...
925 3013 1063 3080 Abbatis
1080 3013 1121 3078 de
1136 3012 1224 3078 Pelio

91 3121 325 3191 cisterciensis
336 3116 479 3201 Ordinis,
499 3125 532 3184 et
546 3117 712 3184 Benedicti
724 3117 881 3191 Canonici
898 3117 1130 3202 strigoniensis
1143 3119 1224 3184 assi·

92 3237 205 3318 guent,
224 3229 258 3294 in
275 3225 500 3294 defensionem
511 3222 697 3292 huiusmodi
713 3226 991 3310 transmittendas,
1009 3226 1100 3292 iiiam
1117 3224 1223 3309 possis

91 3339 267 3422 indulgere
285 3334 416 3400 veniam
433 3339 649 3419 peccatorum,
676 3353 739 3417 qne
754 3333 901 3419 predicte
916 3339 1002 3401 terre
1016 3331 1225 3400 succurrenti-

92 3449 152 3514 bus
178 3447 214 3512 in
241 3443 401 3511 Generaii
426 3439 571 3509 Concilio
597 3448 649 3510 est
673 3461 838 3527 concessa,
871 3443 1006 3510 liberam
1033 3441 1225 3509 auctoritate

93 3553 301 3642 presencium
326 3549 533 3617 concedimus
549 3550 749 3619 facultatem.
774 3553 895 3618 Datum
912 3550 1067 3617 Laterani
1090 3549 1130 3614 II.
1150 3548 1224 3614 idus

91 3662 263 3732 Februarii
279 3657 510 3748 (Pontificatus
527 3655 644 3744 nostri)
661 3678 748 3726 anno
764 3655 856 3726 XIII.

441 3853 569 3920 (Tireiner
581 3857 617 3908 id.
631 3876 664 3911 m.
678 3865 700 3914 Ι.
715 3863 771 3915 not.
787 3863 846 3912 lus.
860 3860 889 3927 l.)

535 4167 790 4181 ...w-—
