3162 5188
840 330 1000 431 Q

359 526 528 592 descendit
541 526 584 591 ad
596 534 694 611 caput
709 524 803 592 vnius
814 526 904 613 fluuij
921 549 1033 596 versus
1046 531 1213 617 orientem,
1230 538 1262 597 et
1271 553 1328 618 pcr
1345 533 1490 598 eundem

358 634 491 699 fluuium
516 632 604 699 cadit
620 633 664 699 ad
680 634 801 700 fontem
817 635 1020 724 Brebroucz;
1048 639 1125 706 inde
1143 641 1246 707 tendit
1262 661 1376 706 versus
1394 643 1490 722 aqui-

355 743 464 810 lonem
480 765 541 829 per
557 741 694 809 eundem
720 743 840 809 dictum
857 744 976 812 fontem
992 749 1083 814 vadit
1098 769 1157 834 per
1175 751 1323 835 spacium
1346 751 1486 814 duorum

350 854 514 937 jugerum,
534 859 565 918 et
581 852 732 937 peruenit
746 853 788 918 ad
807 854 913 919 locum
928 857 1036 941 pontis
1053 857 1209 941 chonis,
1233 857 1287 922 vbi
1306 856 1394 922 cadit
1411 877 1488 942 par·

355 980 415 1026 uus
431 960 556 1027 riuulus
573 961 616 1025 ad
632 960 791 1046 prefatum
807 963 939 1047 fontem,
966 985 1135 1049 perquem
1151 965 1243 1031 vadit
1258 985 1374 1032 uersus
1399 965 1483 1029 oeci-

355 1070 483 1136 dentem
509 1070 659 1155 superius
677 1069 719 1134 ad
736 1078 835 1155 caput
860 1071 1004 1138 eiusdem
1019 1075 1126 1157 riuuli‚
1154 1075 1194 1140 de
1211 1095 1273 1159 quo
1297 1075 1482 1140 ascendens

354 1178 492 1243 transito
509 1212 552 1224 -
568 1216 608 1224 —
627 1202 690 1261 ——3
720 1179 855 1262 postheo
871 1198 947 1244 vero
965 1179 1133 1247 descendit
1149 1183 1191 1248 ad
1216 1182 1348 1248 fluuium
1367 1180 1482 1248 Cozte-

353 1306 464 1370 neuen,
491 1305 585 1369 quem
601 1284 764 1350 transiens
790 1287 938 1352 ascendit
954 1286 997 1352 ad
1014 1289 1125 1374 beron,
1152 1289 1228 1355 hinc
1244 1289 1362 1356 transit
1381 1289 1480 1372 viam,

352 1399 384 1457 et
396 1391 564 1458 descendit
580 1393 623 1457 ud
639 1392 814 1478 planiciem
831 1394 937 1477 vallis,
956 1403 987 1459 et
1003 1417 1062 1482 per
1079 1397 1216 1462 eandem
1231 1396 1319 1462 cedit
1336 1395 1378 1461 ad
1390 1405 1482 1461 ante-

352 1501 471 1566 dictam
487 1500 612 1566 limfam
625 1501 811 1587 Oupchyna
832 1502 886 1567 vbi
904 1524 924 1567 a
940 1503 1055 1568 dextro
1068 1504 1267 1588 jobagiones
1279 1505 1387 1570 Castri
1403 1512 1483 1570 sunt

352 1611 575 1692 commetanei,
594 1617 625 1675 et
641 1609 840 1676 transeundo
865 1610 990 1676 limfam
1008 1609 1183 1696 Cupchyne
1203 1611 1291 1676 cadit
1316 1613 1359 1677 ad
1380 1633 1481 1678 vnum

352 1740 487 1805 paruum
500 1719 619 1785 siccum
629 1719 725 1806 potet
740 1717 884 1783 eiusdem
895 1716 1082 1804 Cupehyne,
1101 1724 1134 1782 et
1150 1739 1207 1804 per
1225 1720 1362 1784 eundem
1374 1740 1482 1785 reuer-

352 1829 430 1894 titur
446 1826 488 1892 ad
505 1834 622 1890 metam
641 1826 790 1910 priorem.
820 1827 902 1892 Item
918 1825 1023 1912 prima
1049 1835 1135 1892 meta
1152 1833 1236 1892 terre
1251 1829 1391 1912 Dragos,
1413 1847 1479 1911 quc

351 1941 399 2000 θεῖ
415 1934 507 2000 iuxta
524 1931 746 2017 Cupehynam,
773 1933 885 2018 incipit
903 1936 944 2000 ab
961 1934 1129 2002 occidente
1153 1935 1187 1999 in
1204 1934 1319 2001 arbore
1341 1959 1429 2021 epar,
1446 1941 1482 1999 et

349 2043 441 2108 vadit
466 2039 510 2105 ad
526 2040 613 2105 viam
640 2040 725 2106 bona
742 2041 955 2124 longitudine,
983 2051 1016 2107 et
1032 2043 1179 2128 peruenit
1205 2041 1248 2106 ad
1274 2050 1395 2108 metam
1417 2051 1479 2109 ter-

349 2170 456 2233 ream,
476 2148 594 2213 abhinc
604 2149 695 2213 vadit
710 2147 833 2212 directe
850 2169 909 2233 per
924 2150 1100 2232 virgultum
1117 2148 1320 2232 longitudine
1338 2150 1478 2216 duorum

345 2258 495 2341 jugerum
514 2263 546 2321 et
563 2255 700 2342 dimidij,
725 2263 756 2321 et
775 2257 942 2322 deseendit
965 2255 1008 2322 ad
1025 2258 1163 2323 rinulum
1190 2259 1329 2342 siecum,
1356 2259 1477 2325 deinde

349 2363 496 2429 aseendit
513 2365 555 2429 ad
573 2364 737 2446 orientem,
757 2370 788 2427 et
805 2363 893 2428 cadit
909 2363 1060 2448 adriam,
1078 2385 1140 2448 que
1158 2365 1335 2430 bifurcatur
1350 2366 1394 2430 ad
1410 2387 1476 2431 mo·

348 2474 424 2538 dum
441 2475 555 2555 erucis,
584 2472 638 2537 vbi
656 2479 705 2538 est
722 2479 809 2537 meta
825 2479 934 2537 terrea
951 2493 971 2536 a
987 2481 1080 2558 parte
1097 2473 1270 2560 aquilonis,
1291 2473 1324 2539 in
1340 2474 1475 2540 sinistro

346 2579 569 2648 castrensibus
596 2577 847 2660 remanentibus,
875 2579 1024 2645 adextro
1042 2599 1117 2644 rero
1144 2587 1194 2644 θεῖ
1218 2585 1304 2644 terra
1328 2581 1472 2663 Dragos.

345 2691 427 2756 Item
443 2689 549 2775 prima
565 2695 653 2753 meta
669 2694 755 2752 terre
768 2686 1006 2770 Cheresneuch,
1025 2707 1087 2770 quc
1104 2695 1154 2752 θεῖ
1171 2689 1336 2771 Berensis,
1356 2689 1472 2775 incipit

346 2796 528 2878 ameridie,
555 2796 610 2862 vbi
637 2796 761 2860 riuulus
780 2794 1004 2862 Oneresneuch
1032 2796 1118 2861 cadit
1142 2796 1184 2861 ad
1211 2817 1330 2881 aquam
1347 2795 1470 2882 Culpa3

345 2905 421 2971 inde
447 2904 651 2990 progreditur
676 2923 789 2970 versus
815 2903 1000 2986 aquilonem
1027 2925 1084 2990 per
1110 2901 1247 2970 eundem
1267 2904 1420 2990 riuulum,
1438 2913 1470 2970 et

343 3012 436 3078 vadit
451 3014 539 3078 bona
563 3011 774 3095 longitudine,
802 3019 834 3075 et
850 3011 917 3076 exit
941 3012 1095 3076 adunam
1113 3013 1243 3097 vallem,
1270 3019 1303 3076 et
1318 3032 1377 3097 per
1394 3033 1468 3078 eau-

345 3120 418 3187 dem
436 3122 555 3188 vallem
572 3118 664 3186 vadit
682 3126 714 3185 et
730 3119 877 3190 ascendit
891 3139 988 3204 super
1004 3120 1108 3203 berec,
1130 3121 1162 3184 in
1180 3120 1355 3202 eodemque
1375 3119 1469 3186 beron

343 3237 393 3296 est
409 3231 506 3295 arbor
523 3227 618 3312 ilicis,
646 3226 701 3292 vbi
718 3234 767 3292 θεῖ
784 3233 873 3291 meta
888 3233 1005 3308 terrea,
1032 3233 1064 3290 ct
1080 3226 1227 3291 ascendit
1252 3227 1296 3291 ad
1311 3225 1467 3293 verticem

342 3337 448 3420 berou,
466 3335 519 3401 vbi
538 3341 587 3400 est
603 3340 688 3400 meta
705 3341 819 3415 terrea,
846 3341 878 3398 et
895 3334 941 3399 ibi
958 3354 978 3398 a
994 3335 1124 3400 sinistro
1151 3335 1363 3400 commetanei
1389 3339 1466 3398 sunt

338 3443 534 3528 jobagiones
551 3441 677 3526 (lustri,
704 3442 781 3506 hinc
796 3440 901 3507 tendit
919 3461 1030 3507 versus
1055 3441 1221 3524 orientem,
1246 3446 1279 3505 et
1294 3441 1465 3508 descendit

342 3547 385 3614 ad
402 3570 499 3614 vnum
516 3549 637 3615 fontem
662 3549 791 3614 nomine
807 3549 935 3633 Scelny,
961 3555 994 3614 et
1009 3548 1099 3613 radit
1115 3568 1174 3633 per
1188 3547 1325 3613 eundem
1340 3548 1465 3615 fontem

341 3657 384 3723 ad
401 3657 581 3741 predictam
598 3677 717 3740 aquam
736 3655 846 3743 Culpa,
872 3676 932 3741 per
948 3676 1063 3740 aquam
1082 3656 1252 3720 reuertitur
1268 3655 1311 3720 ad
1323 3655 1462 3741 priorem

340 3774 470 3833 metam.
498 3767 580 3830 Item
596 3765 702 3849 prima
712 3746 803 3830 ¹meta
818 3771 904 3830 terre
923 3763 1085 3847 indaginis
1101 3763 1237 3847 Budina,
1255 3782 1318 3846 que
1338 3770 1388 3830 θεῖ
1403 3767 1463 3830 Ru·

339 3875 400 3960 cie,
427 3877 542 3961 incipit
558 3875 599 3940 ab
618 3875 751 3958 oriente,
778 3873 834 3938 vbi
849 3873 922 3940 fons
947 3873 1076 3940 nomine
1095 3873 1279 3939 Brebrouch
1306 3873 1395 3938 eadit
1421 3875 1465 3940 ad

340 4005 459 4068 aquam
477 3985 666 4070 Oupchyna,
684 3983 802 4048 transit
818 3983 956 4048 eandem
976 4001 1104 4065 aquam,
1132 3988 1163 4045 et
1180 3979 1256 4045 inde
1272 3981 1376 4046 tendit
1396 4002 1465 4046 ver·

338 4111 393 4158 sus
411 4093 596 4177 aquilonem
625 4089 794 4156 dimidium
813 4091 942 4174 jugeris
959 4088 1173 4172 longitudine,
1200 4096 1231 4154 et
1246 4091 1396 4174 peruenit
1422 4087 1465 4154 ad

338 4201 489 4266 arborem
505 4225 576 4282 oar,
602 4202 659 4266 vbi
676 4205 725 4263 est
751 4219 840 4264 mera
866 4205 992 4282 terrea,
1019 4197 1093 4262 hinc
1119 4197 1325 4283 progreditur
1353 4217 1464 4264 versus

337 4306 548 4391 occidentem,
567 4315 599 4374 et
610 4308 700 4373 vadit
712 4307 798 4372 vltra
808 4305 937 4389 siluam,
955 4311 987 4370 et
998 4305 1146 4391 peruenit
1162 4305 1206 4369 ad
1223 4323 1318 4368 vnum
1332 4303 1462 4390 fontem,
1555 4329 1558 4336 ’

335 4418 392 4503 qui
418 4425 552 4483 vocatur
577 4417 775 4502 Prichayni,
792 4423 824 4482 et
851 4415 968 4481 transit
995 4412 1142 4494 eundem,
1170 4419 1202 4478 et
1226 4412 1272 4477 ibi
1300 4419 1351 4477 est
1376 4421 1462 4480 meta

336 4534 461 4611 terrea,
487 4527 563 4593 inde
580 4527 670 4592 vadit
688 4547 745 4613 per
762 4546 922 4611 campum,
951 4524 984 4589 in
1001 4523 1107 4590 mcdio
1125 4521 1270 4588 eiusdem
1287 4525 1396 4608 campi
1411 4544 1461 4590 re·

333 4635 382 4701 nit
397 4632 439 4700 ad
456 4642 576 4702 metam
591 4641 751 4718 terream;
776 4633 851 4701 inde
869 4633 969 4718 vadit,
996 4639 1029 4697 et
1046 4629 1135 4697 cadit
1160 4631 1204 4695 ad
1220 4649 1319 4695 vnum
1342 4633 1458 4716 lacum,
