3162 5188
624 871 704 942 227.

90 1051 109 1116 l
116 1051 151 1116 V.
172 1051 272 1118 Iasae
285 1053 375 1141 pcipo
390 1055 635 1142 upyauozokuok
650 1057 838 1142 ompcupcdi,
853 1059 935 1144 kopp
950 1059 1003 1123 teli
1013 1059 1119 1124 iudico
1137 1061 1221 1124 neele-

341 1161 415 1248 pets
431 1163 553 1227 roltciba
567 1163 852 1230 dltdzlcdddesscoek.
874 1164 971 1231 1251.

199 1357 414 1426 Innocentius
430 1357 612 1450 Episcopus
639 1378 752 1428 seruus
777 1379 943 1428 seruorum
958 1362 1020 1428 Dei
1037 1359 1165 1429 dilectis
1188 1361 1222 1430 in

85 1449 371 1534 ultramosanus
390 1465 645 1536 ...stratisue
670 1471 703 1536 et
719 1467 900 1536 sonuertnt
917 1467 1105 1536 montanum
1121 1470 1221 1537 inolu-

84 1592 199 1640 sarum
217 1574 410 1660 Monastcrij
437 1573 559 1644 Sancte
575 1575 744 1644 Elisabeth
770 1576 803 1643 in
819 1577 931 1664 Tyma
952 1575 1085 1645 Ordinis
1110 1577 1220 1646 Sancti

83 1682 248 1749 Damiani
265 1681 497 1768 strigoniensis
514 1683 663 1752 Dionesis
682 1683 820 1752 salutem
837 1690 869 1752 et
884 1683 1105 1771 Apostolicam
1122 1685 1219 1754 bene-

85 1789 277 1858 dictionem.
294 1791 414 1859 Diuiue
430 1791 776 1884 affluentiampietalis
792 1791 941 1861 habendo
958 1814 1015 1880 pre
1026 1793 1138 1878 oculis,
1158 1813 1220 1882 quo

84 1897 192 1986 uobis,
211 1895 292 1966 licet
301 1897 471 1984 inmeritis,
483 1919 592 1970 curam
604 1900 767 1990 generalis
777 1899 938 1967 commisit
947 1898 1103 1985 Ecclesie,
1120 1901 1219 1972 saluti

85 2005 233 2074 omnium
243 2005 382 2076 libenter
391 2004 605 2094 intendimus3
622 2007 681 2078 sed
696 2008 825 2076 illorum
842 2007 1007 2096 precipue,
1023 2006 1219 2094 qniDiuinis

86 2113 246 2182 laudibus
273 2114 457 2202 frequenter
481 2113 665 2200 inuigilant,
692 2122 725 2183 et
739 2115 794 2202 pie
818 2114 885 2182 uite
901 2112 1009 2183 studio
1034 2114 1104 2183 sino
1123 2115 1219 2183 iuter·

88 2222 247 2292 missione
273 2221 442 2291 desudant.
476 2221 633 2294 Exhibita
657 2223 817 2310 siquidem
842 2222 938 2290 nobis
964 2227 1074 2290 uestra
1098 2222 1217 2310 peticio

84 2331 286 2420 continebat,
313 2332 400 2418 quod
426 2333 504 2401 licet
529 2332 629 2400 sitin
654 2330 819 2400 desiderio
845 2339 954 2399 uestro
980 2333 1134 2401 continua
1160 2353 1218 2420 per

86 2439 299 2508 afflictionem
316 2441 424 2508 curnis
440 2440 609 2509 assiduam
626 2439 742 2508 mereri
760 2439 886 2527 promia
900 2438 1087 2526 beatorum3
1107 2447 1216 2507 tamen

86 2544 255 2636 fragilitas
272 2557 382 2616 uestra
395 2569 461 2617 non
477 2548 604 2634 sufficit,
622 2546 707 2635 quod
723 2547 938 2616 intensionem
947 2545 1080 2632 frigoris
1096 2553 1217 2615 uestra-

88 2674 157 2722 rum
174 2656 324 2744 pureium
340 2655 410 2724 sine
426 2656 556 2724 incursu
572 2653 769 2724 discriminis
795 2653 955 2724 sustinere
971 2653 1114 2742 possitis.
1131 2653 1216 2735 Quia

87 2781 162 2830 uero
179 2765 303 2831 decens
322 2771 355 2830 ot
371 2765 503 2850 dignum
520 2784 594 2834 esse
613 2762 823 2851 dignoscitur,
848 2771 883 2831 ut
897 2761 1105 2851 prouidentia
1120 2761 1215 2829 Sedis

88 2869 281 2956 Apostolico
305 2871 506 2956 suffragante
522 2892 544 2938 o
559 2871 653 2939 uobis
677 2872 788 2956 iugum
805 2869 935 2938 Domini
960 2890 1032 2937 cum
1052 2868 1215 2940 suauitate

90 2977 212 3045 scr-ator
228 3004 237 3044 ε
255 3000 314 3048 uos
330 2979 447 3048 uestris
462 2977 757 3068 supplicationibus
774 2982 953 3046 cunueutes
968 2977 1062 3045 uobis
1077 2977 1215 3045 auctori·

87 3093 153 3153 tate
177 3088 377 3176 presentium
401 3087 619 3176 indulgemus,
645 3093 759 3155 utnon
779 3085 928 3154 obstante
953 3085 1118 3154 contrario
1142 3106 1213 3154 cou-

91 3195 264 3264 suetudine
289 3198 341 3264 uel
368 3201 489 3266 statuto
513 3196 616 3264 uestri
633 3193 774 3279 Ordinis,
799 3193 936 3261 durante
961 3190 1145 3261 huiusmodi
1161 3191 1213 3260 iri·

90 3323 168 3386 gore
183 3305 232 3374 uti
247 3304 389 3392 pellibus
405 3306 507 3374 libore
523 3306 672 3374 ualeatis.
698 3302 789 3370 Nulli
805 3322 883 3390 ergo
900 3300 1029 3370 omnino
1049 3300 1213 3370 hominnm

90 3409 187 3480 liceat
212 3413 300 3482 hano
323 3413 482 3501 pagiuam
506 3421 617 3482 nostre
648 3409 866 3482 concessionis
890 3407 1075 3495 infringere,
1104 3411 1157 3478 uel
1182 3410 1213 3478 ei

92 3535 170 3585 ausu
196 3521 372 3590 temerario
398 3519 570 3590 contraire.
594 3520 704 3607 Siquis
720 3525 828 3587 autem
845 3518 907 3585 hoc
923 3522 1117 3605 attemptare
1141 3536 1213 3607 pre

90 3632 272 3716 sumpserit,
286 3629 548 3716 indignationem
564 3627 805 3716 omnipotentis
815 3626 878 3693 Dei
894 3625 1110 3694 ctBeatornm
1126 3625 1212 3694 Petri

93 3740 124 3801 et
136 3735 233 3806 Pauli
247 3737 480 3825 Apostolorum
496 3734 566 3803 eins
586 3755 622 3803 se
636 3732 764 3803 nouerit
779 3733 988 3800 incursurum.
1008 3733 1130 3799 Datum
1148 3733 1213 3798 dde-

91 3842 212 3915 diolani
228 3845 384 3916 kalendis
401 3843 600 3933 Septembris
616 3843 826 3911 Pontificatus
842 3841 944 3911 nostri
959 3859 1043 3908 anno
1059 3859 1154 3907 nono.

90 4043 221 4106 (Eredotio
236 4043 414 4114 bdrlrirtyim
428 4046 539 4113 melyrdl
553 4059 570 4096 a
582 4041 654 4114 pipc
667 4041 859 4110 olompcesstjc
872 4036 1047 4106 volus-uirga
1060 4037 1212 4104 selyemnsl·

302 4137 389 4192 ndrou
399 4137 475 4204 illgg,
489 4151 507 4189 a
518 4135 602 4189 budai
612 4135 664 4188 lrir.
677 4135 799 4188 sammai
808 4125 997 4200 resultatum.)
