3226 5194
877 339 1034 448 Aa.

392 539 548 610 mandato
565 537 673 608 Incliti
688 540 789 610 Ducis
804 542 1013 612 venetiarum
1030 540 1148 610 Comiti
1164 539 1301 629 Ragnsii
1321 545 1355 608 et
1369 533 1524 626 ejusdam

392 657 476 717 terre
491 683 773 700 -----
788 652 893 719 nuntii
909 651 1084 736 mitterent,
1111 656 1221 738 ntper
1244 649 1418 738 cuiusdam
1433 669 1523 718 eom-

392 759 558 826 missionis
575 759 727 828 virtutem
752 760 816 846 ipsi
832 765 1027 848 potestatem
1050 759 1211 829 haberent
1230 757 1407 845 tractandi,
1433 779 1523 828 com·

391 867 542 954 ponendi,
560 906 602 916 —
623 907 686 953 —-,
712 869 930 938 concordandi
956 877 989 936 et
1012 867 1218 954 terminandi,
1244 889 1284 937 ne
1308 867 1343 935 in
1367 869 1523 955 preclaro

391 978 461 1044 viro
478 976 608 1045 domino
624 977 750 1046 Jacobo
767 977 942 1049 couterino
960 977 1086 1047 comite
1104 977 1279 1063 antedicto,
1302 977 1477 1045 Judicibns
1489 979 1524 1041 et

392 1085 629 1154 Communitate
644 1087 782 1172 Ragnsii
807 1109 906 1176 super
921 1089 1072 1159 omnibns
1088 1090 1208 1174 causis,
1233 1087 1374 1174 negotiis
1396 1092 1433 1152 et
1446 1103 1525 1168 quc

392 1195 561 1279 stiouibns,
590 1216 652 1282 qne
668 1198 830 1283 qnondam
854 1199 1081 1285 incubuerunt,
1107 1206 1141 1265 et
1154 1216 1240 1264 nunc
1255 1193 1301 1262 ad
1317 1196 1460 1283 presens
1475 1193 1523 1258 iu-

391 1304 544 1372 cnmbunt
568 1305 764 1374 intercisos
781 1307 911 1394 Spalati
927 1315 958 1374 et
975 1305 1246 1374 communitatem
1260 1305 1461 1387 universam,
1490 1309 1524 1368 et

390 1415 473 1480 inter
497 1413 633 1499 Ragnsii
658 1413 754 1483 cives
779 1424 812 1483 et
836 1416 1119 1501 communitatem,
1144 1423 1280 1504 propter
1303 1433 1367 1499 qne
1384 1410 1524 1498 aliquod

391 1522 581 1590 scandalum
605 1525 688 1590 inter
712 1535 882 1612 utramque
898 1525 1073 1594 Civitatem
1092 1531 1204 1613 posset
1219 1523 1306 1609 oriri,
1329 1521 1403 1589 siue
1420 1527 1523 1588 autea

389 1631 626 1700 inissetortnm.
637 1632 738 1720 cujus
748 1654 824 1702 vero
836 1634 998 1704 antedicto
1009 1633 1246 1703 commissionis
1255 1629 1438 1700 tenortalis
1449 1633 1522 1696 est:

511 1741 606 1810 Anno
628 1741 798 1810 Dominiee
824 1743 1067 1810 lucaruacionis
1094 1741 1267 1810 millesimo
1293 1738 1521 1808 ducentesimo

390 1848 656 1935 quinquagesimo
673 1851 823 1938 septimo,
841 1850 1020 1918 Indiotione
1037 1849 1304 1935 decimaquinta,
1325 1847 1381 1915 die
1398 1851 1521 1932 quarta

391 1958 517 2026 decima
538 1959 679 2026 intrante
695 1961 824 2028 Martio.
848 1961 1019 2047 Regnante
1043 1959 1173 2029 domino
1202 1965 1312 2028 nostro
1328 1957 1518 2027 BelaScrc-

390 2066 525 2136 nissimo
542 2067 631 2154 Rege
646 2067 812 2154 Vugaric;
828 2071 1027 2158 temporibus
1037 2069 1169 2155 Rogerii
1184 2065 1396 2138 venerabilis
1406 2064 1520 2132 Archi·

390 2175 534 2264 episcopi
549 2176 761 2263 spalatensis,
778 2177 937 2266 Stephani
953 2178 1091 2246 lllustris
1106 2177 1191 2246 Baui
1206 2177 1389 2263 Sclaronic,
1407 2173 1518 2246 comi·

389 2286 431 2352 tir
457 2285 615 2353 cuidonis
639 2283 775 2354 Comitis
795 2286 966 2356 llodrusse
991 2297 1024 2355 et
1038 2287 1181 2356 Vindolii
1197 2286 1388 2374 Potesratir,
1409 2287 1518 2354 Dosse

390 2391 571 2478 Michaelis,
585 2393 684 2480 Petri,
695 2392 854 2482 Geueche,
871 2395 991 2482 Dobre,
1002 2393 1301 2465 Dusazelndicum.
1319 2393 1378 2461 Vir
1394 2393 1517 2462 nobilis

389 2499 540 2569 dominus
556 2500 673 2589 Guydo
688 2503 840 2573 Potestas
855 2512 888 2572 et
903 2505 1036 2573 ludices
1053 2504 1245 2593 supradicti,
1267 2524 1340 2572 cnm
1356 2501 1518 2572 consilia-

389 2609 445 2678 riis
462 2616 494 2677 et
518 2612 670 2679 universa
687 2609 925 2680 communitate
940 2613 1069 2701 Spalati
1093 2632 1154 2702 per
1168 2613 1231 2680 hoc
1246 2631 1381 2700 presens
1397 2598 1518 2680 iustru-

388 2727 529 2788 meutnm
545 2720 696 2810 lecerunt,
715 2723 951 2791 constituerunt
962 2731 994 2790 ct
1010 2722 1338 2792 ordinnueruntrims
1356 2719 1516 2810 providos

389 2828 571 2898 Johnnnem
591 2830 711 2897 Vitalis
736 2838 768 2899 et
793 2829 987 2918 Gregorium
1004 2829 1115 2899 Grnbe
1137 2837 1308 2919 presentes
1335 2849 1414 2898 suos
1438 2849 1517 2898 nnu-
1563 2907 1566 2914 ,

388 2939 461 3024 tios,
478 2945 705 3026 procuratores
723 2947 755 3006 ct
771 2945 897 3008 actores
912 2939 947 3006 in
962 2939 1118 3026 Ragusio,
1144 2939 1187 3007 ad
1201 2938 1409 3007 tractandum
1427 2958 1516 3007 com-

386 3047 581 3135 ponendum,
592 3049 834 3137 paciscendum,
852 3047 1123 3136 concordandum,
1139 3057 1171 3116 et
1181 3047 1423 3116 terminandum
1439 3067 1516 3114 curu

387 3157 527 3241 Egregio
543 3165 576 3224 et
592 3157 714 3226 illustri
729 3159 800 3224 viro
816 3158 948 3226 domino
963 3156 1088 3226 Jacobo
1108 3155 1283 3226 Oontsriuo
1303 3155 1439 3240 comite,
1459 3156 1516 3223 Ju-

388 3263 514 3333 dinibus
530 3272 563 3332 et
580 3264 818 3334 communitate
836 3265 985 3352 Ragnsii,
1001 3285 1099 3353 super
1114 3266 1262 3334 omnibus
1282 3265 1392 3334 canus
1407 3270 1441 3331 et
1457 3284 1514 3332 ne

386 3375 505 3458 gotiis,
532 3394 595 3458 que
619 3374 808 3442 incumbunt
831 3376 916 3444 iuter
940 3373 1037 3441 cives
1063 3375 1201 3460 Rugusii
1226 3380 1259 3441 et
1285 3374 1512 3460 Spalatenses,

386 3488 520 3568 propter
536 3502 598 3568 que
613 3483 746 3569 aliquod
761 3481 953 3551 scandalum
962 3485 1046 3551 iuter
1064 3489 1233 3569 utramque
1249 3482 1424 3552 civitatem
1438 3502 1514 3569 pos-

387 3595 438 3656 set
462 3591 548 3678 oriri,
575 3593 648 3660 sive
671 3593 832 3661 hactenus
856 3591 972 3662 luisset
996 3601 1153 3680 exortum,
1186 3599 1218 3662 ct
1242 3593 1286 3661 ad
1310 3593 1422 3661 omnia
1443 3591 1514 3658 alia

386 3699 579 3788 iaciendum,
606 3721 669 3788 qne
694 3705 762 3771 veri
778 3712 811 3771 et
827 3703 967 3788 legitimi
992 3710 1217 3792 procuratores
1242 3701 1353 3770 lacere
1376 3707 1513 3787 possent

386 3816 419 3876 et
434 3809 608 3898 deberent;
635 3813 857 3898 promittentes
882 3817 987 3880 ratum
1003 3812 1124 3880 habere
1139 3819 1173 3879 et
1193 3811 1329 3896 firmum,
1355 3809 1513 3895 quicquid

384 3915 484 3986 iidem
493 3904 719 4006 procuratores
731 3921 820 3988 circa
834 3921 985 4008 predicta
998 3941 1070 3990 cnm
1086 3919 1233 4008 predicto
1244 3919 1374 3988 domiuo
1384 3917 1513 3988 cornito

386 4033 418 4092 et
427 4026 664 4096 communitate
680 4029 819 4116 Rugusii
828 4029 978 4098 duxerint
988 4030 1182 4098 laciendum.
1201 4032 1319 4099 Actum
1330 4027 1460 4116 Spalati
1477 4029 1511 4094 in

384 4136 508 4222 palatio
525 4136 648 4204 domiui
664 4139 853 4206 Potestntis.
870 4141 986 4206 Testes
1001 4140 1170 4208 lohannes
1185 4137 1341 4226 fficayda,
1358 4135 1510 4204 Andreas

384 4244 533 4330 Michaci
559 4245 667 4313 llieha
681 4245 782 4314 Medii
798 4252 832 4318 et
847 4247 916 4315 alii.
942 4247 985 4314 Et
1000 4267 1062 4334 ego
1081 4247 1228 4335 Operssa
1251 4245 1410 4313 Dabralis
1424 4244 1511 4310 Exa-

384 4355 524 4437 minator
538 4375 670 4424 manum
694 4375 801 4424 meam
816 4357 900 4429 misi.
916 4357 988 4443 Ego
1004 4357 1136 4424 Amicus
1151 4355 1351 4443 Capelianus
1372 4351 1510 4422 comitis

384 4463 513 4552 Spoleti
536 4465 717 4554 imperialis
741 4467 897 4534 Notarius
924 4466 977 4534 his
1000 4466 1142 4553 interfui,
1165 4472 1202 4534 'et
1215 4463 1257 4533 dc
1271 4464 1428 4532 mandato
1450 4462 1509 4532 ‹lo-

383 4571 461 4639 mini
471 4571 647 4643 Potestatis
658 4574 821 4661 judicium
830 4573 1057 4644 consiliatoris
1069 4583 1102 4644 et
1118 4571 1366 4643 Communitatis
1376 4579 1509 4661 rogatus

383 4681 500 4769 scripsi
516 4691 549 4750 et
564 4689 719 4753 consueto
734 4683 830 4772 signo
845 4685 1005 4754 roboravi.
