<?xml version="1.0" encoding="UTF-8"?>
<!DOCTYPE html PUBLIC "-//W3C//DTD XHTML 1.0 Transitional//EN"
    "http://www.w3.org/TR/xhtml1/DTD/xhtml1-transitional.dtd">
<html xmlns="http://www.w3.org/1999/xhtml" xml:lang="en" lang="en">
 <head>
  <title>
</title>
<meta http-equiv="Content-Type" content="text/html;charset=utf-8" />
  <meta name='ocr-system' content='tesseract 3.04.00' />
  <meta name='ocr-capabilities' content='ocr_page ocr_carea ocr_par ocr_line ocrx_word'/>
</head>
<body>
  <div class='ocr_page' id='page_1' title='image "./codexdiplomatic18wenzgoog_0061.png"; bbox 0 0 3252 5198; ppageno 0'>
   <div class='ocr_carea' id='block_1_1' title="bbox 594 298 753 400">
    <p class='ocr_par' dir='ltr' id='par_1_1' title="bbox 594 298 753 400">
     <span class='ocr_line' id='line_1_1' title="bbox 594 298 753 400; baseline 0 -38"><span class='ocrx_word' id='word_1_1' title='bbox 594 298 753 400; x_wconf 48' lang='lat'><strong>-23-</strong></span> 
     </span>
    </p>
   </div>
   <div class='ocr_carea' id='block_1_2' title="bbox 101 474 1239 2165">
    <p class='ocr_par' dir='ltr' id='par_1_2' title="bbox 101 474 1239 2165">
     <span class='ocr_line' id='line_1_2' title="bbox 104 474 1235 566; baseline -0.005 -18"><span class='ocrx_word' id='word_1_2' title='bbox 104 481 145 548; x_wconf 92' lang='lat' dir='ltr'><strong>nil</strong></span> <span class='ocrx_word' id='word_1_3' title='bbox 154 479 242 566; x_wconf 91' lang='lat' dir='ltr'><strong>juris</strong></span> <span class='ocrx_word' id='word_1_4' title='bbox 258 480 338 546; x_wconf 87' lang='lat' dir='ltr'><strong>illos</strong></span> <span class='ocrx_word' id='word_1_5' title='bbox 355 480 390 546; x_wconf 93' lang='lat' dir='ltr'><strong>in</strong></span> <span class='ocrx_word' id='word_1_6' title='bbox 408 477 558 563; x_wconf 87' lang='lat' dir='ltr'><strong>predicta</strong></span> <span class='ocrx_word' id='word_1_7' title='bbox 573 476 654 543; x_wconf 86' lang='lat' dir='ltr'><strong>villa</strong></span> <span class='ocrx_word' id='word_1_8' title='bbox 677 476 799 542; x_wconf 90' lang='lat' dir='ltr'><strong>habere</strong></span> <span class='ocrx_word' id='word_1_9' title='bbox 815 476 993 561; x_wconf 81' lang='lat' dir='ltr'>asserebat,</span> <span class='ocrx_word' id='word_1_10' title='bbox 1021 477 1109 562; x_wconf 90' lang='lat' dir='ltr'><strong>quod</strong></span> <span class='ocrx_word' id='word_1_11' title='bbox 1125 484 1157 542; x_wconf 93' lang='lat' dir='ltr'><strong>et</strong></span> <span class='ocrx_word' id='word_1_12' title='bbox 1172 474 1235 562; x_wconf 93' lang='lat' dir='ltr'><strong>pri-</strong></span> 
     </span>
     <span class='ocr_line' id='line_1_3' title="bbox 103 583 1235 671; baseline -0.004 -17"><span class='ocrx_word' id='word_1_13' title='bbox 103 587 219 671; x_wconf 80' lang='lat' dir='ltr'><strong>uilegio</strong></span> <span class='ocrx_word' id='word_1_14' title='bbox 247 587 398 652; x_wconf 88' lang='lat' dir='ltr'><strong>eiusdem</strong></span> <span class='ocrx_word' id='word_1_15' title='bbox 414 586 564 652; x_wconf 79' lang='lat' dir='ltr'><strong>Ecclesie</strong></span> <span class='ocrx_word' id='word_1_16' title='bbox 589 603 698 652; x_wconf 89' lang='lat' dir='ltr'><strong>coram</strong></span> <span class='ocrx_word' id='word_1_17' title='bbox 723 583 820 650; x_wconf 89' lang='lat' dir='ltr'><strong>nobis</strong></span> <span class='ocrx_word' id='word_1_18' title='bbox 845 584 1036 650; x_wconf 85' lang='lat' dir='ltr'><strong>declararit.</strong></span> <span class='ocrx_word' id='word_1_19' title='bbox 1063 585 1132 650; x_wconf 87' lang='lat' dir='ltr'><strong>Nos</strong></span> <span class='ocrx_word' id='word_1_20' title='bbox 1158 602 1235 650; x_wconf 88' lang='lat' dir='ltr'><strong>uero</strong></span> 
     </span>
     <span class='ocr_line' id='line_1_4' title="bbox 103 692 1237 782; baseline -0.002 -20"><span class='ocrx_word' id='word_1_21' title='bbox 103 697 168 763; x_wconf 92' lang='lat' dir='ltr'><strong>solo</strong></span> <span class='ocrx_word' id='word_1_22' title='bbox 184 695 354 782; x_wconf 82' lang='lat' dir='ltr'><strong>priuilegij</strong></span> <span class='ocrx_word' id='word_1_23' title='bbox 380 716 448 763; x_wconf 91' lang='lat' dir='ltr'><strong>uon</strong></span> <span class='ocrx_word' id='word_1_24' title='bbox 464 694 606 761; x_wconf 78' lang='lat' dir='ltr'><strong>contenti</strong></span> <span class='ocrx_word' id='word_1_25' title='bbox 622 693 816 774; x_wconf 87' lang='lat' dir='ltr'><strong>testimonio,</strong></span> <span class='ocrx_word' id='word_1_26' title='bbox 845 692 1058 776; x_wconf 89' lang='lat' dir='ltr'><strong>decreuimus‚</strong></span> <span class='ocrx_word' id='word_1_27' title='bbox 1086 695 1151 760; x_wconf 90' lang='lat' dir='ltr'><strong>sibi</strong></span> <span class='ocrx_word' id='word_1_28' title='bbox 1166 713 1237 779; x_wconf 83' lang='lat' dir='ltr'><strong>pre</strong></span> 
     </span>
     <span class='ocr_line' id='line_1_5' title="bbox 103 800 1237 887; baseline 0 -19"><span class='ocrx_word' id='word_1_29' title='bbox 103 803 168 871; x_wconf 86' lang='lat' dir='ltr'><strong>fato</strong></span> <span class='ocrx_word' id='word_1_30' title='bbox 192 805 319 870; x_wconf 80' lang='lat' dir='ltr'><strong>Abbati</strong></span> <span class='ocrx_word' id='word_1_31' title='bbox 344 823 420 869; x_wconf 87' lang='lat' dir='ltr'><strong>eum</strong></span> <span class='ocrx_word' id='word_1_32' title='bbox 445 801 571 870; x_wconf 87' lang='lat' dir='ltr'><strong>duobus</strong></span> <span class='ocrx_word' id='word_1_33' title='bbox 596 802 753 868; x_wconf 85' lang='lat' dir='ltr'><strong>iratribus</strong></span> <span class='ocrx_word' id='word_1_34' title='bbox 778 801 858 884; x_wconf 87' lang='lat' dir='ltr'><strong>suis,</strong></span> <span class='ocrx_word' id='word_1_35' title='bbox 886 821 966 884; x_wconf 85' lang='lat' dir='ltr'><strong>quos</strong></span> <span class='ocrx_word' id='word_1_36' title='bbox 991 800 1134 868; x_wconf 91' lang='lat' dir='ltr'><strong>aduersa</strong></span> <span class='ocrx_word' id='word_1_37' title='bbox 1160 823 1237 887; x_wconf 89' lang='lat' dir='ltr'><strong>pars</strong></span> 
     </span>
     <span class='ocr_line' id='line_1_6' title="bbox 103 907 1239 995; baseline -0.004 -17"><span class='ocrx_word' id='word_1_38' title='bbox 103 911 245 994; x_wconf 84' lang='lat' dir='ltr'><strong>eligeret,</strong></span> <span class='ocrx_word' id='word_1_39' title='bbox 275 929 375 995; x_wconf 91' lang='lat' dir='ltr'><strong>super</strong></span> <span class='ocrx_word' id='word_1_40' title='bbox 391 909 512 976; x_wconf 89' lang='lat' dir='ltr'><strong>librum</strong></span> <span class='ocrx_word' id='word_1_41' title='bbox 529 911 717 992; x_wconf 82' lang='lat' dir='ltr'><strong>regularum</strong></span> <span class='ocrx_word' id='word_1_42' title='bbox 732 907 844 975; x_wconf 81' lang='lat' dir='ltr'><strong>Sancti</strong></span> <span class='ocrx_word' id='word_1_43' title='bbox 859 909 1028 974; x_wconf 77' lang='lat' dir='ltr'><strong>Benedicti</strong></span> <span class='ocrx_word' id='word_1_44' title='bbox 1048 930 1165 978; x_wconf 88' lang='lat' dir='ltr'><strong>manus</strong></span> <span class='ocrx_word' id='word_1_45' title='bbox 1181 911 1239 975; x_wconf 87' lang='lat' dir='ltr'><strong>iru-</strong></span> 
     </span>
     <span class='ocr_line' id='line_1_7' title="bbox 103 1015 1238 1103; baseline 0 -19"><span class='ocrx_word' id='word_1_46' title='bbox 103 1025 271 1103; x_wconf 86' lang='lat' dir='ltr'><strong>pouentes,</strong></span> <span class='ocrx_word' id='word_1_47' title='bbox 299 1023 540 1084; x_wconf 86' lang='lat' dir='ltr'><strong>sacramentum</strong></span> <span class='ocrx_word' id='word_1_48' title='bbox 564 1019 636 1083; x_wconf 91' lang='lat' dir='ltr'><strong>Deo</strong></span> <span class='ocrx_word' id='word_1_49' title='bbox 665 1023 811 1101; x_wconf 89' lang='lat' dir='ltr'><strong>prestare</strong></span> <span class='ocrx_word' id='word_1_50' title='bbox 839 1015 1026 1100; x_wconf 85' lang='lat' dir='ltr'><strong>indiximus,</strong></span> <span class='ocrx_word' id='word_1_51' title='bbox 1053 1023 1086 1084; x_wconf 90' lang='lat' dir='ltr'><strong>et</strong></span> <span class='ocrx_word' id='word_1_52' title='bbox 1112 1019 1238 1087; x_wconf 88' lang='lat' dir='ltr'><strong>duobus</strong></span> 
     </span>
     <span class='ocr_line' id='line_1_8' title="bbox 101 1122 1238 1212; baseline -0.001 -19"><span class='ocrx_word' id='word_1_53' title='bbox 101 1124 333 1210; x_wconf 82' lang='lat' dir='ltr'><strong>jobagionibus</strong></span> <span class='ocrx_word' id='word_1_54' title='bbox 351 1122 614 1209; x_wconf 70' lang='lat' dir='ltr'><strong>eistettensis,</strong></span> <span class='ocrx_word' id='word_1_55' title='bbox 640 1143 739 1208; x_wconf 90' lang='lat' dir='ltr'><strong>super</strong></span> <span class='ocrx_word' id='word_1_56' title='bbox 754 1123 903 1208; x_wconf 87' lang='lat' dir='ltr'><strong>predicta</strong></span> <span class='ocrx_word' id='word_1_57' title='bbox 926 1130 1015 1190; x_wconf 87' lang='lat' dir='ltr'><strong>terra</strong></span> <span class='ocrx_word' id='word_1_58' title='bbox 1031 1131 1178 1212; x_wconf 83' lang='lat' dir='ltr'><strong>stantes,</strong></span> <span class='ocrx_word' id='word_1_59' title='bbox 1206 1133 1238 1192; x_wconf 90' lang='lat' dir='ltr'><strong>et</strong></span> 
     </span>
     <span class='ocr_line' id='line_1_9' title="bbox 101 1233 1235 1318; baseline 0.003 -18"><span class='ocrx_word' id='word_1_60' title='bbox 101 1239 222 1300; x_wconf 89' lang='lat' dir='ltr'><strong>terram</strong></span> <span class='ocrx_word' id='word_1_61' title='bbox 238 1253 337 1318; x_wconf 90' lang='lat' dir='ltr'><strong>snper</strong></span> <span class='ocrx_word' id='word_1_62' title='bbox 355 1233 467 1317; x_wconf 86' lang='lat' dir='ltr'><strong>capita</strong></span> <span class='ocrx_word' id='word_1_63' title='bbox 483 1251 595 1298; x_wconf 91' lang='lat' dir='ltr'><strong>eornm</strong></span> <span class='ocrx_word' id='word_1_64' title='bbox 611 1237 781 1317; x_wconf 90' lang='lat' dir='ltr'><strong>ponentes,</strong></span> <span class='ocrx_word' id='word_1_65' title='bbox 794 1234 1016 1317; x_wconf 88' lang='lat' dir='ltr'><strong>juramentum</strong></span> <span class='ocrx_word' id='word_1_66' title='bbox 1033 1235 1235 1304; x_wconf 80' lang='lat' dir='ltr'><strong>adiudicari-</strong></span> 
     </span>
     <span class='ocr_line' id='line_1_10' title="bbox 103 1339 1235 1424; baseline 0.004 -18"><span class='ocrx_word' id='word_1_67' title='bbox 103 1360 185 1422; x_wconf 86' lang='lat' dir='ltr'><strong>mus,</strong></span> <span class='ocrx_word' id='word_1_68' title='bbox 203 1339 261 1424; x_wconf 86' lang='lat' dir='ltr'><strong>qui</strong></span> <span class='ocrx_word' id='word_1_69' title='bbox 278 1339 384 1406; x_wconf 88' lang='lat' dir='ltr'><strong>eciam</strong></span> <span class='ocrx_word' id='word_1_70' title='bbox 399 1341 433 1405; x_wconf 92' lang='lat' dir='ltr'><strong>in</strong></span> <span class='ocrx_word' id='word_1_71' title='bbox 449 1339 503 1406; x_wconf 92' lang='lat' dir='ltr'><strong>die</strong></span> <span class='ocrx_word' id='word_1_72' title='bbox 513 1339 694 1423; x_wconf 87' lang='lat' dir='ltr'><strong>juramenti</strong></span> <span class='ocrx_word' id='word_1_73' title='bbox 710 1339 888 1407; x_wconf 90' lang='lat' dir='ltr'><strong>secundum</strong></span> <span class='ocrx_word' id='word_1_74' title='bbox 904 1346 1048 1406; x_wconf 90' lang='lat' dir='ltr'><strong>nostram</strong></span> <span class='ocrx_word' id='word_1_75' title='bbox 1064 1361 1235 1410; x_wconf 89' lang='lat' dir='ltr'><strong>censuram</strong></span> 
     </span>
     <span class='ocr_line' id='line_1_11' title="bbox 102 1446 1235 1537; baseline 0.005 -23"><span class='ocrx_word' id='word_1_76' title='bbox 102 1447 277 1514; x_wconf 86' lang='lat' dir='ltr'><strong>manifeste</strong></span> <span class='ocrx_word' id='word_1_77' title='bbox 292 1453 532 1513; x_wconf 88' lang='lat' dir='ltr'><strong>sacramentum</strong></span> <span class='ocrx_word' id='word_1_78' title='bbox 548 1447 619 1516; x_wconf 91' lang='lat' dir='ltr'><strong>Deo</strong></span> <span class='ocrx_word' id='word_1_79' title='bbox 635 1446 856 1532; x_wconf 89' lang='lat' dir='ltr'><strong>prestiterunt,</strong></span> <span class='ocrx_word' id='word_1_80' title='bbox 874 1454 908 1514; x_wconf 90' lang='lat' dir='ltr'><strong>et</strong></span> <span class='ocrx_word' id='word_1_81' title='bbox 921 1467 998 1516; x_wconf 89' lang='lat' dir='ltr'><strong>snos</strong></span> <span class='ocrx_word' id='word_1_82' title='bbox 1015 1449 1235 1537; x_wconf 82' lang='lat' dir='ltr'><strong>adversarios,</strong></span> 
     </span>
     <span class='ocr_line' id='line_1_12' title="bbox 104 1555 1237 1641; baseline 0.004 -19"><span class='ocrx_word' id='word_1_83' title='bbox 104 1555 234 1622; x_wconf 90' lang='lat' dir='ltr'><strong>seilicet</strong></span> <span class='ocrx_word' id='word_1_84' title='bbox 249 1557 393 1621; x_wconf 87' lang='lat' dir='ltr'><strong>Pousarn</strong></span> <span class='ocrx_word' id='word_1_85' title='bbox 410 1561 443 1621; x_wconf 87' lang='lat' dir='ltr'><strong>et</strong></span> <span class='ocrx_word' id='word_1_86' title='bbox 456 1574 534 1622; x_wconf 89' lang='lat' dir='ltr'><strong>suos</strong></span> <span class='ocrx_word' id='word_1_87' title='bbox 561 1561 719 1638; x_wconf 80' lang='lat' dir='ltr'><strong>cognatos</strong></span> <span class='ocrx_word' id='word_1_88' title='bbox 736 1555 856 1622; x_wconf 88' lang='lat' dir='ltr'><strong>iniuste</strong></span> <span class='ocrx_word' id='word_1_89' title='bbox 876 1557 999 1624; x_wconf 80' lang='lat' dir='ltr'><strong>dixisse</strong></span> <span class='ocrx_word' id='word_1_90' title='bbox 1016 1558 1237 1641; x_wconf 81' lang='lat' dir='ltr'><strong>cognocimus.</strong></span> 
     </span>
     <span class='ocr_line' id='line_1_13' title="bbox 103 1661 1239 1752; baseline 0.004 -24"><span class='ocrx_word' id='word_1_91' title='bbox 103 1661 230 1728; x_wconf 83' lang='lat' dir='ltr'><strong>Idcirco</strong></span> <span class='ocrx_word' id='word_1_92' title='bbox 247 1662 368 1728; x_wconf 87' lang='lat' dir='ltr'><strong>dictam</strong></span> <span class='ocrx_word' id='word_1_93' title='bbox 383 1668 505 1728; x_wconf 89' lang='lat' dir='ltr'><strong>terram</strong></span> <span class='ocrx_word' id='word_1_94' title='bbox 521 1662 688 1748; x_wconf 87' lang='lat' dir='ltr'><strong>sepedicte</strong></span> <span class='ocrx_word' id='word_1_95' title='bbox 703 1663 851 1730; x_wconf 80' lang='lat' dir='ltr'><strong>Ecclesie</strong></span> <span class='ocrx_word' id='word_1_96' title='bbox 867 1683 941 1730; x_wconf 90' lang='lat' dir='ltr'><strong>eum</strong></span> <span class='ocrx_word' id='word_1_97' title='bbox 957 1665 1052 1730; x_wconf 88' lang='lat' dir='ltr'><strong>metis</strong></span> <span class='ocrx_word' id='word_1_98' title='bbox 1068 1667 1239 1752; x_wconf 79' lang='lat' dir='ltr'><strong>assignan-</strong></span> 
     </span>
     <span class='ocr_line' id='line_1_14' title="bbox 103 1770 1237 1862; baseline 0.007 -26"><span class='ocrx_word' id='word_1_99' title='bbox 103 1779 153 1836; x_wconf 90' lang='lat' dir='ltr'><strong>tes</strong></span> <span class='ocrx_word' id='word_1_100' title='bbox 170 1770 387 1838; x_wconf 77' lang='lat' dir='ltr'><strong>restituimus.</strong></span> <span class='ocrx_word' id='word_1_101' title='bbox 414 1771 465 1838; x_wconf 86' lang='lat' dir='ltr'><strong>Ne</strong></span> <span class='ocrx_word' id='word_1_102' title='bbox 481 1777 590 1838; x_wconf 87' lang='lat' dir='ltr'><strong>autern</strong></span> <span class='ocrx_word' id='word_1_103' title='bbox 615 1772 817 1858; x_wconf 85' lang='lat' dir='ltr'><strong>inposterum</strong></span> <span class='ocrx_word' id='word_1_104' title='bbox 832 1791 931 1858; x_wconf 90' lang='lat' dir='ltr'><strong>super</strong></span> <span class='ocrx_word' id='word_1_105' title='bbox 953 1772 1016 1840; x_wconf 86' lang='lat' dir='ltr'><strong>hoe</strong></span> <span class='ocrx_word' id='word_1_106' title='bbox 1031 1775 1150 1859; x_wconf 86' lang='lat' dir='ltr'><strong>aliquis</strong></span> <span class='ocrx_word' id='word_1_107' title='bbox 1166 1797 1237 1862; x_wconf 79' lang='lat' dir='ltr'><strong>pro</strong></span> 
     </span>
     <span class='ocr_line' id='line_1_15' title="bbox 106 1879 1233 1968; baseline 0.004 -25"><span class='ocrx_word' id='word_1_108' title='bbox 106 1896 199 1944; x_wconf 87' lang='lat' dir='ltr'><strong>cessu</strong></span> <span class='ocrx_word' id='word_1_109' title='bbox 210 1883 396 1966; x_wconf 88' lang='lat' dir='ltr'><strong>temporum</strong></span> <span class='ocrx_word' id='word_1_110' title='bbox 411 1879 488 1945; x_wconf 89' lang='lat' dir='ltr'><strong>lites</strong></span> <span class='ocrx_word' id='word_1_111' title='bbox 503 1879 615 1946; x_wconf 89' lang='lat' dir='ltr'><strong>ualeat</strong></span> <span class='ocrx_word' id='word_1_112' title='bbox 624 1879 779 1961; x_wconf 85' lang='lat' dir='ltr'><strong>excitare,</strong></span> <span class='ocrx_word' id='word_1_113' title='bbox 796 1879 841 1946; x_wconf 90' lang='lat' dir='ltr'><strong>ad</strong></span> <span class='ocrx_word' id='word_1_114' title='bbox 850 1898 965 1964; x_wconf 87' lang='lat' dir='ltr'><strong>preces</strong></span> <span class='ocrx_word' id='word_1_115' title='bbox 980 1881 1120 1968; x_wconf 83' lang='lat' dir='ltr'><strong>sepefati</strong></span> <span class='ocrx_word' id='word_1_116' title='bbox 1128 1883 1233 1951; x_wconf 80' lang='lat' dir='ltr'><strong>Abba·</strong></span> 
     </span>
     <span class='ocr_line' id='line_1_16' title="bbox 104 1983 1235 2071; baseline 0.007 -21"><span class='ocrx_word' id='word_1_117' title='bbox 104 1985 147 2052; x_wconf 89' lang='lat' dir='ltr'><strong>tis</strong></span> <span class='ocrx_word' id='word_1_118' title='bbox 163 1990 196 2050; x_wconf 90' lang='lat' dir='ltr'><strong>et</strong></span> <span class='ocrx_word' id='word_1_119' title='bbox 206 1983 426 2068; x_wconf 81' lang='lat' dir='ltr'><strong>jobngionnm</strong></span> <span class='ocrx_word' id='word_1_120' title='bbox 442 1984 514 2052; x_wconf 89' lang='lat' dir='ltr'><strong>eius</strong></span> <span class='ocrx_word' id='word_1_121' title='bbox 530 1985 658 2052; x_wconf 88' lang='lat' dir='ltr'><strong>litteras</strong></span> <span class='ocrx_word' id='word_1_122' title='bbox 673 1990 844 2070; x_wconf 86' lang='lat' dir='ltr'><strong>presentes</strong></span> <span class='ocrx_word' id='word_1_123' title='bbox 859 1985 1041 2071; x_wconf 80' lang='lat' dir='ltr'><strong>sigillorum</strong></span> <span class='ocrx_word' id='word_1_124' title='bbox 1051 1995 1235 2058; x_wconf 89' lang='lat' dir='ltr'><strong>nostrorum</strong></span> 
     </span>
     <span class='ocr_line' id='line_1_17' title="bbox 106 2090 1239 2165; baseline 0.006 -7"><span class='ocrx_word' id='word_1_125' title='bbox 106 2090 282 2158; x_wconf 86' lang='lat' dir='ltr'><strong>munimine</strong></span> <span class='ocrx_word' id='word_1_126' title='bbox 292 2091 468 2157; x_wconf 88' lang='lat' dir='ltr'><strong>roboratas</strong></span> <span class='ocrx_word' id='word_1_127' title='bbox 478 2091 709 2158; x_wconf 82' lang='lat' dir='ltr'><strong>concessimus.</strong></span> <span class='ocrx_word' id='word_1_128' title='bbox 730 2092 825 2159; x_wconf 87' lang='lat' dir='ltr'><strong>Anno</strong></span> <span class='ocrx_word' id='word_1_129' title='bbox 838 2092 931 2158; x_wconf 90' lang='lat' dir='ltr'><strong>uerbi</strong></span> <span class='ocrx_word' id='word_1_130' title='bbox 943 2093 1107 2162; x_wconf 89' lang='lat' dir='ltr'><strong>incarnati</strong></span> <span class='ocrx_word' id='word_1_131' title='bbox 1116 2099 1162 2164; x_wconf 74' lang='grc' dir='ltr'><strong>Μ·</strong></span> <span class='ocrx_word' id='word_1_132' title='bbox 1173 2097 1239 2165; x_wconf 76' lang='lat'><strong>000</strong></span> 
     </span>
    </p>
   </div>
   <div class='ocr_carea' id='block_1_3' title="bbox 105 2199 295 2267">
    <p class='ocr_par' dir='ltr' id='par_1_3' title="bbox 105 2199 295 2267">
     <span class='ocr_line' id='line_1_18' title="bbox 105 2199 295 2267; baseline -0.016 0"><span class='ocrx_word' id='word_1_133' title='bbox 105 2199 213 2267; x_wconf 85' lang='lat' dir='ltr'>XXX⁰</span> <span class='ocrx_word' id='word_1_134' title='bbox 226 2199 295 2266; x_wconf 85' lang='lat' dir='ltr'><strong>VI⁰.</strong></span> 
     </span>
    </p>
   </div>
   <div class='ocr_carea' id='block_1_4' title="bbox 202 2393 1142 2468">
    <p class='ocr_par' dir='ltr' id='par_1_4' title="bbox 202 2393 1142 2468">
     <span class='ocr_line' id='line_1_19' title="bbox 202 2393 1142 2468; baseline 0.004 -18"><span class='ocrx_word' id='word_1_135' title='bbox 202 2395 252 2464; x_wconf 75' lang='lat' dir='ltr'><strong>(uz</strong></span> <span class='ocrx_word' id='word_1_136' title='bbox 265 2397 375 2450; x_wconf 85' lang='lat' dir='ltr'><strong>eredeti</strong></span> <span class='ocrx_word' id='word_1_137' title='bbox 387 2393 456 2448; x_wconf 64' lang='lat' dir='ltr'><strong>utin</strong></span> <span class='ocrx_word' id='word_1_138' title='bbox 468 2398 563 2448; x_wconf 81' lang='lat' dir='ltr'><strong>Kuaua</strong></span> <span class='ocrx_word' id='word_1_139' title='bbox 576 2397 601 2449; x_wconf 83' lang='lat' dir='ltr'>N</span> <span class='ocrx_word' id='word_1_140' title='bbox 602 2393 695 2458; x_wconf 76' lang='lat' dir='ltr'><strong>dudor,</strong></span> <span class='ocrx_word' id='word_1_141' title='bbox 708 2399 824 2463; x_wconf 75' lang='lat' dir='ltr'><strong>Magyar</strong></span> <span class='ocrx_word' id='word_1_142' title='bbox 836 2398 901 2451; x_wconf 85' lang='lat' dir='ltr'><strong>Sion</strong></span> <span class='ocrx_word' id='word_1_143' title='bbox 915 2401 951 2451; x_wconf 90' lang='lat'><strong>11.</strong></span> <span class='ocrx_word' id='word_1_144' title='bbox 964 2401 1021 2454; x_wconf 76' lang='lat' dir='ltr'><strong>ket.</strong></span> <span class='ocrx_word' id='word_1_145' title='bbox 1035 2401 1097 2454; x_wconf 79' lang='lat' dir='ltr'><strong>tte.</strong></span> <span class='ocrx_word' id='word_1_146' title='bbox 1111 2402 1142 2468; x_wconf 91' lang='lat'><strong>1.)</strong></span> 
     </span>
    </p>
   </div>
   <div class='ocr_carea' id='block_1_5' title="bbox 547 2683 806 2694">
    <p class='ocr_par' dir='ltr' id='par_1_5' title="bbox 547 2683 806 2694">
     <span class='ocr_line' id='line_1_20' title="bbox 547 2683 806 2694; baseline 0.004 -2"><span class='ocrx_word' id='word_1_147' title='bbox 547 2683 806 2694; x_wconf 48' lang='grc' dir='ltr'><strong><em>...ι-ψ..-</em></strong></span> 
     </span>
    </p>
   </div>
   <div class='ocr_carea' id='block_1_6' title="bbox 650 3147 706 3214">
    <p class='ocr_par' dir='ltr' id='par_1_6' title="bbox 650 3147 706 3214">
     <span class='ocr_line' id='line_1_21' title="bbox 650 3147 706 3214; baseline 0.018 -1"><span class='ocrx_word' id='word_1_148' title='bbox 650 3147 706 3214; x_wconf 85' lang='grc'><strong>18.</strong></span> 
     </span>
    </p>
   </div>
   <div class='ocr_carea' id='block_1_7' title="bbox 115 3325 1243 3522">
    <p class='ocr_par' dir='ltr' id='par_1_7' title="bbox 115 3325 1243 3522">
     <span class='ocr_line' id='line_1_22' title="bbox 115 3325 1243 3419; baseline 0.006 -29"><span class='ocrx_word' id='word_1_149' title='bbox 115 3325 170 3390; x_wconf 88' lang='lat' dir='ltr'><strong>IV.</strong></span> <span class='ocrx_word' id='word_1_150' title='bbox 195 3327 279 3392; x_wconf 72' lang='lat' dir='ltr'><strong>Bae</strong></span> <span class='ocrx_word' id='word_1_151' title='bbox 304 3325 481 3412; x_wconf 78' lang='lat' dir='ltr'><strong>kirdlynuic</strong></span> <span class='ocrx_word' id='word_1_152' title='bbox 504 3327 668 3413; x_wconf 77' lang='lat' dir='ltr'><strong>okmdnya,</strong></span> <span class='ocrx_word' id='word_1_153' title='bbox 695 3325 837 3412; x_wconf 77' lang='lat' dir='ltr'><strong>melylycl</strong></span> <span class='ocrx_word' id='word_1_154' title='bbox 861 3350 882 3390; x_wconf 85' lang='grc' dir='ltr'><em>α</em></span> <span class='ocrx_word' id='word_1_155' title='bbox 910 3327 1052 3395; x_wconf 80' lang='lat' dir='ltr'><strong>belakcti</strong></span> <span class='ocrx_word' id='word_1_156' title='bbox 1076 3334 1243 3419; x_wconf 74' lang='lat' dir='ltr'><strong>cpdtadpot</strong></span> 
     </span>
     <span class='ocr_line' id='line_1_23' title="bbox 543 3435 814 3522; baseline 0.004 -22"><span class='ocrx_word' id='word_1_157' title='bbox 543 3435 694 3522; x_wconf 78' lang='lat' dir='ltr'><strong>clapitja.</strong></span> <span class='ocrx_word' id='word_1_158' title='bbox 715 3435 814 3501; x_wconf 80' lang='lat'><em>1237.</em></span> 
     </span>
    </p>
   </div>
   <div class='ocr_carea' id='block_1_8' title="bbox 116 3629 1251 4692">
    <p class='ocr_par' dir='ltr' id='par_1_8' title="bbox 116 3629 1251 4692">
     <span class='ocr_line' id='line_1_24' title="bbox 221 3629 1244 3722; baseline 0.006 -26"><span class='ocrx_word' id='word_1_159' title='bbox 221 3631 306 3697; x_wconf 89' lang='lat' dir='ltr'><strong>Beia</strong></span> <span class='ocrx_word' id='word_1_160' title='bbox 320 3629 385 3698; x_wconf 92' lang='lat' dir='ltr'><strong>Dei</strong></span> <span class='ocrx_word' id='word_1_161' title='bbox 400 3629 514 3714; x_wconf 80' lang='lat' dir='ltr'><strong>gracia</strong></span> <span class='ocrx_word' id='word_1_162' title='bbox 527 3632 599 3696; x_wconf 84' lang='lat' dir='ltr'><strong>Rex</strong></span> <span class='ocrx_word' id='word_1_163' title='bbox 618 3629 787 3712; x_wconf 80' lang='lat' dir='ltr'><strong>Hungarie</strong></span> <span class='ocrx_word' id='word_1_164' title='bbox 802 3633 962 3700; x_wconf 74' lang='lat' dir='ltr'><strong>uniuersis</strong></span> <span class='ocrx_word' id='word_1_165' title='bbox 989 3641 1171 3718; x_wconf 83' lang='lat' dir='ltr'><strong>presentem</strong></span> <span class='ocrx_word' id='word_1_166' title='bbox 1187 3657 1244 3722; x_wconf 92' lang='lat' dir='ltr'><strong>pa-</strong></span> 
     </span>
     <span class='ocr_line' id='line_1_25' title="bbox 120 3737 1245 3824; baseline 0.003 -19"><span class='ocrx_word' id='word_1_167' title='bbox 120 3740 228 3822; x_wconf 82' lang='lat' dir='ltr'><strong>ginam</strong></span> <span class='ocrx_word' id='word_1_168' title='bbox 242 3738 440 3824; x_wconf 85' lang='lat' dir='ltr'><strong>inspecturis</strong></span> <span class='ocrx_word' id='word_1_169' title='bbox 463 3739 602 3805; x_wconf 89' lang='lat' dir='ltr'><strong>salutem</strong></span> <span class='ocrx_word' id='word_1_170' title='bbox 618 3737 652 3803; x_wconf 93' lang='lat' dir='ltr'><strong>in</strong></span> <span class='ocrx_word' id='word_1_171' title='bbox 668 3757 746 3804; x_wconf 91' lang='lat' dir='ltr'><strong>uero</strong></span> <span class='ocrx_word' id='word_1_172' title='bbox 763 3740 909 3807; x_wconf 88' lang='lat' dir='ltr'><strong>salutari.</strong></span> <span class='ocrx_word' id='word_1_173' title='bbox 935 3739 1007 3820; x_wconf 84' lang='lat' dir='ltr'><strong>Que</strong></span> <span class='ocrx_word' id='word_1_174' title='bbox 1022 3742 1245 3809; x_wconf 77' lang='lat' dir='ltr'><strong>Ecclesiarum</strong></span> 
     </span>
     <span class='ocr_line' id='line_1_26' title="bbox 118 3845 1245 3933; baseline 0.001 -19"><span class='ocrx_word' id='word_1_175' title='bbox 118 3851 169 3915; x_wconf 91' lang='lat' dir='ltr'><strong>uel</strong></span> <span class='ocrx_word' id='word_1_176' title='bbox 184 3845 484 3916; x_wconf 87' lang='lat' dir='ltr'><strong>ecclesiasticorum</strong></span> <span class='ocrx_word' id='word_1_177' title='bbox 498 3845 642 3910; x_wconf 92' lang='lat' dir='ltr'><strong>uirorum</strong></span> <span class='ocrx_word' id='word_1_178' title='bbox 658 3845 771 3912; x_wconf 73' lang='lat' dir='ltr'><strong>usibus</strong></span> <span class='ocrx_word' id='word_1_179' title='bbox 786 3867 847 3933; x_wconf 91' lang='lat' dir='ltr'><strong>per</strong></span> <span class='ocrx_word' id='word_1_180' title='bbox 862 3847 1007 3913; x_wconf 86' lang='lat' dir='ltr'><strong>fidelium</strong></span> <span class='ocrx_word' id='word_1_181' title='bbox 1031 3849 1245 3915; x_wconf 79' lang='lat' dir='ltr'><strong>donacionem</strong></span> 
     </span>
     <span class='ocr_line' id='line_1_27' title="bbox 119 3951 1246 4040; baseline -0.004 -15"><span class='ocrx_word' id='word_1_182' title='bbox 119 3957 306 4040; x_wconf 79' lang='lat' dir='ltr'><strong>offeruntur,</strong></span> <span class='ocrx_word' id='word_1_183' title='bbox 332 3953 432 4019; x_wconf 90' lang='lat' dir='ltr'><strong>iuius</strong></span> <span class='ocrx_word' id='word_1_184' title='bbox 457 3973 522 4019; x_wconf 93' lang='lat' dir='ltr'><strong>non</strong></span> <span class='ocrx_word' id='word_1_185' title='bbox 538 3957 605 4017; x_wconf 89' lang='lat' dir='ltr'><strong>tam</strong></span> <span class='ocrx_word' id='word_1_186' title='bbox 621 3951 808 4037; x_wconf 90' lang='lat' dir='ltr'><strong>humanum,</strong></span> <span class='ocrx_word' id='word_1_187' title='bbox 837 3974 934 4038; x_wconf 90' lang='lat' dir='ltr'><strong>quam</strong></span> <span class='ocrx_word' id='word_1_188' title='bbox 949 3955 1106 4020; x_wconf 89' lang='lat' dir='ltr'><strong>Diuinum</strong></span> <span class='ocrx_word' id='word_1_189' title='bbox 1130 3954 1246 4020; x_wconf 88' lang='lat' dir='ltr'><strong>cedere</strong></span> 
     </span>
     <span class='ocr_line' id='line_1_28' title="bbox 118 4061 1248 4148; baseline -0.004 -16"><span class='ocrx_word' id='word_1_190' title='bbox 118 4065 338 4148; x_wconf 87' lang='lat' dir='ltr'><strong>dinoscuntur,</strong></span> <span class='ocrx_word' id='word_1_191' title='bbox 357 4061 435 4146; x_wconf 88' lang='lat' dir='ltr'><strong>quia</strong></span> <span class='ocrx_word' id='word_1_192' title='bbox 449 4061 605 4128; x_wconf 89' lang='lat' dir='ltr'><strong>iueorum</strong></span> <span class='ocrx_word' id='word_1_193' title='bbox 623 4061 806 4128; x_wconf 88' lang='lat' dir='ltr'><strong>collacione</strong></span> <span class='ocrx_word' id='word_1_194' title='bbox 821 4082 885 4129; x_wconf 93' lang='lat' dir='ltr'><strong>non</strong></span> <span class='ocrx_word' id='word_1_195' title='bbox 902 4062 1176 4142; x_wconf 84' lang='lat' dir='ltr'><strong>fauorhumanus‚</strong></span> <span class='ocrx_word' id='word_1_196' title='bbox 1194 4063 1248 4128; x_wconf 90' lang='lat' dir='ltr'><strong>uel</strong></span> 
     </span>
     <span class='ocr_line' id='line_1_29' title="bbox 117 4167 1248 4255; baseline -0.005 -14"><span class='ocrx_word' id='word_1_197' title='bbox 117 4175 161 4241; x_wconf 90' lang='lat' dir='ltr'><strong>rei</strong></span> <span class='ocrx_word' id='word_1_198' title='bbox 176 4170 379 4254; x_wconf 71' lang='lat' dir='ltr'><strong>transitorie,</strong></span> <span class='ocrx_word' id='word_1_199' title='bbox 407 4167 466 4234; x_wconf 90' lang='lat' dir='ltr'><strong>sed</strong></span> <span class='ocrx_word' id='word_1_200' title='bbox 480 4175 592 4234; x_wconf 89' lang='lat' dir='ltr'><strong>eterne</strong></span> <span class='ocrx_word' id='word_1_201' title='bbox 616 4170 891 4236; x_wconf 80' lang='lat' dir='ltr'><strong>remuneracionis</strong></span> <span class='ocrx_word' id='word_1_202' title='bbox 913 4168 1072 4254; x_wconf 87' lang='lat' dir='ltr'><strong>premium</strong></span> <span class='ocrx_word' id='word_1_203' title='bbox 1098 4175 1248 4255; x_wconf 85' lang='lat' dir='ltr'><strong>expecta·</strong></span> 
     </span>
     <span class='ocr_line' id='line_1_30' title="bbox 118 4275 1248 4362; baseline -0.007 -11"><span class='ocrx_word' id='word_1_204' title='bbox 118 4289 175 4350; x_wconf 90' lang='lat' dir='ltr'><strong>tur.</strong></span> <span class='ocrx_word' id='word_1_205' title='bbox 192 4279 291 4350; x_wconf 87' lang='lat' dir='ltr'><strong>Vnde</strong></span> <span class='ocrx_word' id='word_1_206' title='bbox 300 4283 393 4344; x_wconf 84' lang='lat' dir='ltr'><strong>tanto</strong></span> <span class='ocrx_word' id='word_1_207' title='bbox 402 4275 525 4341; x_wconf 86' lang='lat' dir='ltr'><strong>firmius</strong></span> <span class='ocrx_word' id='word_1_208' title='bbox 536 4281 569 4340; x_wconf 92' lang='lat' dir='ltr'><strong>et</strong></span> <span class='ocrx_word' id='word_1_209' title='bbox 577 4275 830 4344; x_wconf 87' lang='lat' dir='ltr'><strong>inreuocabilius</strong></span> <span class='ocrx_word' id='word_1_210' title='bbox 850 4277 947 4343; x_wconf 90' lang='lat' dir='ltr'><strong>robur</strong></span> <span class='ocrx_word' id='word_1_211' title='bbox 958 4275 1114 4362; x_wconf 84' lang='lat' dir='ltr'><strong>optinent,</strong></span> <span class='ocrx_word' id='word_1_212' title='bbox 1127 4282 1248 4361; x_wconf 90' lang='lat' dir='ltr'><strong>quanto</strong></span> 
     </span>
     <span class='ocr_line' id='line_1_31' title="bbox 117 4381 1249 4475; baseline -0.01 -16"><span class='ocrx_word' id='word_1_213' title='bbox 117 4393 164 4458; x_wconf 89' lang='lat' dir='ltr'><strong>his</strong></span> <span class='ocrx_word' id='word_1_214' title='bbox 180 4390 233 4457; x_wconf 91' lang='lat' dir='ltr'><strong>cui</strong></span> <span class='ocrx_word' id='word_1_215' title='bbox 250 4409 313 4475; x_wconf 91' lang='lat' dir='ltr'><strong>pro</strong></span> <span class='ocrx_word' id='word_1_216' title='bbox 331 4385 426 4450; x_wconf 88' lang='lat' dir='ltr'><strong>onius</strong></span> <span class='ocrx_word' id='word_1_217' title='bbox 435 4381 579 4450; x_wconf 87' lang='lat' dir='ltr'><strong>remedio</strong></span> <span class='ocrx_word' id='word_1_218' title='bbox 593 4381 810 4468; x_wconf 83' lang='lat' dir='ltr'><strong>conferuntur,</strong></span> <span class='ocrx_word' id='word_1_219' title='bbox 831 4381 1037 4464; x_wconf 85' lang='lat' dir='ltr'><strong>durabiliora,</strong></span> <span class='ocrx_word' id='word_1_220' title='bbox 1053 4401 1162 4468; x_wconf 89' lang='lat' dir='ltr'><strong>ymmo</strong></span> <span class='ocrx_word' id='word_1_221' title='bbox 1173 4388 1249 4450; x_wconf 87' lang='lat' dir='ltr'><strong>sunt</strong></span> 
     </span>
     <span class='ocr_line' id='line_1_32' title="bbox 116 4488 1250 4588; baseline -0.008 -21"><span class='ocrx_word' id='word_1_222' title='bbox 116 4506 272 4588; x_wconf 87' lang='lat' dir='ltr'><strong>perpetuo</strong></span> <span class='ocrx_word' id='word_1_223' title='bbox 291 4495 460 4561; x_wconf 89' lang='lat' dir='ltr'><strong>duratura.</strong></span> <span class='ocrx_word' id='word_1_224' title='bbox 485 4488 568 4556; x_wconf 80' lang='lat' dir='ltr'><strong>Gurn</strong></span> <span class='ocrx_word' id='word_1_225' title='bbox 582 4489 683 4574; x_wconf 75' lang='lat' dir='ltr'><strong>igitur</strong></span> <span class='ocrx_word' id='word_1_226' title='bbox 702 4491 807 4556; x_wconf 91' lang='lat' dir='ltr'><strong>omnis</strong></span> <span class='ocrx_word' id='word_1_227' title='bbox 830 4495 978 4577; x_wconf 88' lang='lat' dir='ltr'><strong>potestas</strong></span> <span class='ocrx_word' id='word_1_228' title='bbox 994 4491 1038 4556; x_wconf 89' lang='lat' dir='ltr'><strong>sit</strong></span> <span class='ocrx_word' id='word_1_229' title='bbox 1057 4491 1174 4574; x_wconf 88' lang='lat' dir='ltr'><strong>aDeo,</strong></span> <span class='ocrx_word' id='word_1_230' title='bbox 1190 4491 1250 4558; x_wconf 86' lang='lat' dir='ltr'><strong>Re·</strong></span> 
     </span>
     <span class='ocr_line' id='line_1_33' title="bbox 116 4597 1251 4692; baseline -0.011 -15"><span class='ocrx_word' id='word_1_231' title='bbox 116 4627 173 4692; x_wconf 79' lang='lat' dir='ltr'><strong>ges</strong></span> <span class='ocrx_word' id='word_1_232' title='bbox 187 4615 221 4674; x_wconf 88' lang='lat' dir='ltr'><strong>et</strong></span> <span class='ocrx_word' id='word_1_233' title='bbox 232 4601 408 4688; x_wconf 87' lang='lat' dir='ltr'><strong>Principes</strong></span> <span class='ocrx_word' id='word_1_234' title='bbox 424 4598 657 4666; x_wconf 87' lang='lat' dir='ltr'><strong>ecelesiasticis</strong></span> <span class='ocrx_word' id='word_1_235' title='bbox 673 4598 870 4664; x_wconf 73' lang='lat' dir='ltr'><strong>utilitatibus</strong></span> <span class='ocrx_word' id='word_1_236' title='bbox 880 4617 1005 4665; x_wconf 89' lang='lat' dir='ltr'><strong>summo</strong></span> <span class='ocrx_word' id='word_1_237' title='bbox 1022 4617 1119 4685; x_wconf 92' lang='lat' dir='ltr'><strong>opere</strong></span> <span class='ocrx_word' id='word_1_238' title='bbox 1130 4597 1251 4665; x_wconf 89' lang='lat' dir='ltr'><strong>debent</strong></span> 
     </span>
    </p>
   </div>
   <div class='ocr_carea' id='block_1_9' title="bbox 0 0 1633 5198">
    <p class='ocr_par' dir='ltr' id='par_1_9' title="bbox 0 0 1633 5198">
     <span class='ocr_line' id='line_1_34' title="bbox 0 0 1633 5198; baseline 0 0"><span class='ocrx_word' id='word_1_239' title='bbox 0 0 1633 5198; x_wconf 95' lang='lat' dir='ltr'><strong> </strong></span> 
     </span>
    </p>
   </div>
  </div>
 </body>
</html>
