3210 5194
654 871 708 941 te.

117 1056 174 1123 IX.
191 1054 327 1141 Gerpcly
348 1059 442 1140 pcipe
457 1053 598 1119 Kdlmciu
621 1053 774 1139 puliraici
801 1053 908 1140 kirtly
924 1059 953 1118 ts
977 1051 1155 1120 sclavonici
1178 1056 1247 1121 hcr-

166 1175 277 1250 caapat,
293 1187 314 1228 c
330 1163 460 1228 tuicio-olo
476 1162 556 1228 allec
572 1161 739 1228 hurczclok
754 1161 935 1249 hucadp‘rirdl
950 1162 1078 1230 enatet.
1103 1164 1202 1227 1241.

224 1359 407 1442 Gregorius
423 1358 605 1446 Episcopus
631 1377 743 1425 seruus
759 1377 925 1425 seruorum
942 1357 1005 1424 Dei
1028 1356 1197 1426 carissimo
1213 1357 1247 1423 in

6 1531 7 1548 ζ
117 1465 249 1534 Christo
267 1465 334 1533 lilio
352 1473 461 1533 nostro
479 1464 767 1550 OolomannoRegr'
784 1465 908 1532 Illustri
928 1471 960 1530 ct
974 1465 1059 1532 Duci
1074 1464 1247 1532 Sclavonie

6 1553 7 1578 ¹
116 1575 259 1639 salntem
275 1579 309 1638 et
324 1574 549 1659 Apostolicam
574 1573 842 1640 benedict-ionem.
859 1574 981 1639 Vocem
996 1572 1029 1637 in
1054 1571 1183 1637 excelso
1199 1571 1245 1636 la-

114 1679 328 1746 mentationis
346 1689 377 1748 et
392 1681 486 1748 fletus
503 1680 701 1768 andivimus,
721 1688 753 1747 et
767 1701 828 1748 nos
846 1679 954 1747 multis
974 1677 1144 1745 amaricati
1159 1677 1246 1743 dolo·

114 1788 207 1854 ribus
224 1786 446 1874 deploramus,
465 1790 551 1874 quod
565 1789 742 1856 iaculatum
755 1787 796 1854 de
812 1789 881 1854 celo
900 1786 1056 1855 iudicium
1073 1783 1248 1870 iamdcpo·

6 1907 7 1918 ¹
114 1896 252 1982 pulatur
263 1895 405 1979 undique
418 1897 573 1983 populum
584 1894 814 1983 Christianum,
831 1895 916 1981 quod
927 1895 1105 1962 infidelium
1115 1892 1246 1980 gladius

114 1998 286 2068 infideles
311 2003 477 2090 reciproca
493 2003 572 2070 cede
590 2004 794 2090 convertitur,
821 2011 855 2070 et
870 2003 902 2068 in
919 2003 1124 2069 christicolas
1147 2019 1246 2087 paga-

115 2130 233 2177 norum
259 2130 372 2178 mucro
388 2112 562 2178 crudeliter
585 2111 797 2178 debachatur.
823 2108 955 2178 Clamor
975 2108 1060 2176 enim
1087 2108 1244 2176 scelerum

6 2259 7 2264 κ
115 2215 254 2284 humani
287 2218 418 2302 generis
449 2219 683 2306 multiplicatus
717 2218 897 2285 ascendens
923 2219 957 2284 in
982 2237 1077 2285 aures
1105 2216 1246 2284 omnium

6 2349 8 2388 ι
114 2325 308 2411 conditoris,
326 2325 443 2414 ipsum,
469 2327 525 2412 qui
540 2327 635 2412 quasi
650 2348 715 2394 non
730 2325 846 2393 videns
865 2325 929 2392 huc
945 2345 1049 2412 usqne
1063 2324 1172 2411 tacuit,
1190 2325 1246 2409 qui

115 2433 353 2501 correctionem
370 2432 482 2520 populi
498 2435 549 2499 sui
564 2435 654 2500 velut
669 2435 796 2519 patiens
815 2433 1011 2520 expectavit,
1035 2433 1172 2499 ultorem
1187 2433 1246 2499 ini-

116 2541 283 2626 quitatum
308 2540 455 2624 gladium
471 2541 578 2626 coegit
602 2560 744 2624 exerere,
769 2548 801 2606 ct
819 2542 862 2608 ab
886 2540 990 2608 oculis
1014 2540 1171 2625 patientie
1187 2559 1244 2606 suc

115 2647 406 2716 abhominationes
431 2647 608 2715 emundare
630 2647 837 2732 flagitiorum,
855 2648 999 2735 expetita
1021 2647 1156 2732 gravide
1171 2667 1245 2733 pec·

6 2811 7 2824 ,
116 2755 287 2824 catorihus
312 2755 454 2840 ultione;
480 2756 715 2843 propterquod
732 2775 852 2839 omnes,
869 2775 1006 2839 quorum
1031 2753 1132 2822 corda
1150 2755 1246 2821 timor
1378 2796 1386 2806 -

6 2901 7 2910 ι
112 2861 250 2930 Domini
267 2861 383 2947 tetigit,
411 2869 541 2947 opertos
566 2861 682 2928 ciliciis
699 2869 731 2928 et
753 2882 905 2946 aspersos
929 2864 1038 2930 cinere
1056 2863 1089 2928 in
1106 2861 1245 2949 suspirio

115 2977 148 3034 ct
164 2967 312 3033 lacrimis
328 2966 481 3034 Divinam
499 2971 650 3036 convenit
667 2968 924 3036 miscricordiam
936 2971 1121 3056 implorare,
1138 2969 1244 3052 utqui

114 3094 247 3161 semper
263 3075 306 3139 ad
332 3075 565 3159 ignoscendum
585 3076 706 3142 multus
722 3077 837 3161 extitit,
864 3077 919 3160 qni
934 3076 1123 3162 prestabilis
1147 3095 1244 3160 super

114 3182 249 3250 malitia
265 3181 353 3248 omni
369 3203 442 3250 esse
458 3192 602 3268 tempore
618 3185 795 3268 consuevit,
812 3190 956 3252 exertum
970 3183 1116 3268 gladium
1132 3183 1174 3248 ad
1191 3203 1244 3248 va·

6 3343 7 3348 ,
118 3291 234 3375 ginam
252 3287 362 3355 iubeat
378 3291 515 3375 regredi,
533 3298 565 3357 et
581 3292 663 3357 iram
677 3291 710 3358 in
726 3297 853 3376 gentes,
880 3310 942 3374 que
957 3291 1050 3356 illum
1069 3311 1133 3356 non
1149 3310 1244 3356 nove

116 3406 203 3482 runt,
228 3397 410 3484 effundens,
437 3399 590 3484 dignetur
605 3401 726 3488 populo
743 3400 802 3466 filii
827 3402 877 3467 sui
896 3399 1053 3485 insignito
1079 3405 1244 3467 caractere

115 3504 280 3572 misereri.
306 3503 481 3591 Speremus
507 3513 624 3592 autem,
654 3508 740 3593 quod
757 3508 818 3575 etsi
833 3510 923 3575 Deus
948 3514 1058 3575 noster
1081 3528 1141 3575 nos
1162 3506 1243 3574 dura

114 3611 343 3698 increpatione
359 3613 553 3699 redarguere
569 3617 700 3700 ceperit,
719 3618 834 3705 Regna
854 3623 973 3698 tamem
992 3635 1055 3700 quc
1068 3615 1172 3702 ipsius
1188 3637 1244 3682 no-

113 3740 191 3786 men
202 3720 370 3806 invocant,
385 3741 406 3786 a
421 3723 505 3789 facie
522 3743 582 3790 sua
598 3723 787 3808 disperdere
797 3744 862 3790 non
878 3720 1036 3808 intendit,
1058 3723 1243 3808 quinimmo

111 3848 132 3894 a
148 3847 239 3914 pena
254 3836 411 3915 perpetua
436 3839 624 3916 peccatores
641 3839 731 3898 curat
754 3833 889 3917 eripere,
916 3831 1034 3913 quibus
1053 3833 1242 3918 temporalis

113 3936 226 4002 studet
242 3936 377 4004 ultionis
393 3920 584 4006 beneficium
601 3939 644 4006 ad
658 3939 906 4024 castigationem
921 3939 1024 4006 nostri
1040 3940 1174 4022 generis
1190 3939 1244 4005 ad-

114 4045 250 4110 hibere:
277 4044 354 4127 quia
372 4046 433 4112 etsi
459 4046 542 4113 filios
562 4048 696 4114 israelis
720 4047 890 4133 temptatio
914 4047 1027 4114 mortis
1053 4047 1087 4112 in
1113 4046 1244 4113 heremo

113 4153 314 4237 quandoque
328 4153 481 4239 tetigerit,
497 4154 592 4222 ineis
607 4160 718 4222 tamen
734 4157 783 4222 ira
798 4155 930 4223 Domini
949 4154 1069 4222 diutius
1093 4175 1158 4222 non
1173 4176 1244 4242 por-

114 4258 251 4326 mansit.
276 4260 396 4326 Verum
412 4263 474 4328 etsi
489 4262 632 4348 graviter
649 4262 690 4330 de
706 4262 847 4330 omnium
871 4263 1014 4331 fidelium
1032 4262 1244 4349 oppressione

111 4367 289 4449 turbemur,
308 4385 407 4453 super
422 4367 600 4437 afflictione
616 4377 726 4437 tamen
739 4371 843 4453 Regni
860 4371 1015 4456 Ungarie,
1034 4369 1151 4454 quoda
1165 4374 1244 4438 Tar·

112 4473 194 4539 tatis
211 4471 365 4540 invasum
382 4483 415 4542 et
439 4485 632 4562 occupatum
649 4499 707 4564 pro
732 4497 852 4562 magna
868 4486 970 4565 parte,
988 4477 1021 4542 in
1036 4478 1176 4545 lectione
1193 4480 1243 4546 lit·

112 4586 255 4648 terarum
271 4589 401 4649 tuarum
425 4604 490 4651 non
506 4585 578 4654 sine
594 4588 768 4652 multarum
795 4585 1000 4652 lacrimarum
1025 4585 1181 4657 effusione
1197 4590 1243 4657 di-
