3168 5186
627 435 632 439 ·
661 341 726 408 431

124 540 235 606 altera
260 538 345 606 inter
368 539 453 606 filios
479 543 511 604 et
536 543 672 623 nepotes
689 536 825 603 Comitis
843 535 951 604 Wolia
975 535 1007 602 in
1034 537 1117 603 duas
1142 544 1254 623 partes

123 647 263 731 equales
274 647 466 713 dimiserunt
475 644 723 730 possidendum3
745 644 1254 713 monasteriuouveroOrozlanus

123 761 279 823 vocatum
305 753 366 820 toti
382 751 592 837 generacioni
616 771 728 819 eorum
743 771 916 830 commune,
937 770 1010 818 esse
1034 761 1253 820 assernerunt.

123 866 210 930 Item
226 862 364 928 Obanad
389 861 538 928 similiter
562 880 620 947 pro
636 878 673 927 se
689 868 720 927 et
735 859 802 927 lilio
821 879 879 927 suo
896 860 1029 944 Wecbe²
1044 860 1171 929 Thomu
1195 883 1253 948 pro

123 991 163 1038 se
179 979 212 1039 et
227 971 294 1037 tilio
304 968 422 1056 Wgnd,
433 969 511 1054 filijs
521 969 674 1056 Kechele,
686 969 764 1034 item
774 967 937 1034 Michaele
947 987 1005 1053 pro
1022 988 1058 1035 se
1074 975 1106 1034 ct
1116 970 1181 1037 tilio
1193 990 1251 1038 suo

124 1079 312 1162 Dominico‚
330 1097 369 1144 ac
385 1077 485 1143 fratre
501 1096 560 1144 suo
576 1076 714 1160 Weyteh
725 1075 801 1161 filijs
820 1073 1002 1160 Theodori;
1019 1075 1096 1142 item
1112 1077 1252 1145 Lauren-

125 1187 179 1253 cio
191 1193 224 1253 et
233 1184 393 1270 Gregorio
410 1185 487 1271 filijs
498 1184 621 1252 (lbemu
632 1183 781 1250 similiter
795 1202 855 1268 pro
871 1201 917 1267 se,
927 1184 1101 1268 nepotibus
1111 1185 1253 1272 Boguzlo

124 1293 240 1362 t'ratris
255 1295 414 1380 Beleuyg,
440 1299 608 1361 cesserunt
631 1291 766 1360 totidem
789 1291 1013 1378 possessiones
1036 1310 1178 1377 numero,
1195 1296 1254 1363 sed

124 1401 360 1470 fructuosiores
376 1400 588 1488 prodentibus
604 1399 638 1466 in
651 1398 864 1466 coniuctus
885 1395 1113 1486 infrascriptis,
1130 1402 1254 1470 scilicet

128 1508 365 1594 Obanodiensi,
381 1507 604 1596 Thimisiensi,
630 1507 831 1593 Syrimiensi,
857 1508 891 1573 in
905 1506 1065 1574 Districtu
1085 1508 1253 1598 delicto,

124 1617 215 1685 ultra
229 1618 343 1702 Zawa,
367 1617 401 1683 in
418 1614 583 1684 comitatu
609 1615 650 1681 de
665 1614 826 1700 Woswar,
850 1615 886 1681 in
905 1613 1065 1682 comitatu
1089 1615 1254 1687 laudensi

126 1732 161 1793 et
178 1724 211 1791 in
228 1725 390 1794 comitatu
405 1724 618 1810 Mnsuniensi,
642 1744 779 1809 quarum
795 1723 924 1808 quidem
943 1724 1185 1809 possessionum
1200 1749 1242 1795 no

127 1832 220 1900 minu
235 1832 269 1899 in
285 1852 396 1901 eorum
414 1833 599 1919 priuilegijs
614 1829 864 1899 diuisioualibus
880 1831 1068 1917 plenissime
1087 1836 1253 1903 continen-

126 1947 202 2024 tur;
229 1939 289 2008 sub
305 1940 366 2008 tali
380 1939 511 2008 vinculo
526 1947 559 2005 et
585 1938 773 2006 condicione
789 1937 899 2023 penali
914 1935 1097 2023 interiecta,
1124 1940 1209 2026 quod
1225 1945 1255 2009 si

126 2067 195 2131 qua
210 2049 358 2134 parcium
373 2046 415 2114 dc
431 2045 556 2115 eisdem
572 2066 671 2130 supra
687 2045 733 2130 id,
750 2045 836 2128 quod
852 2044 915 2111 sibi
934 2044 968 2110 in
984 2047 1170 2131 porcionem
1187 2067 1254 2115 ces-

126 2159 237 2242 sisset,
254 2157 317 2225 sibi
334 2157 569 2244 appropriaret,
588 2156 641 2222 vel
657 2173 818 2240 occupare
833 2154 997 2228 niteretur,
1025 2174 1086 2221 sua
1101 2157 1255 2242 porcione

126 2267 315 2353 priuaretur
339 2285 378 2331 eo
403 2265 509 2349 facto;
538 2264 628 2332 cuins
654 2261 819 2348 porcionis
846 2261 1014 2329 estimatio
1040 2262 1148 2330 media
1176 2284 1253 2350 pars

127 2373 234 2458 Regio
249 2373 358 2457 Fisco,
385 2372 453 2439 alia
468 2390 544 2438 uero
560 2369 718 2437 medietas
733 2368 884 2436 iniuriam
910 2367 1056 2453 pacienti
1071 2375 1103 2436 et
1117 2369 1253 2445 diuisio-

127 2501 204 2547 nem
221 2479 410 2547 obseruauti
427 2479 619 2565 applicetur.
636 2475 707 2544 Hoc
722 2479 827 2546 eciam
844 2475 1020 2560 declarato,
1041 2478 1126 2560 quod
1144 2499 1253 2564 super-

126 2595 197 2654 stes
223 2589 369 2673 parcium
398 2586 615 2674 predictarum
641 2586 676 2651 in
702 2583 836 2651 alterius
868 2584 1051 2669 porcionem
1084 2586 1253 2672 protelatis

126 2695 331 2782 temporibus
341 2713 406 2760 non
422 2693 582 2762 subintret
607 2692 666 2759 sub
682 2697 958 2779 penaprenotata,
968 2692 1115 2776 partibus
1125 2692 1186 2760 hoc
1203 2713 1253 2759 as·

127 2804 334 2872 sumentibus
345 2804 448 2870 eciam
460 2823 523 2869 uno
534 2823 575 2870 ex
589 2801 637 2869 eis
654 2804 857 2884 remanente;
878 2799 907 2866 si
920 2817 996 2866 uero
1008 2800 1127 2884 uliquis
1144 2823 1255 2870 eornm

92 2933 99 2944 ·
127 2914 170 2980 de
189 2912 397 2996 porcionibus
423 2909 492 2977 suis
509 2908 633 2993 aliquid
648 2904 842 2974 alienauerit
857 2912 914 2973 aut
939 2906 1124 2993 perdiderit,
1151 2911 1254 2977 eciam

129 3021 238 3086 altera
254 3018 401 3104 parcium
417 3019 522 3104 possit
537 3035 742 3103 recuperare,
769 3020 802 3081 et
816 3013 974 3084 restitutis
990 3035 1119 3101 semper
1137 3037 1254 3104 expen-

127 3129 188 3214 sis,
206 3135 238 3194 et
254 3147 319 3195 non
336 3127 431 3194 aliter
446 3127 553 3213 possit
577 3125 752 3208 rehabere;
779 3123 842 3191 nisi
859 3144 916 3209 per
931 3125 1114 3210 potenciam
1130 3126 1182 3192 vel
1198 3127 1254 3193 ini-

127 3254 228 3318 quum
245 3253 443 3319 processum,
470 3232 576 3300 forma
589 3231 668 3299 iuris
693 3250 756 3296 nou
773 3230 948 3296 observata
963 3229 1079 3296 fnisset
1103 3225 1254 3302 exclusus

129 3341 171 3407 de
187 3340 322 3408 eisdem.
349 3344 387 3408 In
404 3341 495 3408 cuius
510 3340 558 3407 rei
583 3340 774 3407 memoriam
789 3339 1038 3422 firmitatemque
1062 3349 1253 3427 perpetuam

128 3456 296 3538 presentes
312 3449 532 3517 concessimus
543 3448 682 3534 duplicis
695 3447 798 3531 sigilli
817 3447 918 3513 nostri
929 3449 1106 3516 munimine
1121 3451 1253 3520 robora-

127 3566 193 3625 tas.
223 3560 346 3625 Datum
363 3577 420 3645 per
443 3576 559 3624 manos
575 3556 686 3623 dilecti
712 3554 812 3623 nostri
828 3560 861 3619 et
875 3553 980 3642 tidelis
997 3555 1147 3642 Magistri
1164 3558 1255 3652 Sma-

130 3665 226 3750 ragdi
251 3665 414 3752 Prepositi
430 3663 584 3732 Albensis
610 3664 685 3732 aule
710 3668 820 3731 nostre
843 3661 1143 3749 vicecancellarii,
1170 3687 1254 3735 anuo

129 3771 262 3839 Domini
277 3771 449 3840 millesimo
474 3771 695 3840 ducentesimo
714 3771 985 3857 quinquagesimo
1001 3780 1105 3857 sexto,
1131 3772 1255 3843 decimo

129 3887 223 3948 sexto
250 3879 411 3948 kalendas
427 3878 588 3967 Januarij,
613 3879 720 3964 Regni
737 3885 845 3947 autem
869 3880 970 3946 nostri
996 3901 1083 3948 anno
1099 3883 1253 3949 vicesimo

127 3988 279 4057 secundo.

128 4147 261 4218 (Bithory
273 4147 368 4203 Istvdn
382 4150 485 4218 erdelyi
498 4149 646 4218 uajdtnolr‚
664 4155 738 4206 tcta.
752 4151 878 4205 Tbordtu
891 4169 909 4204 a
920 4154 1009 4215 „feria
1022 4155 1120 4222 quinta
1132 4157 1254 4220 proxima

126 4247 188 4310 post
200 4244 376 4295 Dominicarn
389 4243 594 4308 Rogoeionum“
609 4248 707 4294 tertott
728 4243 897 4295 tizsndtddilr
917 4241 1126 4310 tbrvenynnpon
1147 4241 1253 4295 kerritlt

127 4327 286 4395 trussebot,
305 4332 379 4398 moly
394 4331 528 4400 egeszbon
541 4332 610 4384 uduo
622 4335 658 4384 ‘26
678 4331 736 4397 regi
749 4329 880 4397 okmtnyt
898 4332 1051 4396 turtolmac,
1070 4349 1087 4384 a
1098 4335 1181 4385 budai
1201 4335 1254 4384 lrir.

532 4423 658 4475 kamarai
669 4417 860 4489 leueltttrban.)

559 4651 813 4668 Ἣ
