3186 5188
589 889 666 957 loe.

53 1064 81 1129 A
96 1067 181 1132 tucos
196 1067 419 1154 Mptulauaalt
434 1072 701 1159 bizoapsoptevela,
717 1074 799 1160 bopy
824 1074 961 1140 Ambrus
976 1075 1188 1165 Screpuylnulo

47 1175 99 1256 fia,
123 1180 154 1238 ἐς
172 1175 325 1242 Benedek
340 1179 557 1244 Modorodnok
568 1181 620 1262 fia
635 1180 807 1246 birtoleuloat
821 1181 903 1247 Iuda
918 1207 938 1248 u
953 1183 1089 1251 kalooaue'
1106 1186 1188 1251 eset

348 1285 635 1353 tdrurolcmesterdnek
649 1287 782 1354 eladtdk.
798 1285 897 1356 1247.

156 1480 231 1548 Nos
249 1481 437 1569 Capitulum
451 1481 631 1551 Bachiense
647 1482 796 1553 omnibus
821 1487 1028 1573 presentibus
1053 1496 1087 1556 et
1101 1487 1185 1557 iutu-

54 1585 95 1652 ris
108 1587 344 1658 insinuacione
369 1591 574 1676 presencium
590 1597 701 1658 notum
718 1590 866 1680 iacimus,
892 1594 980 1678 quod
994 1595 1185 1664 Ambrosius

56 1694 136 1762 ilius
151 1695 329 1784 Seieguyl,
347 1705 380 1765 et
394 1696 591 1766 Benedictus
607 1698 694 1765 lilius
703 1697 864 1768 liodorod
879 1720 990 1769 coram
1006 1702 1101 1770 nobis
1117 1725 1186 1790 per·

58 1804 210 1873 sonaliter
220 1805 400 1892 constituti,
418 1806 655 1892 confessisunt,
671 1806 949 1877 uthereditariam
959 1817 1081 1877 terram
1093 1830 1185 1878 suam

58 1913 148 1980 situm
173 1914 211 1980 in
228 1913 395 1984 Comitatu
420 1915 462 1982 de
477 1915 593 1983 Wloou
618 1935 692 1984 oum
712 1915 861 1985 omnibus
886 1915 1082 1986 utilitatibus
1105 1919 1185 2005 suis,

59 2020 269 2110 pertinencijs
279 2043 339 2092 seu
354 2020 495 2107 edifioijs
506 2042 605 2111 super
620 2023 727 2111 ipsam
742 2033 863 2092 terram
873 2023 1097 2110 existentibus,
1112 2043 1186 2093 con-

60 2135 205 2200 netaneo
223 2151 298 2215 suo,
314 2131 441 2199 seilicet
456 2129 554 2216 Juan,
571 2130 728 2216 Magistro
747 2133 1004 2200 Tauarnicorum
1020 2132 1186 2199 uenerabi-

60 2234 97 2302 lis
110 2237 215 2323 patris
240 2237 414 2306 Benedicti
429 2237 491 2306 Dei
507 2237 622 2324 gracia
637 2237 885 2326 Arobiepiscopi
902 2237 1111 2306 Golochcnsis
1126 2259 1186 2327 pro

60 2341 164 2412 decem
191 2344 316 2413 marcis
342 2347 468 2430 argenti
494 2343 719 2414 uendidissent
741 2345 955 2433 integraliter,
982 2344 1097 2414 sibiet
1117 2348 1186 2414 suis

62 2450 232 2520 heredibus
248 2460 408 2540 perpetuo
425 2450 612 2520 habendam
627 2459 659 2521 et
673 2452 917 2541 possidendam,
931 2460 965 2520 et
979 2452 1085 2539 ipsam
1100 2473 1184 2521 sum·

63 2579 142 2625 mum
158 2561 302 2646 pecunie
318 2580 355 2627 se
369 2559 518 2646 plenarie
534 2560 707 2647 recepisse.
724 2561 826 2628 Porro
844 2559 956 2645 uicini,
971 2561 1113 2627 confines
1129 2578 1188 2625 seu

65 2667 274 2736 commetanei
289 2675 378 2735 terre
392 2668 552 2756 predicte,
576 2668 702 2736 scilicet
729 2668 846 2738 custos
862 2675 895 2736 et
909 2668 1095 2736 Conuentus
1121 2667 1186 2734 blo-

66 2774 189 2862 nasterij
207 2776 325 2843 Sancti
340 2775 497 2861 Demetrij
517 2795 576 2861 per
592 2776 750 2844 officiales
765 2796 853 2863 suos,
873 2774 1026 2842 videlicet
1050 2773 1187 2842 'lenkeu

68 2889 96 2948 et
108 2883 270 2952 Thomam
287 2883 421 2951 fratrem
430 2881 527 2950 Fulra
541 2884 649 2970 nobis,
665 2884 864 2968 intimarunt,
887 2883 962 2951 buio
978 2880 1115 2950 emcioni
1129 2901 1188 2949 seu

70 2990 243 3060 neudioioni
270 3011 363 3058 suum
391 3010 583 3059 consensum
607 2991 797 3078 prebuisse;
823 2989 880 3076 alij
900 3008 1036 3074 quoque,
1061 2987 1188 3054 scilieet

70 3095 157 3164 llnsa
172 3104 350 3185 quenesius
365 3096 478 3183 populi
494 3097 536 3163 de
551 3096 633 3164 uilla
649 3095 765 3180 Yelun,
782 3103 814 3162 et
828 3096 971 3162 Thomas
980 3094 1083 3160 frater
1093 3093 1189 3159 Fuka

70 3205 238 3287 premissus
265 3204 414 3290 requisiti
439 3226 461 3271 a
475 3203 581 3288 nobis,
598 3202 759 3291 empcioni
784 3222 842 3270 seu
867 3199 1052 3268 uendicioui
1076 3218 1189 3286 supra·

71 3309 147 3378 dicte
161 3333 258 3381 suum
274 3332 446 3381 assensum
461 3312 608 3379 ultronee
623 3309 829 3397 prebuerunt.
846 3310 884 3375 In
900 3307 992 3374 ouius
1008 3307 1055 3373 rei
1071 3325 1189 3374 memo-

71 3417 144 3485 riam
158 3427 328 3508 presentes
345 3420 474 3489 litteras
490 3418 709 3487 concessimus
725 3417 826 3503 sigilli
842 3415 931 3484 nosri
947 3414 1123 3483 munimine
1138 3434 1187 3481 ro·

71 3523 203 3594 boratcs.
229 3529 326 3595 Anno
342 3528 385 3596 ab
400 3527 634 3594 Iuoarnaciono
653 3523 785 3593 Domini
800 3525 845 3590 Μο
857 3521 922 3590 00⁰
938 3521 1189 3607 quadragesimo

73 3633 217 3722 septim03
233 3635 392 3721 Magistro
408 3636 474 3703 lob
490 3631 661 3719 Prepesito
677 3629 851 3699 Bachiensi
867 3637 900 3698 et
912 3627 1036 3697 Oomite
1055 3627 1190 3715 (lapella
1267 3699 1268 3703 Ἰ

74 3736 175 3826 Regio,
191 3741 325 3812 Andrea
339 3745 486 3828 Lectore,
510 3742 653 3828 Symone
672 3737 823 3822 cantore,
849 3734 1026 3804 Benedioto
1041 3732 1190 3800 Archidi·

76 3863 165 3914 couno
174 3849 360 3935 Bachiensi,
373 3848 515 3932 Symone
525 3843 764 3913 Archidiacono
775 3842 965 3929 syrmiensi,
976 3841 1122 3907 Adriano
1131 3835 1191 3903 Ou-

78 3953 166 4040 stode‚
177 3955 564 4028 AntonioArchidiacono
573 3952 816 4040 Soeguediensi,
827 3951 944 4020 Nicola
954 3951 1097 4030 Docano,
1109 3951 1191 4010 cete·

78 4059 174 4144 risque
180 4061 353 4136 Canonicis
365 4064 398 4130 in
410 4063 526 4131 eadem
532 4061 759 4130 EcclesiaDeo
770 4060 908 4128 feliciter
918 4051 1189 4125 ministrantibus.

400 4207 430 4274 Δ
614 4204 642 4270 Β
828 4201 853 4268 0

82 4349 202 4415 (dradotie
213 4350 378 4421 biirbdrtydn
389 4368 406 4404 a
417 4350 606 4419 kaptalannuk
619 4351 788 4402 barnatbros
806 4338 1033 4412 selyemusindron
1046 4337 1132 4404 iilggd
1145 4351 1191 4403 pe-

272 4443 358 4513 osdtje
370 4445 447 4510 alatt,
460 4458 478 4496 a
489 4441 572 4496 budai
585 4442 637 4493 kir.
651 4439 773 4493 kamarai
787 4428 981 4498 levdlttrban).

122 4755 305 4800 Hotomanus.
321 4759 390 4796 sier.
411 4768 448 4778 -
466 4758 537 4793 niun.
555 4750 580 4789 ιι
994 4723 1030 4781 16
