3186 5188
509 217 659 319 ‘rso-

25 423 27 522 ξ
48 422 258 484 mbcoesorum
282 422 468 484 nostrorum
483 414 608 499 Regiae
628 413 777 484 Coronae
797 415 951 483 exhibere
975 434 1147 484 consuere·

25 539 27 606 ξ
47 522 274 610 rmtindetesse,
291 529 498 592 occurrerant
508 523 603 592 nobis
619 523 799 591 illariteret
814 523 951 592 iocunde
971 543 1042 592 curn
1060 525 1147 592 omni

26 701 27 704 ,
47 638 177 720 apparatu
192 628 303 700 laudis
316 638 349 700 et
364 631 589 718 solemnitatis,
607 637 639 699 et
649 632 835 700 obtulerunt
845 629 1010 699 humiliter
1026 635 1146 720 omnia,

47 759 109 827 puae
128 741 278 808 honorem
298 749 443 810 nostrum
462 738 633 827 decebant,
650 728 707 810 ore
722 747 755 808 et
770 759 869 828 opere
883 745 1029 808 nostrum
1046 740 1147 809 domi-

49 849 113 914 oinm
127 853 331 935 rcuerentes;
357 851 412 933 qui
441 849 541 917 etiam
560 869 619 916 nos
644 855 712 918 tam
736 847 911 918 honorilice
925 855 1096 935 susceptos
1112 849 1147 915 in

47 955 96 1024 nnis
108 954 350 1042 municionibus,
377 955 473 1024 simul
493 976 565 1024 curn
590 957 711 1024 nostrin
725 956 884 1043 pluribus,
905 955 960 1042 qui
976 957 1018 1024 de
1033 961 1146 1044 Regno

47 1063 203 1147 imperiae
219 1064 583 1134 etSclauoniaeafacie
593 1067 805 1134 tartarorum
821 1063 1010 1150 effugerant,
1027 1063 1147 1132 diutius

46 1170 204 1257 detrectes,
220 1171 536 1240 administrauemnt
558 1173 652 1241 nobis
677 1173 779 1241 multa
795 1178 828 1239 et
841 1192 907 1240 non
923 1173 1052 1241 modica
1070 1171 1148 1239 deli·

47 1280 140 1346 ciarum
154 1299 288 1367 genera,
313 1283 363 1349 ita
378 1281 465 1366 quod
485 1283 610 1367 absque
633 1284 795 1370 parcitate
811 1287 928 1348 cuncta
942 1281 1146 1366 exhibentes,

47 1405 92 1453 roc
105 1387 199 1454 solum
214 1389 326 1474 nobis,
351 1409 463 1458 verum
479 1389 651 1475 uniuersis,
678 1390 733 1472 qui
749 1389 917 1458 nobiscnm
932 1388 1146 1476 aduenerant,

47 1501 115 1560 tanta
128 1493 333 1565 liberalitatis
345 1517 446 1584 opera
460 1497 697 1585 impenderunt,
714 1497 877 1583 quodiam
887 1499 1003 1565 meritc
1019 1518 1084 1566 non
1099 1519 1147 1567 so·

47 1601 94 1668 lun
105 1603 219 1690 ideles,
247 1601 310 1673 sed
329 1604 510 1673 fidelissimi
526 1613 676 1692 poteraut
692 1606 864 1694 appellari.
889 1606 958 1673 Nos
973 1607 1085 1691 itaque
1099 1613 1148 1674 tot

46 1711 162 1779 cantia
176 1712 326 1800 ipsorum
348 1712 494 1798 seruiciJ‘s
511 1720 544 1781 et
566 1713 724 1782 fidelitate
746 1715 855 1802 potius
870 1711 1088 1798 considerata,
1105 1731 1146 1778 ex

46 1818 123 1904 Regia
144 1821 365 1890 munificentia
389 1819 559 1908 prouidere
584 1821 799 1910 intendentes,
827 1829 894 1889 tum
910 1823 989 1907 quia
1014 1826 1147 1909 propter

47 1946 129 1994 eorum
150 1928 321 1998 fidelitatis
346 1930 496 1998 meritum
522 1929 685 2014 quaedam
704 1929 821 1998 lisdem
844 1930 971 1998 ciuibus
996 1930 1040 1996 ab
1056 1933 1145 1995 antc-

47 2037 202 2105 ccssoribus
223 2037 350 2108 nostris
373 2037 504 2106 lucrant
517 2057 684 2124 concessa,
709 2045 777 2104 tum
794 2037 872 2124 quia
887 2038 1022 2107 affectus
1047 2043 1080 2105 et
1094 2057 1146 2105 vo·

47 2139 129 2210 lmtas
151 2145 283 2229 gratiae
305 2151 437 2214 nostrae
451 2163 533 2229 erga
549 2143 638 2231 ipsos
654 2143 739 2214 adeo
754 2145 943 2232 incaluerat,
966 2147 1053 2230 quod
1068 2165 1148 2212 mer-

47 2249 105 2317 cede
126 2251 233 2320 debita
258 2273 372 2321 carere
395 2273 460 2320 non
475 2260 636 2341 poterant,
661 2251 747 2320 sicut
768 2272 829 2320 nec
854 2253 1001 2338 decebat,
1026 2252 1148 2320 eisdem

46 2357 200 2428 libeuatom
211 2361 254 2430 ab
266 2363 528 2432 antecessoribus
543 2363 663 2431 nostris
680 2381 879 2447 concessam,
896 2362 979 2429 sicut
993 2361 1067 2448 ipsa
1082 2360 1146 2449 pri·

46 2464 141 2552 tiltgit
163 2471 382 2556 testabantur,
408 2470 559 2538 duximus
578 2467 848 2556 conseruandam,
878 2468 1091 2536 consedentes
1117 2475 1150 2536 et

45 2573 162 2646 inantea
175 2601 235 2668 per
251 2587 402 2648 sanctam
419 2600 547 2648 crucem
563 2585 596 2648 ct
611 2585 820 2647 sacrosancta
830 2577 1014 2664 Euangelia
1029 2577 1147 2663 omnia,

46 2703 110 2768 puae
129 2687 375 2774 subsequuntur,
403 2688 590 2773 diligentius
607 2689 793 2755 observare.
820 2684 981 2753 Videlicet
996 2686 1085 2770 quod
1099 2686 1148 2753 fir-

48 2812 113 2861 mm
126 2813 248 2883 pacem,
265 2802 387 2864 statum
403 2795 628 2863 etlibertatem
643 2795 787 2882 ipsorum
797 2793 960 2880 integram
976 2813 1146 2862 conserua·

48 2898 139 2988 bimus,
153 2905 355 2973 etfaciemus
364 2905 407 2972 ab
416 2903 491 2989 alijs
501 2903 707 2988 conseruari;
724 2903 924 2989 Episcopum
935 2909 967 2968 et
976 2901 1145 2987 Comitem,

49 3027 122 3091 quem
135 3011 245 3082 (llerus
264 3019 296 3080 et
310 3011 452 3098 populus
467 3011 508 3078 de
524 3010 685 3078 communi
701 3028 862 3077 consensu
877 3008 1057 3096 ellegerint,
1083 3016 1147 3078 stur

51 3114 169 3188 dabimus
180 3123 382 3190 confirmare.
398 3121 442 3188 lit
450 3121 524 3204 lege
534 3119 625 3208 ipsos
636 3119 815 3204 antiquitus
830 3118 1005 3187 constituta
1014 3137 1086 3185 cum
1095 3117 1150 3184 Ju-

51 3222 104 3293 liae
114 3227 255 3315 ipsorum
278 3229 328 3296 uti
342 3229 576 3316 permittemus,
601 3249 712 3298 eorum
729 3229 762 3296 in
778 3230 867 3296 nollo
884 3224 1149 3296 consuetudinem

51 3333 249 3422 infringentes.
277 3337 428 3406 ceterum
447 3339 615 3424 rollumus,
640 3339 728 3423 quod
744 3337 919 3406 secundum
936 3333 1150 3426 approbatam

50 3439 166 3527 ipsorum
188 3445 458 3518 consuetudinem
482 3447 523 3514 de
547 3446 688 3534 tributis,
714 3467 778 3532 que
794 3446 834 3513 de
850 3446 1080 3515 mercatoribus
1096 3462 1150 3513 cx-

51 3553 150 3622 traneis
162 3555 195 3622 in
210 3555 369 3644 portubus
385 3563 418 3623 et
433 3555 536 3641 portis
552 3554 703 3622 Ciuitatis
719 3555 923 3642 proueniunt,
940 3555 1025 3621 duae
1040 3561 1150 3642 partes

50 3659 124 3728 nobis
144 3663 356 3752 recipiantur,
382 3663 479 3730 tertia
503 3683 581 3730 vero
606 3683 684 3750 pars
710 3661 839 3748 Oomiti,
869 3671 902 3730 et
923 3662 1050 3730 decima
1073 3683 1151 3751 pars

51 3763 186 3856 Episcopo
199 3769 353 3840 Ciuitatis
368 3771 494 3856 absque
504 3769 719 3839 diminutione
729 3771 875 3857 qualibet
893 3770 1074 3856 colligatur,
1092 3770 1152 3838 sed

53 3871 121 3942 ciues
133 3877 233 3966 ipsius
251 3879 402 3948 Ciuitatis
417 3883 459 3948 ab
475 3879 567 3946 amni
579 3879 756 3946 exaccione
780 3878 893 3946 tributi
909 3878 1003 3945 liberi
1018 3877 1084 3946 sint
1097 3897 1151 3964 pe·

52 3978 118 4050 litua
131 3992 160 4052 st
172 3985 328 4073 exempti.
344 3985 393 4054 Ad
409 3985 471 4054 boc
487 4007 559 4054 cum
570 3988 602 4054 iu
613 3985 813 4075 praedictam
833 3984 1007 4052 Ciuitatem
1023 4003 1082 4071 pro
1098 4003 1152 4051 ne·

54 4090 129 4175 gauja
138 4095 239 4182 Regni
253 4093 435 4161 tractandis
451 4094 503 4161 vol
519 4113 598 4161 casu
608 4094 755 4178 quolibet
768 4093 1012 4176 accesserimus,
1029 4089 1152 4157 nemini

54 4194 145 4266 curn
154 4201 203 4271 vis
219 4201 390 4270 domorum
400 4221 531 4270 suarum
540 4221 598 4290 per
614 4201 800 4288 quempiam
816 4219 858 4268 ex
873 4199 1043 4269 nobiscum
1056 4195 1152 4264 adse·

54 4303 187 4379 niutbnn
202 4310 375 4395 inseratur,
400 4311 459 4378 aed
484 4311 528 4396 by
547 4316 673 4378 tantum
688 4311 833 4398 ipsorum
849 4308 963 4376 domos
979 4305 1151 4390 introeant,

56 4431 117 4496 quos
128 4437 231 4488 eorum
241 4418 376 4488 dilectio
385 4417 514 4486 duxerit
522 4419 751 4488 admittendos.
769 4417 875 4488 Nobis
884 4415 984 4484 etiam
996 4421 1052 4484 aut
1060 4414 1153 4482 Bano

54 4539 99 4606 pro
110 4533 244 4616 tempore
271 4527 445 4596 constituto
468 4525 549 4594 nibil
575 4527 618 4595 ab
641 4528 723 4615 lpsis
742 4528 869 4596 ciuibus
887 4524 1018 4594 nominc
1042 4521 1152 4590 tributi
