3210 5194
386 1013 420 1078 ,l
436 1015 606 1100 omapremr'
621 1011 842 1099 lodptaloonolr
859 1012 1121 1100 bizoayoo'plcocle
1136 1037 1175 1077 oa
1188 1011 1291 1100 Ajleui
1306 1010 1526 1076 eaulddbeliek

642 1121 712 1184 kb'zt
728 1121 841 1184 tdrteat
857 1119 1144 1204 birtokosztdlprdl.
1168 1121 1264 1185 1239.

499 1277 685 1363 Capitulum
696 1278 949 1364 Vesprimiensis
965 1280 1114 1345 Ecclesie
1124 1281 1284 1364 omnibus,
1301 1280 1345 1346 ad
1357 1297 1528 1364 quospre-

387 1405 468 1455 sene
483 1386 640 1472 scriptum
650 1386 846 1470 peruenerit,
862 1388 1004 1452 salutem
1020 1387 1053 1452 iu
1063 1386 1214 1454 Domino.
1231 1385 1283 1452 Ad
1294 1385 1526 1452 uniuersorum

387 1493 545 1560 noticiam
561 1495 710 1560 uolumus
720 1495 905 1579 peruenire,
922 1493 1009 1578 quod
1019 1515 1060 1562 ex
1076 1514 1143 1561 una
1158 1502 1252 1580 parte
1263 1492 1416 1561 Chelleus
1431 1493 1526 1558 filius

388 1600 550 1686 Stephani
566 1601 608 1666 de
621 1600 730 1684 Myka,
748 1607 781 1667 et
795 1602 917 1668 exalia
932 1603 1064 1684 cognati
1079 1601 1226 1668 eiusdem
1236 1600 1278 1667 de
1295 1599 1411 1668 eadem
1427 1599 1526 1682 uilla,

388 1707 519 1774 scilicet
534 1708 725 1776 Dominicus
742 1715 774 1774 ct
789 1709 905 1775 Petrus
922 1709 981 1774 filii
996 1710 1118 1792 Sudan,
1143 1711 1258 1774 Petrus
1273 1707 1359 1774 tilius
1376 1705 1526 1790 Orustol,

391 1818 518 1883 Dcmsa
543 1835 614 1882 cum
631 1817 699 1883 suis
723 1817 891 1900 iratribus,
918 1824 951 1884 et
966 1817 1100 1900 Mathey
1115 1817 1200 1884 lilius
1226 1816 1304 1883 Eleo
1331 1814 1528 1881 cumfratre

392 1943 462 2008 suo,
478 1924 653 1989 Marcellus
670 1932 703 1988 et
717 1924 857 1990 Michoel
871 1923 928 1990 filii
946 1927 1059 2006 Poma,
1074 1925 1189 1990 Petrus
1206 1924 1292 1990 lilius
1309 1924 1397 2004 llari,
1414 1928 1448 1988 et
1464 1921 1528 1988 alii

389 2050 490 2116 quam
507 2030 618 2116 plures
636 2031 670 2098 in
686 2036 798 2098 nostra
814 2033 980 2099 constituti
996 2033 1178 2117 presencia,
1196 2040 1417 2112 asseruerunt,
1434 2027 1529 2114 quod

390 2143 522 2220 terram,
542 2155 640 2220 quam
655 2137 838 2203 habuerunt
853 2157 1054 2205 communem
1073 2158 1147 2205 cum
1162 2139 1249 2205 dicto
1267 2137 1429 2219 Chelleus,
1457 2153 1527 2200 oer-

392 2247 437 2313 tis
452 2245 548 2312 metis
565 2244 765 2330 diuisissent,
792 2266 850 2331 pro
866 2265 933 2330 qua
957 2246 1000 2313 lis
1016 2253 1133 2313 exorta
1147 2245 1264 2329 fuerat,
1287 2242 1398 2312 dando
1414 2242 1527 2310 eidem

391 2372 486 2420 enam
510 2353 699 2437 porcionem
715 2353 808 2418 iuxta
834 2354 937 2420 iustae
954 2360 1072 2438 metas,
1097 2352 1259 2439 pristaldo
1285 2351 1369 2418 Yule
1385 2351 1527 2418 Comitis

390 2459 523 2528 nominc
548 2462 644 2528 Petro
669 2468 821 2546 presente
849 2462 892 2527 de
917 2462 997 2527 oilla
1023 2465 1143 2543 Purun,
1162 2468 1196 2527 et
1221 2459 1386 2526 mediante
1410 2465 1527 2527 nosoc

391 2567 533 2634 bomine.
561 2569 646 2634 Mete
662 2586 739 2635 uero
756 2567 901 2652 predicte
918 2576 1003 2636 terre
1018 2576 1092 2636 sunt
1108 2568 1171 2635 iste
1187 2590 1195 2630 :
1214 2567 1325 2634 Prima
1341 2573 1431 2634 meta
1446 2566 1527 2634 inci·

393 2673 443 2758 pit
457 2673 550 2741 iuxta
565 2675 785 2742 molendinum
802 2675 923 2762 Sudan,
947 2683 980 2744 et
994 2677 1101 2744 tendit
1115 2677 1150 2742 in
1166 2675 1258 2743 sulco
1274 2675 1422 2742 eiusdem
1437 2681 1527 2740 terre

391 2780 438 2846 ad
453 2782 551 2866 uiam,
569 2790 601 2849 et
616 2783 662 2849 ibi
677 2785 826 2851 suntdue
842 2791 946 2868 mete;
964 2783 1040 2850 iude
1056 2783 1160 2851 tendit
1175 2802 1288 2850 uersus
1305 2782 1464 2850 orientem
1481 2779 1529 2846 ad

393 2889 544 2976 riuolum,
561 2895 594 2957 et
609 2889 734 2956 riuulus
744 2889 848 2956 tendit
863 2890 947 2958 inter
957 2891 1039 2958 duas
1058 2898 1162 2958 metas
1179 2910 1294 2958 uersus
1304 2888 1524 2970 occidentem

390 3003 427 3063 ct
442 2997 519 3064 inde
533 2997 648 3084 incipit
664 3006 697 3065 et
713 2995 805 3065 uadit
824 3018 927 3084 osque
943 2998 1101 3082 angulum
1119 2998 1210 3066 curie
1225 2997 1311 3065 dicte
1326 2994 1413 3081 (lgy)
1429 2995 1529 3062 Obel-

390 3104 483 3189 leus;
509 3111 543 3172 et
557 3104 675 3174 iterum
702 3125 814 3173 uersus
840 3106 997 3173 orientem
1013 3105 1107 3186 uadit
1130 3104 1175 3172 ad
1194 3105 1336 3190 Bochon,
1362 3109 1395 3170 et
1409 3103 1457 3170 ibi
1473 3110 1528 3170 est

395 3217 493 3297 meta,
519 3219 552 3279 et
568 3213 690 3280 ibidem
706 3214 909 3281 terminatur.
934 3213 1013 3280 Alia
1030 3233 1108 3282 uero
1124 3233 1202 3300 pars
1227 3211 1342 3297 incipit
1356 3230 1378 3276 a
1403 3209 1528 3278 molen·

391 3319 470 3387 dinc
488 3321 592 3406 Baud,
610 3329 642 3388 et
653 3322 775 3389 ibidem
791 3329 949 3407 estmeta,
967 3327 1000 3388 et
1014 3320 1119 3388 tendit
1134 3339 1237 3405 usque
1254 3318 1298 3386 ad
1311 3317 1528 3396 Quocbbielue

391 3428 426 3494 in
442 3427 557 3493 eadem
573 3428 638 3511 nia,
665 3429 745 3494 etin
762 3429 849 3495 silua
863 3427 1073 3510 terminatur;
1101 3447 1142 3493 ex
1158 3433 1254 3512 parte
1268 3445 1348 3492 uero
1369 3425 1527 3491 orientali

395 3532 588 3599 terminatur
613 3534 707 3599 iuxta
721 3534 871 3619 Bochon;
898 3543 931 3601 et
946 3554 988 3601 ex
1004 3541 1098 3620 parte
1112 3533 1307 3602 occidentali
1327 3531 1527 3598 terminatur

394 3639 429 3705 io
445 3641 589 3708 Tamna.
606 3640 649 3706 Vt
663 3640 763 3726 igitur
778 3643 856 3709 talis
872 3663 931 3729 roy
951 3644 1054 3709 series
1070 3644 1169 3709 robur
1184 3641 1346 3709 firmitatis
1363 3639 1526 3727 optineat,

396 3745 525 3813 litterae
550 3754 679 3815 noemae
703 3752 922 3817 concessimus
947 3750 1050 3836 sigilli
1071 3751 1174 3818 nostri
1190 3750 1368 3817 munimine
1391 3749 1527 3815 robora·

392 3861 455 3920 tau.
481 3855 601 3920 Datum
627 3856 801 3942 vesprimii
826 3877 885 3942 per
909 3878 1023 3924 manus
1047 3858 1198 3943 Magistri
1222 3856 1383 3923 lobannis
1408 3854 1526 3922 Lecto-

394 3961 439 4028 ris
456 3963 568 4046 nosti,
592 3982 677 4030 anno
694 3964 737 4031 ab
752 3965 985 4031 lucarnacione
1001 3964 1133 4031 Domini
1149 3965 1194 4030 M⁰
1205 3962 1270 4030 00⁰
1280 3963 1391 4030 XXX⁰
1403 3963 1526 4030 vnna

393 4069 584 4136 Venerabili
599 4076 692 4156 patre
707 4077 818 4138 nostro
833 4072 1063 4139 Bartholomeo
1078 4073 1253 4158 Episcopo,
1270 4073 1427 4138 Gaumero
1447 4071 1525 4138 Pre-

394 4177 511 4264 posito,
528 4176 679 4244 Johaune
698 4179 846 4263 Cantore,
864 4179 989 4245 Mathia
1009 4177 1152 4246 Custode
1169 4179 1382 4246 existentbus.

735 4301 1173 4369 lacn

392 4445 511 4511 (Ercrleti
525 4443 698 4512 bbrhdrtydn,
711 4447 824 4513 melyrb'l
836 4464 852 4497 a
864 4447 993 4515 lsdptalon
1007 4446 1126 4514 pecsbtje
1139 4444 1364 4515 hdrtyazsinegen
1377 4447 1454 4514 fiigg.
1469 4447 1526 4498 Kb-

794 4537 864 4589 zulte
877 4537 966 4602 Thaly
978 4532 1113 4602 Ksslmdn.)
