3252 5198
92 1077 183 1140 De'ucr
207 1075 379 1140 commate
404 1074 506 1140 itelcte
530 1097 588 1161 epp
611 1075 797 1142 birtokcaerc
821 1075 1079 1160 ahtlecittserlil,
1103 1077 1213 1162 malpel

90 1182 164 1249 coto
177 1207 198 1248 a
213 1181 341 1270 kirclyt'
364 1181 459 1248 birca
477 1183 612 1270 Noprrtd
627 1185 786 1271 mepyebec
796 1185 925 1272 niliday
949 1185 1101 1251 roborasti
1118 1185 1209 1252 hirto-

278 1291 338 1357 leoe
354 1292 387 1356 es
403 1291 593 1378 ccrjcttcpy
608 1292 680 1358 coar
695 1293 892 1360 chardcltek.
914 1295 1012 1360 1238.

116 1518 119 1524 ¹
185 1487 374 1574 Dyonisius
398 1489 462 1556 Dei
488 1497 601 1574 gracia
626 1490 796 1558 Palatinus
822 1498 854 1559 et
870 1491 986 1560 (lomes
1011 1491 1053 1559 de
1073 1490 1211 1558 Zouuuk

91 1594 236 1680 omnihus,
257 1595 379 1682 quibus
405 1597 575 1683 presencia
591 1597 714 1683 scripta
729 1600 907 1685 patuerint,
934 1601 1074 1666 salutem
1096 1599 1132 1664 in
1148 1601 1213 1666 Do·

90 1701 176 1768 mino.
202 1703 324 1772 Sciant
338 1715 405 1774 tam
429 1709 606 1791 presentes,
633 1723 732 1788 quam
748 1705 880 1792 posteri,
905 1706 993 1790 quod
1017 1705 1212 1772 accedentes

90 1811 127 1876 ad
140 1833 197 1880 nos
213 1813 407 1900 Stephanus
433 1819 466 1880 et
479 1813 644 1882 Adrianus
660 1814 781 1899 elerici,
804 1813 916 1882 Evaed
932 1825 966 1881 et
981 1815 1063 1880 alter
1077 1813 1212 1900 Stepha-

89 1939 141 1985 nus
165 1926 196 1987 et
220 1922 311 1988 Paul
336 1921 376 1989 (le
402 1923 551 1990 ltuhman
576 1927 788 2010 portaueruut
814 1922 909 1991 nobis
932 1922 1059 1990 litteras
1089 1920 1211 1990 domini

90 2027 179 2112 Regis
194 2030 262 2098 hcc
272 2029 371 2096 modo
381 2027 602 2096 continentes:
619 2031 663 2097 Vt
677 2028 902 2098 concambium
912 2029 1035 2097 iactum
1047 2047 1106 2116 per
1119 2028 1141 2096 J
1143 2028 1210 2096 udi-

90 2155 137 2203 ces
152 2143 297 2204 terarum
308 2135 604 2221 Nougradieusium
619 2137 704 2204 inter
720 2161 773 2204 eos
784 2157 825 2204 ex
841 2157 907 2204 vna
917 2143 1020 2224 parte,
1034 2143 1066 2204 et
1075 2136 1211 2205 Loudau

90 2241 167 2333 (tgy)
183 2251 215 2310 et
231 2246 430 2328 Gregorium
445 2244 590 2330 bilotum,
609 2244 806 2330 jobagioues
823 2243 928 2313 (lastri
945 2244 1211 2328 Nongrariienses

88 2373 124 2417 ex
140 2353 255 2441 altera,
282 2373 383 2440 super
398 2360 484 2419 terra
509 2354 542 2420 in
557 2354 760 2439 Thusnapya
776 2371 889 2420 uorsus
914 2358 1033 2419 terram
1057 2353 1210 2421 Kalauria

88 2459 264 2547 adiacente,
294 2469 327 2528 et
343 2482 441 2548 super
455 2462 563 2530 media
588 2468 683 2550 parte
697 2469 784 2529 terre
799 2462 959 2547 Ruhman,
982 2482 1211 2532 reuocaremus

89 2577 118 2635 et
132 2571 310 2638 iudiciaria
335 2571 501 2639 sentencia
516 2591 576 2659 per
601 2572 740 2638 alteram
755 2572 1043 2640 commutacionem
1063 2570 1212 2639 emenda-

87 2685 148 2744 tam
173 2700 380 2765 equaremus.
406 2682 474 2748 Nos
490 2680 590 2765 igitur
605 2680 771 2768 Stephano
799 2680 887 2750 dicto
913 2689 946 2749 et
967 2682 1036 2750 suis
1060 2682 1209 2766 cognatis

88 2787 258 2855 nominatis
273 2787 472 2874 pristaldum
487 2786 693 2871 contulimus,
721 2794 756 2853 vt
771 2788 833 2855 iret
848 2795 880 2855 et
894 2786 1017 2855 iactam
1038 2789 1211 2874 inspiceret

89 2896 393 2981 commutacionem
422 2903 454 2962 et
469 2903 571 2963 teram
587 2895 743 2982 Stephani
769 2897 900 2964 nomine
923 2897 1115 2984 Thusnapia
1139 2917 1211 2965 suo·

88 3023 215 3089 rumque
242 3012 476 3089 cognatorum,
502 3024 565 3088 que
586 3005 621 3071 in
644 3005 718 3092 ipsa
744 3004 1000 3072 commutacione
1023 3008 1058 3070 in
1084 3010 1211 3091 partem

89 3112 229 3180 Loudani
246 3118 281 3178 et
291 3113 443 3199 Gregorij
456 3111 671 3198 johagionum
681 3120 835 3198 cesserat,
851 3111 1037 3180 restitueret
1046 3112 1210 3199 Stephano

90 3219 208 3287 Clerico
226 3229 260 3287 et
276 3221 346 3287 suis
363 3221 532 3308 cognatis,
559 3221 707 3288 similiter
722 3227 850 3308 partem
865 3227 952 3288 terre
970 3221 1129 3306 Ruhmau,
1147 3241 1210 3306 que

88 3329 119 3397 in
133 3330 184 3398 ius
199 3331 365 3419 Stephani
381 3340 414 3400 et
436 3338 648 3417 cognatorum
664 3332 734 3399 eius
750 3336 904 3416 cesserat,
929 3329 1114 3397 restitueret
1129 3331 1210 3396 Lau·

90 3440 169 3507 dano
186 3439 275 3529 (igy)
293 3449 326 3508 et
341 3439 500 3527 Gregorio
513 3467 521 3526 ;
549 3442 782 3526 subiungeutes
799 3439 904 3507 eciam
919 3439 1026 3507 eidem
1041 3437 1209 3527 pristaldo‚

89 3553 120 3612 ut
133 3547 161 3614 si
175 3569 233 3636 per
248 3547 355 3618 dictos
372 3549 565 3617 Lauriacum
582 3557 614 3616 et
631 3548 826 3633 Sregon‘um
841 3549 1078 3634 prohiberetur,
1095 3549 1210 3616 citaret

89 3675 139 3723 eos
156 3654 199 3721 ad
222 3659 371 3722 nostram
386 3656 602 3743 presenciam.
630 3655 786 3735 Quidum
802 3656 836 3722 in
858 3655 963 3744 primo
984 3655 1121 3723 termino
1144 3655 1211 3721 Sta

88 3764 209 3846 phanus
226 3783 301 3828 cum
318 3764 388 3832 suis
403 3764 562 3850 cognatis,
579 3770 612 3830 et
628 3765 778 3832 similiter
792 3763 971 3831 Laudemus
987 3771 1020 3829 et
1032 3760 1210 3848 Gregorius

88 3869 220 3940 fuissent
236 3892 347 3939 coram
364 3872 469 3959 nobis,
493 3872 599 3940 dictus
615 3872 800 3959 Stephanus
820 3873 937 3941 eteius
962 3873 1094 3957 cognati
1118 3889 1211 3938 suam

87 3980 175 4046 uobis
191 3979 305 4047 taliter
321 3986 540 4065 exposuerunt
555 3983 792 4066 querimoniam
810 4009 817 4047 ι
835 3981 922 4065 quod
937 3981 986 4047 iili
1001 3980 1022 4048 J
1024 3979 1135 4048 udices
1149 3984 1212 4045 ter-

87 4107 190 4154 rarum
208 4089 252 4155 de
266 4089 428 4174 Nougrad
448 4089 530 4178 ipsis
553 4111 638 4178 pene
653 4091 838 4159 nolentibus
854 4090 1037 4175 inequalem
1057 4087 1212 4155 iecissent

89 4193 167 4261 inter
192 4215 253 4263 eos
277 4197 576 4282 commutacionem,
602 4219 782 4286 perquam
808 4217 843 4264 se
863 4197 974 4284 inepte
998 4196 1100 4262 fuisse
1124 4197 1211 4262 lesos

88 4303 346 4387 proclamabant
371 4305 510 4372 Domum
525 4325 598 4371 cum
614 4306 710 4372 ambe
725 4311 836 4393 partes
853 4324 1007 4370 unacum
1021 4307 1131 4370 nostro
1148 4303 1211 4388 pri-

87 4410 189 4477 staldo
216 4431 327 4479 coram
342 4412 438 4479 nobis
462 4412 602 4481 fuissent
626 4413 818 4500 coustitute;
846 4412 1029 4500 Stephanus
1045 4432 1117 4478 cum
1142 4410 1209 4479 suis

87 4520 233 4601 cognatis
258 4525 378 4586 terram
395 4540 487 4587 suam
512 4522 643 4588 nomine
657 4522 862 4608 'l'husnapya
883 4518 1074 4606 repetebant
1090 4540 1111 4585 a
1126 4520 1209 4585 Lau·

87 4623 166 4695 dano
192 4633 227 4694 et
244 4625 403 4714 Gregorio
429 4629 492 4697 sibi
518 4628 682 4714 restititui,
708 4629 849 4696 mediam
877 4647 955 4695 uero
975 4633 1101 4713 partem
1125 4633 1211 4695 terre
