3162 5188
869 907 944 977 let.

376 1093 546 1158 Volcsztott
564 1091 752 1177 btrosopnalc
775 1091 919 1177 bironyos
943 1089 1173 1177 birtokoaztctlpt
1192 1093 1344 1178 tcirpyaao
1367 1088 1508 1156 intdzke-

367 1201 436 1265 de'ac
451 1224 471 1264 a
485 1199 714 1288 pcoaoaholmc'
728 1199 861 1285 cpdtsdy
876 1203 906 1262 e'a
922 1221 942 1261 a
957 1197 1176 1283 teotploriuaolc
1190 1197 1268 1264 koet.
1285 1197 1385 1263 1248.
1398 1197 1508 1262 Ιτὸηἳί.

475 1393 642 1461 Vniuersis
659 1391 780 1460 Christi
795 1392 946 1460 fidelibus
960 1401 1146 1481 presentem
1162 1394 1318 1481 paginam
1336 1394 1509 1478 inspectu·

369 1504 415 1570 ris
431 1501 589 1588 Magister
597 1502 741 1568 Michael
755 1499 843 1568 iilius
853 1501 927 1588 Apa
944 1500 1089 1585 Comitis,
1110 1500 1283 1588 Ohepanus
1300 1500 1388 1567 lilius
1397 1500 1506 1582 Petri,

367 1610 541 1679 Marcellus
568 1609 803 1692 deicerentur,
829 1608 990 1676 Henricus
1016 1610 1057 1677 de
1073 1610 1175 1695 Bana,
1191 1610 1357 1676 Dionisius
1382 1608 1426 1674 de
1450 1627 1509 1694 ge·

370 1716 561 1800 nereRnsd,
578 1714 671 1783 Oltus
691 1715 732 1782 de
742 1715 1079 1801 vigman,llarcellns
1089 1717 1261 1802 degenere
1276 1716 1371 1802 Olup,
1382 1715 1508 1782 Benka

371 1826 412 1893 de
428 1843 548 1911 genere
563 1821 648 1908 Sug,
666 1822 808 1891 Oomites
833 1843 907 1890 cum
923 1824 1073 1893 omnibus
1089 1824 1238 1909 cognatis
1253 1843 1375 1912 corum,
1401 1832 1437 1890 et
1452 1843 1507 1890 ce

368 1935 430 2002 teri
446 1952 544 2020 quam
559 1933 690 2018 plurimi
705 1933 740 1998 in
756 1932 889 2001 Diocesi
904 1931 1069 2001 lauriensi
1085 1940 1118 2000 et
1133 1933 1341 1999 Kamariensi
1359 1931 1506 1998 existen-

370 2049 421 2109 tes
448 2040 588 2107 salutem
603 2040 637 2106 in
652 2039 804 2107 Domino.
830 2041 947 2107 Vestro
966 2040 1130 2109 nobilitati
1154 2040 1385 2125 significamus,
1411 2038 1506 2124 quod

371 2169 445 2216 cum
460 2145 655 2232 quibusdam
670 2145 784 2214 diebus
801 2147 978 2232 assignatis
993 2148 1074 2214 iuris
1089 2149 1214 2234 ordine,
1231 2155 1264 2214 et
1277 2148 1372 2213 iuxta
1391 2165 1505 2212 mores

370 2255 477 2344 patrie
493 2255 680 2342 disposituri
703 2254 978 2340 processissemus
992 2256 1078 2324 inter
1093 2256 1274 2324 Ecclesiam
1289 2256 1402 2322 Sancti
1417 2255 1505 2320 Mar·

370 2365 430 2432 tini
449 2384 491 2431 ex
515 2384 591 2447 una,
618 2371 651 2430 et
665 2363 859 2448 Magistrum
875 2363 1005 2451 Templi
1031 2385 1073 2431 ex
1098 2365 1203 2431 altera
1228 2362 1378 2450 partibus
1402 2380 1506 2448 snper

372 2472 596 2540 conuouersia
610 2477 695 2538 terre
711 2471 861 2556 Zenleus,
879 2491 956 2558 pars
972 2478 1110 2556 utraque
1127 2473 1175 2540 sic
1191 2492 1228 2540 se
1237 2478 1348 2540 nostro
1360 2470 1504 2537 arbitrio

372 2579 542 2665 obligauit,
559 2585 595 2645 ut
605 2578 634 2645 si
650 2579 723 2664 quis
739 2599 851 2646 eornm
866 2588 1011 2648 nostrum
1022 2580 1193 2646 arbitrium
1206 2579 1409 2662 refutarent,
1430 2598 1507 2645 een·

370 2698 439 2757 tum
458 2707 586 2754 marcas
602 2687 838 2773 partiaduerse
855 2688 983 2755 soluere
998 2693 1171 2755 teneretur.
1189 2689 1240 2754 De
1257 2707 1322 2770 qna
1336 2693 1428 2754 terra
1443 2705 1505 2752 nos

370 2795 556 2881 hujusmodi
579 2795 716 2862 fecimus
741 2795 1018 2882 disposicionem
1052 2803 1086 2862 ut
1110 2795 1175 2882 ipsi
1199 2795 1348 2881 primitus
1378 2801 1505 2862 terram

371 2903 497 2987 Regine
513 2901 555 2968 de
571 2903 733 2970 communi
743 2921 882 2970 assensu
897 2908 1128 2986 restaurarent,
1144 2903 1192 2969 ita
1207 2901 1295 2986 qnod
1309 2899 1505 2986 ‹lequadra-

373 3011 466 3095 ginta
481 3008 645 3092 funiculis,
670 3008 756 3093 quod
772 3009 930 3094 vulgofio
946 3014 1089 3092 vocatur,
1118 3029 1177 3076 sex
1194 3008 1349 3075 darentur
1371 3007 1505 3094 populis

300 3122 301 3126 ’
372 3117 507 3202 Regino,
526 3126 558 3184 et
572 3116 689 3200 reliqui
706 3115 929 3185 diuiderentur
948 3118 990 3184 ab
1007 3116 1156 3184 Ecclesia
1171 3115 1284 3181 Sancti
1293 3113 1427 3182 Martini
1443 3133 1505 3202 per

375 3225 535 3311 medinm,
553 3234 585 3292 et
595 3223 802 3293 medietatem
810 3225 992 3312 'templarii
1008 3226 1204 3313 acciperent,
1220 3224 1395 3311 etinsnpor
1409 3243 1503 3292 sexa·

373 3335 467 3420 ginta
482 3334 607 3418 iugera,
633 3333 674 3400 de
690 3333 787 3418 syloa
804 3353 881 3403 vero
896 3353 957 3401 nec
973 3333 1139 3416 cruciferi,
1163 3353 1223 3400 nec
1246 3331 1359 3419 populi
1374 3331 1504 3416 Regino

373 3451 499 3528 partem
509 3441 654 3524 aberent,
672 3440 738 3506 nisi
750 3441 898 3507 Ecclesia
907 3441 1020 3508 Sancti
1032 3441 1174 3524 Martini,
1191 3440 1252 3508 sed
1267 3448 1419 3525 stagnum
1429 3448 1504 3506 tan·

374 3557 442 3615 tum
463 3568 637 3615 commune¹
648 3556 735 3616 esset
751 3569 824 3615 eum
835 3548 1021 3616 cruciferis.
1039 3549 1161 3615 Vineae
1177 3568 1263 3634 vero,
1290 3548 1320 3614 si
1334 3547 1391 3633 qui
1405 3545 1504 3634 primi

373 3657 606 3744 plantaucrant
629 3676 728 3743 super
741 3657 830 3724 illius
850 3664 935 3724 terre
952 3659 1184 3743 promuntorio,
1202 3657 1299 3740 ydem
1315 3657 1381 3742 ipsi
1396 3655 1502 3742 possi-

373 3765 505 3849 derent3
523 3763 583 3831 sed
593 3765 735 3853 amplius
751 3766 821 3832 sine
832 3779 969 3833 assensu
983 3766 1130 3832 Ecelesie
1140 3766 1253 3832 Sancti
1263 3765 1395 3832 Martini
1412 3763 1502 3850 plan-

372 3879 444 3940 tare
459 3892 523 3938 non
542 3873 812 3958 permitterentur.
833 3872 885 3940 Ad
905 3874 997 3941 cuius
1013 3880 1099 3940 terre
1113 3873 1305 3942 diuisionem
1321 3873 1363 3938 de
1381 3870 1503 3939 nostris

373 3981 471 4047 sociis
481 3979 638 4065 misimus,
649 3981 773 4048 seilicet
784 3981 983 4065 Marcellum,
1002 3980 1204 4068 Ohepanum,
1221 3981 1340 4066 Oltam,
1351 3979 1501 4046 Benkam

373 4090 526 4169 Comites,
550 4090 605 4176 qui
626 4089 773 4173 utrisque
787 4088 936 4174 partibus
952 4087 1037 4155 diem
1052 4089 1306 4172 assignauerunt
1320 4086 1364 4154 ad
1380 4095 1501 4153 terram

373 4194 592 4264 diuidendam.
620 4197 672 4262 Ad
689 4216 784 4281 quem
801 4193 854 4262 die
871 4196 1039 4279 assignato
1055 4195 1206 4262 Decanus
1225 4194 1373 4261 Ecclesie
1392 4192 1503 4260 Sancti

372 4306 503 4372 Martini
529 4326 601 4372 cum
617 4305 809 4390 quibusdam
829 4304 985 4371 iratribus
1009 4313 1040 4370 et
1056 4303 1287 4390 iobagionibus
1313 4302 1501 4388 comparuit

371 4414 436 4481 Vbi
464 4415 570 4483 dictus
586 4416 744 4500 Magister
769 4435 830 4482 nec
857 4413 1047 4501 comparuit,
1073 4434 1134 4481 nec
1149 4415 1221 4482 loco
1245 4413 1296 4480 sui
1311 4413 1419 4495 misit3
1445 4409 1504 4479 sed

374 4521 574 4589 solummodo
584 4541 668 4588 unus
686 4520 726 4588 de
741 4522 972 4606 iobagionibns
982 4522 1139 4607 prestetit,
1160 4521 1216 4607 qui
1232 4539 1330 4605 super
1340 4518 1502 4588 diuisione

374 4634 459 4695 terre
475 4647 496 4694 a
511 4627 606 4694 nobis
630 4627 759 4695 iusticie
775 4627 967 4714 postulabat
991 4628 1270 4715 complementum.
1297 4624 1395 4694 Cuius
1421 4625 1502 4713 peti-
