3226 5194
634 313 700 378 529

96 507 190 593 tiam,
219 527 318 592 quam
336 525 414 594 erga
440 506 582 594 ipsorum
608 507 733 574 nobiles
750 507 851 576 nostri
877 508 1148 595 praedecessores
1170 528 1229 594 per

96 622 228 702 tempus
247 615 458 702 praeteritum
483 614 676 698 habuerunt,
704 613 913 700 disponentes
940 634 1051 682 eorum
1072 614 1229 681 haeredes

98 718 274 787 ostendere
297 739 398 807 opera
424 739 483 806 per
507 719 666 802 effectum,
694 719 918 805 concedimus,
946 729 978 788 et
1003 723 1229 789 confirmamus

97 827 180 892 viris
197 825 371 894 Nobilibus
385 825 580 910 Sobinellae,
601 834 678 892 nato
695 827 860 910 qnondam
877 828 1002 916 egregii
1012 829 1079 915 „viri
1094 829 1230 897 Comitis

99 933 347 1000 Bartholomaei
364 934 498 1018 chlac,
511 953 550 998 ac
567 933 637 1018 ejus
654 934 740 1016 filiis,
753 935 859 1023 Petro,
877 934 1074 1020 Sebinellae,
1088 936 1228 1005 Bartho-

99 1041 248 1124 lomaco;
275 1045 307 1105 et
322 1039 505 1124 Proderico,
521 1039 782 1125 Bartholomaeo,
800 1039 943 1108 Guidcni
969 1043 1044 1111 filiis
1065 1043 1229 1128 quondam
1250 1131 1252 1134 Ι

98 1147 238 1214 Comitis
255 1147 414 1216 Gnidonis
431 1147 472 1214 de
489 1147 605 1232 vegla,
631 1154 664 1213 et
680 1168 790 1215 corum
806 1148 1001 1216 haeredibus
1024 1151 1178 1220 masculis
1194 1154 1229 1219 in

97 1261 303 1340 perpetuum,
328 1255 376 1320 ila
391 1252 477 1339 quod
492 1273 574 1320 unus
591 1255 686 1321 alteri
701 1255 864 1339 succedat,
883 1257 1072 1324 universum
1088 1257 1228 1326 Comita-

96 1369 169 1428 tum
187 1363 322 1449 Veglae,
347 1369 380 1428 ct
395 1364 539 1442 Insulae,
556 1369 589 1429 et
605 1362 777 1447 Pervicbii,
795 1383 867 1431 cum
885 1365 1037 1432 omnibus
1058 1366 1228 1448 reditibus,

94 1469 301 1557 juribusquc,
327 1471 519 1554 rationibus,
546 1471 821 1557 honorificentiis,
848 1471 1002 1556 collectis,
1032 1479 1064 1539 et
1092 1474 1231 1558 regaliis,

99 1577 173 1644 suis
189 1577 233 1643 ad
249 1577 398 1645 cumdem
414 1578 612 1646 Comitatum
628 1587 659 1646 et
676 1580 833 1664 Insulam,
853 1580 925 1646 sive
941 1581 1066 1646 insulas
1083 1589 1230 1667 spectan-

98 1685 211 1770 tibus,
230 1691 266 1751 ut
282 1704 322 1752 ea
338 1685 447 1752 omnia
463 1685 504 1751 de
519 1690 648 1753 caetero
659 1684 812 1769 habeant,
830 1691 973 1770 teneant,
991 1692 1023 1753 et
1038 1687 1230 1774 possideant
1244 1685 1249 1696 '

97 1791 173 1858 sine
189 1791 300 1877 aliqua
316 1793 553 1879 contrarietate,
571 1795 654 1860 sieut
670 1794 733 1880 ipsi
750 1791 901 1878 Comites,
918 1801 949 1861 et
970 1815 1079 1861 eorum
1094 1796 1230 1882 praede-

100 1917 251 1968 cessores
266 1920 326 1988 per
342 1909 472 1990 tempus
488 1902 698 1989 praeteritum
713 1900 896 1968 habuerunt
916 1906 949 1968 el
964 1908 1146 1989 tenuerunt,
1172 1904 1228 1970 ha-

99 2005 219 2094 bendo,
248 2011 333 2076 sicut
349 2009 546 2090 dictumest,
575 2009 681 2076 dictus
698 2008 848 2075 domiuus
865 2008 1030 2076 Schinella
1046 2007 1172 2095 (lomes,
1197 2019 1230 2078 et

99 2115 171 2202 tilii,
188 2124 220 2182 et
238 2136 349 2184 eorum
365 2116 525 2186 haeredes
541 2117 748 2184 medietatem
764 2117 863 2184 totius
880 2114 959 2182 dicti
976 2115 1174 2204 Comitatus3
1198 2123 1230 2183 et

99 2221 263 2308 praedicti
288 2225 484 2311 Fridericus,
512 2232 544 2292 et
559 2226 840 2309 Bartholomaeus,
868 2233 900 2291 et
916 2223 1034 2310 Gnido,
1061 2247 1101 2292 ao
1118 2245 1230 2294 eorum

103 2330 265 2398 haeredes
291 2332 391 2399 aliam
408 2333 624 2400 medietatem.
649 2335 827 2418 Propterea
851 2352 962 2400 omnes
986 2331 1107 2400 dictum
1124 2336 1230 2404 Comi-

100 2441 206 2504 tatum
232 2457 345 2524 regere
361 2446 393 2505 et
409 2439 592 2524 gnbernare
617 2438 759 2506 debeant
774 2439 951 2506 secundum
966 2439 1071 2508 bonas
1096 2448 1129 2509 et
1148 2441 1230 2508 anti·

102 2563 187 2627 quas
213 2546 465 2614 consuetudines
490 2545 593 2633 ipsius
610 2546 811 2632 Comitatus;
838 2568 877 2613 ac
901 2546 1096 2615 Comitatum
1121 2570 1229 2617 manu-

100 2657 215 2718 tenere
231 2659 264 2720 et
279 2652 450 2721 defensare
470 2653 636 2722 bonafide
653 2653 697 2721 ad
714 2661 870 2739 nostrum,
898 2656 1066 2740 nostrique
1083 2656 1228 2726 Commu-

100 2760 155 2826 nis
179 2761 297 2827 Veneti
322 2760 495 2847 honorem,
528 2769 666 2850 excepta
690 2782 832 2850 persona
861 2771 1035 2848 coronata,
1067 2771 1101 2830 ct
1124 2763 1228 2852 ipsius

101 2866 249 2935 exercitu
260 2869 443 2938 manifesto.
455 2871 594 2937 Nuntios
605 2877 713 2936 autem
723 2877 852 2937 nostros
862 2879 895 2936 et
904 2869 1094 2937 Communis
1107 2873 1229 2958 Veneti,

99 2994 141 3040 ac
167 2977 282 3060 galeas
308 2985 340 3045 et
359 2979 451 3064 ligna
475 2981 648 3061 currentia,
675 2997 758 3062 quae
783 2977 859 3044 illuc
878 2998 943 3063 per
967 2982 1114 3065 tempora
1138 2980 1230 3046 adire

100 3082 286 3170 contigerit,
303 3083 442 3152 debeant
466 3088 613 3172 recipere
628 3085 819 3168 honorifice,
845 3093 877 3152 et
901 3091 1041 3154 tractare
1066 3086 1227 3174 benigne3

99 3191 252 3260 inimicos
283 3199 391 3260 antem
417 3194 532 3260 Veneti
557 3193 744 3261 Communis
771 3201 806 3260 ut
830 3193 980 3261 inimicos
1012 3195 1227 3284 reputabunt;

98 3301 226 3369 amicos
242 3321 319 3368 uero
331 3321 389 3389 pro
407 3302 521 3369 amicis
537 3302 712 3370 habebunt
727 3303 768 3370 Et
783 3321 848 3370 nou
864 3300 986 3368 facient
999 3305 1228 3390 compagniam

101 3430 176 3478 cum
201 3411 266 3477 ullo
286 3410 440 3494 corsario,
466 3412 518 3477 vel
533 3410 721 3478 societatem
746 3430 818 3477 cum
835 3409 1000 3494 aliquibus
1026 3432 1066 3478 en
1083 3413 1130 3479 cis
1156 3434 1229 3483 con·

101 3517 244 3604 trahent,
270 3519 325 3602 qui
342 3516 585 3585 derobationem
601 3518 838 3606 piraticamque
857 3527 1055 3607 exercentes,
1081 3522 1228 3593 homines

100 3622 282 3711 offendunt,
307 3625 362 3693 vel
385 3623 550 3693 offendere
573 3627 763 3715 niterentur,
789 3626 860 3694 sive
885 3628 969 3696 alios
993 3629 1228 3720 undecumque,

99 3733 172 3799 siue
188 3732 345 3804 Yenetias
361 3733 539 3821 venientes,
565 3733 655 3801 etde
673 3733 819 3802 Venetiis
835 3735 1015 3805 redeuntes.
1043 3739 1084 3804 Et
1099 3748 1148 3808 est
1169 3743 1229 3810 sci·

101 3838 231 3925 endum,
248 3840 335 3924 quod
349 3861 409 3926 per
425 3840 546 3909 dictam
563 3843 806 3912 concessionem
825 3844 927 3930 ipsius
945 3842 1126 3914 Cornitatus
1144 3849 1225 3915 solvi

100 3951 135 4014 et
150 3946 223 4015 dari
244 3947 385 4014 debeant
401 3949 570 4016 Communi
587 3949 784 4020 Venetorum
799 3951 904 4018 librae
925 3958 1109 4038 nongentae
1127 3953 1228 4022 Vene-

100 4061 155 4121 tae
172 4073 306 4140 parsac,
332 4053 374 4121 de
391 4057 508 4140 quibus
533 4058 628 4126 libris
645 4062 711 4128 900
727 4059 934 4126 medietatem
955 4058 1081 4127 solvere
1100 4066 1132 4126 et
1149 4062 1229 4130 dare

100 4161 244 4229 debeant
269 4160 420 4231 dominus
437 4165 553 4232 Comes
567 4166 735 4232 Schinella
760 4171 792 4230 et
807 4166 867 4232 filii
881 4167 952 4232 eius
969 4187 1008 4233 ac
1024 4187 1133 4237 eorum
1151 4169 1227 4236 hae·

98 4267 205 4355 redes,
223 4272 341 4356 quibus
359 4292 516 4341 concessa
532 4282 583 4341 cst
598 4272 756 4342 medietas
773 4272 851 4340 dicti
862 4272 1060 4361 Comitatus,
1079 4283 1111 4342 ct
1127 4278 1227 4346 aliam

99 4377 309 4446 medietatem
327 4381 455 4448 soluere
481 4388 514 4448 et
531 4381 609 4449 dare
627 4381 768 4449 debeant
785 4379 922 4469 predicti
938 4380 1134 4470 Fridericus,
1151 4387 1227 4453 Bar-

100 4486 305 4556 tholomaeus
316 4495 349 4555 et
364 4487 482 4574 Gnido,
502 4498 534 4556 ct
550 4509 660 4556 eorum
670 4489 837 4575 haeredes,
855 4489 971 4572 quibus
988 4490 1058 4557 alia
1068 4492 1227 4562 medietas

101 4595 284 4666 Comitatus
302 4618 457 4682 concessa
472 4606 532 4666 est.
560 4600 610 4665 De
627 4597 744 4683 quibus
761 4598 881 4665 habere
907 4598 1062 4668 debemus
1078 4622 1136 4668 nos
1151 4603 1227 4671 Dux

144 4734 248 4772 nouum.
264 4735 347 4773 nuuc.
363 4736 432 4772 nisu.
453 4744 490 4755 -
510 4735 580 4771 nuru.
600 4729 632 4766 12·
1024 4719 1066 4775 el
