3186 5188
559 275 716 386 „prp-

78 483 131 552 lec
153 492 270 554 nostra
295 484 433 554 donacio
458 489 616 573 perpetue
641 481 804 550 firmitatis
829 481 928 549 robur
952 482 1117 568 obtineat5
1140 499 1201 548 neo

9 615 11 672 r
75 594 169 681 possit
184 594 219 660 in
235 601 407 682 posterum
431 616 490 683 per
504 593 633 680 aliquos
649 593 684 660 in
699 591 827 661 irritum
842 589 1002 679 reuocari,
1028 598 1199 679 presentes

9 693 10 698 ’
74 703 190 770 litteras
207 700 317 769 eidem
332 702 371 770 B.
388 701 608 771 concessimus
625 698 765 788 duplicis
782 699 886 786 sigilli
900 698 1003 768 nostri
1019 697 1198 767 munimine

9 827 10 830 ’
75 809 311 897 perhempuiter
324 811 507 879 roboratas.
524 810 646 877 Datum
657 829 741 878 anno
752 807 885 876 Domini
897 809 943 875 Μο
952 806 1017 874 00⁰
1028 807 1101 874 XL⁰
1110 806 1198 876 11110.

76 915 189 985 decimo
205 915 375 986 kalendas
391 916 493 1004 Juuij,
509 915 616 1004 Regni
632 921 742 985 autem
756 913 860 984 nostri
875 935 962 983 auno
978 935 1073 982 nono.

75 1115 203 1182 (Erodetio
215 1113 399 1185 btlrbdrtyim
412 1133 429 1170 a
441 1113 616 1184 utros-sirpe
628 1115 853 1183 selyemusinorou
872 1114 957 1182 lllggd
970 1111 1117 1182 possetnolr
1129 1118 1198 1165 turs·

266 1205 339 1260 deke
351 1223 478 1275 megum,
492 1206 602 1259 abudsi
614 1205 666 1257 lrir.
677 1206 801 1258 kemarsi
813 1202 1003 1271 lovsltlrbsn.)

509 1496 763 1507 ——.-—-—

9 1987 11 2040 γ

77 2114 147 2190 Belo
169 2125 303 2210 berczep
328 2127 357 2187 e'o
372 2123 549 2190 sclavonici
573 2121 805 2191 capocrate
829 2126 1057 2214 aemzetsdpbela'
1076 2126 1204 2192 Adrion

9 2279 10 2336 3
135 2233 281 2314 birlolrit,
297 2231 406 2318 melyet
420 2255 453 2296 ez
464 2231 640 2298 rolonoitdl
655 2244 723 2315 coti,
739 2233 1019 2319 mephatciroltutp'a.
1036 2233 1134 2298 1244.

9 2357 11 2500 ι
175 2425 290 2518 B(ela)
301 2427 365 2494 Dei
381 2428 495 2512 gracia
504 2430 580 2494 Dux
596 2433 628 2494 et
643 2425 754 2496 Banna
770 2427 874 2496 tocius
885 2428 1061 2498 Solanonie
1077 2431 1204 2497 uniuer·

79 2537 198 2605 sistam
215 2535 386 2606 modernis
412 2558 509 2622 quam
526 2537 643 2604 suturis
662 2544 833 2624 presentes
857 2537 985 2605 litteras
1010 2537 1204 2627 inspecturis

79 2647 208 2713 salutem
224 2644 261 2712 iu
278 2644 428 2713 Domino.
456 2641 563 2722 Quum
580 2643 719 2712 labiles
736 2645 901 2713 bominum
927 2646 1085 2716 memoria
1110 2655 1143 2715 et
1158 2666 1205 2714 re·

79 2775 141 2820 rum
164 2754 261 2822 turbe
288 2754 420 2840 penitus
444 2752 663 2838 insufficiens3
693 2753 815 2822 ideirco
841 2775 892 2841 ea,
917 2775 980 2841 que
1005 2762 1145 2842 Quotus
1170 2756 1204 2823 in

9 2941 10 2954 χ
79 2869 227 2954 tempore,
254 2884 298 2931 ne
324 2862 479 2929 labantur
503 2883 577 2930 cum
602 2868 759 2950 tempore,
785 2863 903 2932 litteris
928 2867 1080 2934 annotari
1106 2870 1139 2931 et
1157 2863 1205 2930 sic

9 2967 10 2978 ’
81 2991 174 3056 nsque
191 2969 237 3038 ad
253 2977 405 3058 posteros
420 2969 517 3037 illesa
536 2971 644 3039 solent
660 2973 834 3039 asseruari.
859 2973 944 3039 Hinc
959 2979 1018 3057 est,
1036 2973 1125 3058 quod
1139 2973 1206 3038 vni-

81 3097 242 3146 uersorum
261 3086 328 3145 tam
345 3079 548 3165 presencium
565 3099 663 3164 quam
678 3079 859 3147 futurorum
874 3086 985 3148 tenore
999 3081 1205 3166 presencium

82 3207 171 3270 quam
185 3188 373 3256 futurorum
390 3194 503 3254 tenore
518 3187 724 3275 presencium
733 3189 804 3256 fieri
820 3190 969 3256 volumus
985 3187 1204 3272 manifestum,

9 3359 10 3362 ,
82 3297 162 3380 quod
179 3317 257 3364 cum
273 3293 438 3362 Adrianus
462 3302 584 3362 terram
602 3296 764 3380 quandam
780 3296 822 3364 dc
838 3297 905 3364 suis
922 3296 1069 3381 cognatis
1095 3295 1137 3362 de
1153 3316 1208 3380 gc·

9 3397 10 3400 ’
81 3404 249 3473 ueraoione
262 3404 392 3489 Grobie,
406 3402 738 3491 videlicetDragvila,
756 3405 892 3492 Bracba,
909 3406 1036 3492 Zulupn
1052 3412 1085 3473 et
1098 3405 1204 3490 Miles,

85 3512 261 3600 empcionis
271 3510 366 3581 titulo
378 3518 610 3599 comparasset,
627 3514 718 3602 ipsos
728 3513 795 3580 iam
812 3514 917 3583 dictos
926 3513 1109 3583 venditores
1120 3522 1206 3582 terre

85 3621 223 3706 predicte
241 3640 353 3688 coram
368 3619 464 3689 nobis
480 3620 603 3707 statuit,
620 3620 676 3705 qui
692 3642 785 3688 suam
795 3623 1019 3692 vendicionem
1032 3623 1111 3690 uiua
1125 3643 1207 3692 uoce

85 3764 479 3777 -------
495 3726 614 3816 prefati
626 3729 761 3796 Adriani
772 3729 892 3797 laetam
902 3730 1003 3798 fuisse
1018 3732 1206 3799 retulerunt.

9 3913 10 3924 ἵ
83 3836 179 3920 Igitur
192 3835 284 3902 idern
299 3831 462 3903 Adrianus
488 3833 624 3903 instanti
639 3835 755 3904 humili
770 3856 902 3924 precum
918 3836 1081 3906 instancia
1099 3845 1207 3925 postu·

9 3935 10 3956 i
88 3943 161 4010 lauit
177 3966 198 4011 a
213 3943 322 4029 uobis,
340 3951 374 4010 vt
389 3941 551 4011 bominem
568 3951 712 4011 nostrum
730 3944 774 4010 ad
788 3943 895 4030 ipsam
911 3951 1030 4013 terram
1053 3944 1208 4032 conspici-

85 4051 193 4117 endam
209 4073 253 4119 ac
279 4051 405 4120 cunctis
421 4053 516 4119 metis
533 4059 565 4121 ct
583 4052 731 4122 terminis
756 4052 1022 4142 distinguendam
1046 4055 1207 4122 transmit-

86 4163 228 4228 teremus.
246 4159 317 4226 Nos
327 4179 404 4226 vero
421 4159 638 4247 pet'cionibus
654 4161 757 4248 ipsius
773 4162 1033 4252 obtemperantes
1045 4163 1207 4230 hominem

87 4269 222 4332 nostrum
240 4265 390 4334 misimus
414 4288 486 4335 oum
502 4266 575 4356 ipso
591 4266 635 4336 ad
650 4269 853 4356 sepedictam
869 4279 991 4338 terram
1007 4269 1208 4358 conspicien-

9 4359 10 4382 ¹
89 4367 155 4438 dam
171 4384 203 4443 et
219 4373 316 4443 metis
332 4376 562 4461 separandam.
579 4376 643 4458 Qui
660 4398 733 4445 cum
744 4379 973 4447 commetaneis
989 4399 1086 4466 super
1101 4379 1207 4467 ipsam

9 4485 10 4528 3
90 4485 199 4548 terram
228 4483 408 4551 secundum
435 4483 700 4554 consuetudinem
725 4487 864 4555 transire
890 4487 1093 4574 constitutus,
1119 4488 1208 4555 nullo

9 4673 10 4680 ἵ
90 4590 325 4659 contradicente
338 4611 394 4658 seu
404 4589 607 4679 prohibente,
626 4592 768 4680 undique
780 4603 883 4664 metas
894 4597 1066 4684 elenasset,
1077 4596 1209 4666 rediens
