3226 5194
868 341 937 412 550

338 552 409 602 mos
424 535 505 604 fines
520 535 657 604 Bmsoie
672 537 928 628 devenissemus,
952 542 999 608 rei
1015 543 1199 628 subscripto
1217 547 1393 613 veritatem
1419 545 1468 613 di-

337 642 486 710 dicimus.
503 644 555 730 Oy
571 665 623 712 res
640 646 826 714 miseranda
841 655 873 715 et
887 652 1040 718 omnibus
1058 651 1238 739 stupenda!
1266 653 1395 739 Ungari
1412 674 1470 740 pa·

339 752 429 838 gani,
446 758 479 819 ct
495 752 641 837 Bulgari,
657 762 691 822 et
704 757 818 840 Regna
833 758 976 844 plurima
990 781 1012 826 a
1027 761 1177 826 Tartaris
1193 768 1269 828 sunt
1288 763 1468 830 destructa.

340 857 434 936 Quod
451 867 562 927 autam
577 863 645 927 sint
652 861 792 949 Tartari,
810 865 944 934 cuiusve
957 873 1055 949 secte,
1073 869 1158 934 sicut
1172 869 1302 955 patiatis
1312 868 1468 954 discrete,

340 967 433 1034 vobis
449 973 562 1036 tenore
576 972 782 1056 presencium
799 976 968 1043 enarrabo.
994 977 1146 1044 Relatum
1161 983 1211 1044 est
1227 979 1315 1044 enirn
1331 999 1352 1043 a
1368 977 1469 1064 pluri-

340 1075 411 1159 bus,
428 1075 516 1160 quod
531 1077 671 1160 Tartari,
697 1079 752 1162 qui
768 1081 858 1166 prius
874 1081 1106 1151 inhabitabant
1130 1091 1263 1171 terram,
1288 1104 1390 1169 quam
1407 1085 1470 1152 (lu-

340 1183 429 1249 mani
445 1203 530 1250 nunc
545 1185 740 1270 inhabitant,
758 1184 909 1256 dicuntur
924 1191 958 1256 iu
974 1191 1113 1257 varitate
1128 1191 1188 1258 tilii
1203 1193 1371 1277 Ysmahel,
1390 1193 1470 1259 iude

340 1291 545 1358 Ysmahelite
568 1293 682 1360 volunt
696 1313 781 1361 nnuc
796 1297 925 1363 Tartari
951 1297 1122 1383 appellari.
1150 1300 1254 1364 Terra
1278 1305 1402 1383 autem,
1428 1301 1470 1367 de

341 1419 407 1484 qua
420 1398 512 1486 prins
527 1407 604 1466 sunt
618 1403 753 1486 egressi,
771 1403 891 1471 eorum
905 1409 1051 1488 vocatur,
1068 1423 1167 1488 quam
1185 1406 1300 1472 Ruben
1309 1404 1469 1474 Gotbiani
1605 1390 1609 1421 ²

342 1509 482 1577 vocavit.
508 1509 653 1576 Primum
668 1521 776 1580 autem
802 1513 920 1581 bellum
934 1515 1143 1582 Tartarorum
1166 1516 1275 1583 taliter
1290 1522 1342 1582 est
1355 1516 1467 1584 incho-

340 1625 451 1685 atum:
468 1619 668 1685 Duxeratin
684 1625 771 1687 terra
782 1621 904 1689 Gothia
914 1622 1084 1707 Gurgutba
1097 1623 1237 1706 nomine,
1254 1623 1310 1706 qni
1320 1641 1470 1691 sororem

341 1727 486 1795 babebat
501 1728 671 1813 virginem,
698 1730 887 1814 parentibus
902 1731 1062 1798 defunctis
1086 1749 1144 1796 sue
1160 1729 1284 1798 familie
1299 1730 1468 1816 presiden-

342 1843 419 1920 tem,
436 1842 470 1903 et
484 1837 605 1903 honore
621 1835 710 1902 virili
724 1856 761 1904 se
770 1847 949 1923 gerentem,
965 1844 1002 1904 ut
1016 1839 1144 1906 dicitur.
1158 1837 1370 1924 Expugnavit
1380 1839 1469 1905 enim

342 1947 466 2013 Ducem
482 1943 644 2029 quendam
654 1943 719 2013 sibi
734 1945 887 2032 vicinum,
904 1952 936 2014 ot
952 1946 1206 2016 eumdembouis
1220 1946 1289 2014 suis
1300 1945 1469 2034 spoliavit.

342 2053 475 2141 illapsis
499 2057 607 2120 autem
633 2053 828 2139 quibusdam
852 2054 1069 2140 temporibus,
1095 2073 1168 2122 curn
1189 2055 1305 2121 iterum
1328 2052 1469 2120 eundem

342 2163 466 2229 Ducem
482 2161 661 2248 predictum
675 2163 886 2231 ‘tartarorum
911 2165 1000 2232 natio
1016 2182 1215 2248 expugnare,
1230 2161 1315 2238 sient
1332 2180 1471 2228 eonsue-

343 2273 445 2352 verat,
460 2268 635 2352 niteretnr;
653 2269 708 2335 ille
724 2270 786 2337 sibi
802 2290 991 2356 precavens,
1009 2269 1181 2338 commisso
1197 2268 1285 2335 bello
1306 2289 1379 2333 cnm
1396 2287 1468 2351 pre-

343 2377 431 2444 dicta
455 2374 567 2460 puella
591 2377 756 2443 convaluit
775 2378 809 2443 in
824 2377 1010 2462 pugnaudo,
1037 2383 1070 2444 et
1085 2397 1167 2461 eam,
1184 2395 1282 2460 quam
1301 2375 1394 2461 prius
1410 2374 1469 2440 ba-

344 2483 414 2549 buit
428 2480 665 2568 adversariam,
683 2485 872 2569 captivavit,
890 2505 1111 2570 conversoque
1126 2485 1159 2550 in
1169 2484 1280 2567 lugam
1296 2504 1356 2550 suo
1372 2502 1470 2549 exer-

344 2593 421 2674 citu,
437 2589 544 2674 ipsam
554 2589 587 2656 in
603 2589 794 2677 captivitate
810 2591 950 2676 positam
962 2592 1108 2676 violavit,
1129 2597 1161 2657 et
1176 2591 1209 2656 in
1226 2591 1355 2675 signum
1366 2591 1470 2674 majo·

343 2697 388 2765 ris
404 2697 548 2764 vindicte
573 2697 764 2764 defloratam
781 2697 919 2785 turpiter
936 2698 1119 2766 decollavit.
1145 2696 1217 2775 Quo
1231 2695 1344 2762 audito
1367 2697 1471 2762 irater

343 2805 451 2894 puelle
467 2811 644 2871 memorate
654 2803 826 2890 Gurgutha
842 2824 940 2891 supra
957 2803 1063 2873 dictus
1075 2806 1160 2890 Dux,
1174 2805 1286 2871 nuntio
1302 2804 1345 2870 ad
1362 2805 1472 2870 virum

345 2915 508 3002 prelatum
518 2912 679 2997 delegato,
697 2913 763 2979 tale
780 2912 1080 2978 iertnrmandatum
1091 2913 1330 2980 transmisisse:
1350 2913 1470 2996 „Intel-

343 3025 421 3108 lexi,
449 3021 537 3107 quod
552 3041 695 3089 sororem
721 3041 826 3086 meam
844 3019 1033 3087 defloratam
1060 3019 1241 3088 decollasti.
1268 3021 1419 3108 Noveris,
1437 3029 1472 3088 te

347 3151 430 3218 opus
447 3127 733 3196 mihicontrarium
751 3128 911 3212 exegisse.
930 3127 965 3193 Si
982 3147 1074 3195 soror
1088 3147 1162 3195 mea
1177 3127 1315 3194 forsitan
1332 3128 1395 3194 suit
1409 3129 1471 3195 tibi

346 3237 502 3323 inquieta,
528 3236 765 3322 dampnificans
780 3241 813 3300 te
830 3234 1014 3319 mobilibus,
1040 3233 1083 3300 ad
1098 3254 1150 3300 me
1167 3232 1321 3301 accedere
1338 3242 1470 3320 poteras

346 3347 389 3412 ab
407 3365 447 3410 ea
463 3363 579 3428 equum
591 3343 736 3428 Jndicem
753 3343 932 3429 petiturus,
949 3344 1002 3409 vel
1019 3343 1047 3410 si
1062 3341 1213 3408 manibus
1223 3341 1366 3428 propriis
1382 3343 1472 3411 vole·

345 3453 407 3520 bas
431 3457 465 3518 te
479 3450 655 3536 vindicare,
683 3449 879 3518 debellatam
895 3455 1023 3534 captam
1049 3449 1250 3535 defloratam,
1276 3457 1410 3535 poteras
1435 3453 1470 3518 in

346 3577 480 3626 uxorem
505 3559 681 3646 accepisse.
706 3558 742 3626 Si
768 3565 878 3624 autem
893 3557 1065 3625 occidendi
1090 3557 1290 3645 propositum
1313 3557 1471 3642 habuisti,

347 3666 534 3735 nullatenus
551 3667 712 3735 debueras
729 3666 895 3734 deflorare.
919 3666 1020 3733 Immo
1035 3684 1113 3734 vero
1130 3665 1164 3732 iu
1180 3663 1307 3731 duobus
1322 3662 1472 3750 dampni-

345 3775 457 3862 iicaus,
478 3780 511 3841 et
525 3775 680 3860 virginali
694 3773 850 3861 pudicitie
867 3773 1098 3860 turpitudinem
1114 3770 1263 3856 intulisti,
1287 3776 1319 3837 et
1334 3771 1474 3857 capitali

346 3889 449 3952 morte
474 3901 547 3948 eam
564 3881 791 3950 miserabiliter
816 3879 1075 3966 condempnasti.
1099 3881 1237 3964 Propter
1252 3873 1340 3960 quod
1355 3878 1391 3943 in
1405 3877 1473 3943 vin-

347 3993 469 4059 dictam
484 3991 573 4058 necis
590 3991 698 4077 puelle
712 3989 839 4076 prefate
855 3990 951 4074 scias,
967 4007 1019 4053 me
1034 3991 1140 4052 tecum
1165 3983 1242 4050 lotia
1256 3983 1380 4052 viribes
1397 4005 1472 4052 con·

346 4099 562 4183 gressumm.“
587 4099 658 4166 Hoc
673 4099 810 4166 audiens
826 4099 901 4165 Dux
916 4098 1007 4165 necis
1024 4099 1238 4183 perpetrator,
1256 4101 1289 4160 et
1303 4092 1421 4161 videns
1438 4115 1475 4162 se

346 4228 410 4275 non
426 4227 524 4293 posse
538 4208 701 4292 resistere,
727 4207 813 4293 fugit
829 4226 901 4273 oum
918 4205 985 4272 suis
1003 4204 1047 4270 ad
1061 4203 1243 4270 Soldanum
1262 4201 1304 4267 de
1318 4201 1476 4270 Hornacb

344 4325 433 4386 terra
456 4317 561 4404 primo
576 4314 743 4382 derelicta.
769 4315 829 4381 His
844 4316 957 4397 itaque
983 4312 1125 4400 peractis
1150 4316 1222 4378 erat
1237 4311 1312 4376 Dux
1339 4309 1477 4394 qnidam

345 4431 379 4496 in
395 4435 484 4497 terra
499 4424 717 4492 Cumanorum
743 4423 873 4489 nomine
888 4421 1033 4508 Witopb,
1060 4421 1152 4486 euius
1168 4417 1283 4485 divitie
1309 4424 1377 4484 tarn
1402 4438 1476 4504 pre·

347 4537 436 4602 clare
451 4532 713 4621 predicabantur,
741 4529 828 4615 quod
845 4532 944 4596 etiam
960 4547 1080 4614 pecora
1096 4544 1159 4593 sua
1174 4525 1207 4591 in
1228 4524 1338 4592 aureis
1354 4525 1476 4591 canali-

348 4645 409 4715 bus
425 4644 459 4710 in
475 4641 599 4728 campis
609 4641 838 4733 pascebantur.
855 4637 960 4722 Quem
971 4638 1048 4709 Dux
1063 4635 1150 4706 alins
1166 4633 1209 4703 de
1224 4632 1357 4702 flumine
1367 4631 1476 4700 Bucbs
