3186 5188
564 345 716 446 Q*

70 539 180 604 buerit
196 537 366 606 indefesse
391 560 431 607 oc
446 549 631 608 reuerenter
647 549 815 626 tamquam
832 543 944 628 fratri3
971 563 1030 611 nos
1048 563 1120 609 eum
1136 549 1203 609 tem

69 646 206 714 racione
223 649 528 734 consanguinitatis,
545 670 643 736 quam
659 671 719 738 pro
731 653 1038 739 recompensacione
1055 650 1203 718 sernioio-

70 776 139 821 rum
156 775 308 840 suorum,
326 757 367 823 de
376 759 641 844 possessionibus
656 761 776 829 nostris
787 761 979 849 participem
995 761 1066 828 fore
1075 760 1204 846 cupien-

70 873 126 947 tes,
149 863 219 931 duo
237 863 355 950 predia
370 871 492 950 nostra,
509 885 644 950 quorum
661 869 799 935 alterum
815 869 938 952 Symon
948 875 1152 955 nuncupatus
1167 866 1202 931 in

69 970 239 1039 comitatu
253 969 462 1040 Gumurionsi
480 974 572 1041 iuxta
588 974 722 1042 fluuium
738 1013 782 1024 -
797 1013 840 1026 -
857 982 947 1042 stens
963 994 1004 1041 ex
1020 975 1125 1061 Regia
1141 975 1203 1042 ool·

70 1080 197 1147 lccione
215 1082 425 1168 acquisitum,
443 1089 475 1148 et
491 1081 592 1168 aliud,
610 1083 697 1168 quod
714 1083 854 1151 Oumbul
870 1090 1004 1151 vocatur
1023 1084 1108 1150 rltro
1125 1082 1203 1148 Ora-

69 1209 151 1254 wsm
167 1207 279 1274 prope
289 1188 388 1256 Noak
403 1190 512 1276 situm,
529 1189 615 1274 quod
628 1190 807 1276 emptionis
823 1191 929 1276 tytulo
943 1190 1201 1276 possidebamus,

71 1297 181 1363 sibiet
198 1316 263 1382 per
278 1317 351 1364 enm
378 1299 446 1366 suis
461 1300 636 1368 heredibus
660 1300 880 1386 heredumque
896 1298 1140 1368 suecessoribus
1160 1319 1201 1366 ex

71 1411 177 1472 nostro
195 1405 407 1492 beneplacito
424 1416 456 1475 et
472 1427 630 1476 consensu
645 1408 840 1476 contulimus
858 1413 1016 1495 perpetuo
1032 1408 1201 1494 possiden-

71 1514 121 1579 da.
147 1515 192 1580 Vt
213 1520 325 1582 autem
340 1516 401 1582 hec
415 1537 437 1582 a
453 1516 549 1585 nobis
573 1516 681 1585 eidem
696 1515 787 1583 iacta
811 1516 949 1584 coilecio
974 1512 1205 1602 inperpetuum‘

72 1628 271 1708 perseueret,
289 1642 350 1689 neo
365 1645 425 1711 por
448 1625 634 1712 quempiam
652 1643 876 1693 successorum
892 1629 1075 1691 nostrorum
1098 1622 1203 1710 possit

71 1730 102 1793 in
116 1729 249 1796 irritum
274 1732 433 1817 reuocari,
460 1739 625 1820 presentes
650 1732 776 1800 litteras
801 1730 950 1798 dedimus
974 1730 1075 1816 sigilli
1100 1731 1201 1798 nostri

73 1837 253 1906 munimine
268 1840 451 1908 roboratas.
468 1842 591 1907 Datum
606 1860 693 1910 anno
709 1839 820 1926 gracie
835 1842 881 1906 M⁰
891 1837 1110 1923 ducentesimo
1126 1857 1201 1924 qua·

72 1946 261 2031 dragesimo
278 1949 428 2036 septimo,
448 1950 548 2016 tercio
563 1967 667 2018 nonas
685 1950 834 2034 Augusti.

71 2143 126 2210 (lv.
138 2145 209 2200 Belo
222 2143 372 2214 kirtlynak
390 2163 552 2216 ugyananon
565 2147 608 2200 dri
620 2145 783 2216 mogsrdsr'td
796 2143 1041 2217 privilegiumdbdl,
1064 2147 1131 2196 mint
1145 2146 1200 2194 sen-

534 2238 600 2291 tsbb
614 2239 676 2290 156.
689 2237 737 2305 se.)

601 2968 679 3039 175.

81 3151 210 3240 Terpolo
226 3152 330 3220 Jatat
353 3153 498 3219 oelenozet
520 3153 598 3238 dopo
622 3150 806 3216 rnreztotto
820 3151 963 3236 biscopes
981 3149 1095 3234 jodroi
1109 3147 1200 3212 retiret

77 3263 250 3348 tdrpydban
260 3310 271 3342 ,
296 3260 409 3347 ntelped
431 3284 470 3324 az
495 3262 594 3325 odoni
616 3256 924 3324 Domonkoorendiiek
947 3257 1098 3322 deductore
1121 3257 1201 3322 dltol

472 3366 686 3433 tdoeteltetnelr.
707 3362 802 3430 1247.

175 3564 321 3633 Jacobus
336 3561 524 3650 Theopolns
547 3563 610 3630 Dei
633 3561 745 3646 gracie
761 3561 987 3647 Venetorum,
1012 3559 1198 3628 Dalmatiae

77 3677 167 3756 atque
183 3672 338 3742 croatiae
357 3673 443 3758 Dux,
462 3671 622 3740 Dominus
641 3678 776 3755 quartae
796 3671 900 3756 partis
923 3674 956 3736 et
980 3668 1138 3737 dimidiae
1152 3674 1199 3736 to-

77 3779 132 3848 tius
151 3781 287 3870 Imperii
303 3783 493 3865 Romanius,
510 3779 674 3849 nobilibus
695 3785 727 3846 et
750 3778 957 3865 sapientibus
977 3778 1056 3846 viris
1072 3779 1199 3863 Angcio

78 3886 264 3958 democeno
284 3890 401 3956 eteius
422 3887 626 3956 consiliariis
641 3886 766 3954 Marino
790 3888 985 3953 Maurooeno
996 3936 1005 3969 ,
1031 3885 1198 3969 Stephano

78 3993 266 4080 Justiniano‚
291 3997 457 4083 Raynerio
474 3997 566 4065 Geso
582 4002 615 4062 et
628 3995 748 4064 Joanni
772 3993 814 4062 de
831 3995 958 4077 Canuti,
984 3990 1200 4059 ambasciato·

83 4104 161 4171 ribus
173 4105 248 4180 suis
264 4103 392 4172 dilectis
408 4111 441 4171 et
456 4102 608 4171 fidelibus
632 4103 771 4170 salntem
787 4107 821 4170 et
836 4100 1020 4169 dilectionis
1035 4098 1198 4164 affectum.

80 4209 124 4276 Es
146 4219 242 4299 perte
268 4211 453 4280 conuentus
479 4211 630 4278 Fratrm
656 4207 920 4277 Praedicatorum
936 4208 987 4292 [de
1012 4204 1114 4273 Jadre
1138 4203 1200 4271 fuit

82 4335 179 4388 coram
196 4321 294 4390 nobis
310 4321 495 4407 expositum
511 4317 750 4403 conquerendo,
775 4315 860 4402 quod
877 4315 1103 4383 concessiones
1122 4332 1199 4397 qua·

82 4427 207 4496 rendam
232 4428 477 4514 posscssionum
503 4426 543 4494 ds
558 4425 670 4510 Jedro,
697 4443 779 4509 quas
802 4423 922 4490 nobilis
943 4424 994 4491 vir
1009 4423 1199 4492 Leoncrdus

84 4533 226 4612 Quirinus
241 4543 320 4604 tuno
337 4537 452 4606 Gcmes
467 4535 592 4603 Jadrae
607 4535 647 4602 de
663 4540 774 4603 nostro
790 4533 943 4602 mandato
959 4533 1037 4601 feeit
1053 4532 1197 4602 Conven-

84 4644 124 4710 tui
138 4667 238 4735 supra
254 4646 351 4731 dicto,
368 4653 401 4712 et
416 4666 477 4714 nos
493 4643 699 4731 postmodnm
715 4642 814 4710 simili
831 4641 926 4709 modo
944 4641 1049 4720 eidem
1067 4661 1201 4710 conces·
