3186 5188
844 359 999 459 Qn-

357 577 419 642 quc
437 565 529 644 parte
545 554 649 643 ipsius
663 574 747 638 aque
764 563 839 622 sunt
850 555 914 621 due
931 562 1014 622 mete
1030 562 1146 639 terreo,
1163 562 1194 620 et
1209 555 1273 622 due
1283 554 1375 620 ilices
1392 573 1498 620 cruce

356 667 508 750 signate;
527 665 615 730 dicta
631 682 708 728 uero
721 661 867 748 Chcmyn
884 670 1028 749 tempore
1044 661 1180 749 pluuiali
1192 670 1241 727 est
1258 682 1392 745 aquosa,
1409 667 1496 730 tcm-

357 792 437 859 pore
452 773 555 838 estiuo
572 771 749 858 inaquosa;
777 777 809 838 et
824 771 899 838 inde
925 791 983 857 per
999 770 1118 836 uallem
1136 770 1283 855 Chemyz
1308 770 1402 837 uadit
1426 793 1492 858 per

356 883 487 964 longum
504 880 545 945 ad
562 887 681 946 metam
697 886 846 964 terream,
873 880 1049 966 exiensque
1067 879 1108 945 dc
1127 879 1202 964 ipsa
1218 880 1306 945 uallo
1333 879 1426 946 uadit
1441 881 1491 946 ad

354 988 464 1054 ilicem
489 1007 583 1055 cruce
608 987 789 1073 signatam,
816 994 849 1053 et
874 988 1041 1054 adoliam
1067 989 1217 1054 arborem
1249 1005 1344 1054 cruce
1377 987 1490 1072 signa-

355 1103 432 1182 tam,
449 1117 512 1180 que
527 1097 625 1182 uulgo
644 1101 777 1184 perciaco
802 1097 939 1182 dicitur;
968 1105 998 1163 et
1023 1097 1100 1164 inde
1125 1116 1300 1184 parumper
1316 1097 1411 1165 uadit
1426 1117 1488 1183 per

357 1205 492 1290 aridam,
520 1210 551 1270 ct
567 1204 655 1271 cadit
670 1205 704 1270 in
728 1205 942 1292 Plytvicham,
969 1211 1002 1271 et
1022 1205 1069 1272 ibi
1095 1211 1144 1273 est
1168 1204 1264 1272 arbor
1289 1229 1365 1292 spor
1389 1226 1488 1274 cruce

357 1312 497 1396 signata,
526 1319 559 1378 ct
575 1320 661 1378 meta
677 1320 802 1397 terrea;
829 1313 864 1379 in
880 1313 953 1399 ipsa
969 1319 1056 1378 meta
1072 1321 1123 1380 est
1138 1313 1205 1379 ilex
1222 1332 1315 1380 cruce
1341 1313 1485 1398 signata,

356 1425 388 1485 et
404 1420 501 1487 arbor
515 1433 625 1506 pertun
641 1439 735 1488 cruce
750 1421 902 1504 signata;
930 1429 962 1486 et
978 1420 1023 1487 ibi
1039 1422 1229 1489 terminatur
1245 1429 1333 1489 meta
1349 1421 1488 1487 Martini

356 1537 389 1595 et
405 1526 540 1595 Comitis
556 1527 736 1612 Michaelis,
752 1529 800 1595 ita
816 1528 903 1612 quod
922 1547 1034 1595 uersus
1051 1529 1207 1595 orientem
1235 1535 1286 1595 cst
1300 1535 1388 1595 terra
1405 1530 1486 1595 llar-

354 1634 424 1720 tini,
448 1655 561 1704 uersus
577 1637 777 1705 occidentem
793 1642 881 1704 terra
901 1635 1035 1702 Comitis
1050 1635 1239 1720 Michaelis3
1264 1636 1354 1704 etde
1370 1637 1488 1703 ultima

355 1751 443 1812 meta
457 1745 550 1811 uadit
566 1743 702 1811 inferius
727 1745 760 1810 in
786 1763 905 1826 aquam
922 1743 1068 1826 Plytuiaa
1096 1762 1155 1829 per
1180 1750 1299 1811 terram
1325 1745 1486 1830 sepedicti

355 1851 486 1919 Martini
505 1872 608 1936 usque
623 1859 754 1938 pontem
764 1851 909 1938 Vychen,
927 1859 960 1918 et
974 1851 1080 1919 dictus
1096 1871 1178 1939 pons
1196 1858 1246 1919 cst
1255 1851 1289 1918 in
1298 1858 1386 1919 terra
1401 1855 1487 1920 Mar·

355 1960 416 2026 tini
430 1978 510 2043 sepe
529 1960 707 2044 memorati,
733 1967 766 2026 et
790 1958 838 2026 sic
862 1959 1063 2028 terminatur.
1092 1958 1253 2037 Quoniam
1277 1961 1378 2044 igitur
1401 1961 1483 2028 iuris

355 2073 608 2135 consentaneum
624 2086 696 2134 esse
711 2066 909 2154 perhibetur,
936 2073 971 2134 ut
986 2068 1144 2152 quidquid
1159 2069 1250 2154 juste
1265 2067 1375 2152 agitur
1392 2074 1425 2134 et
1438 2068 1484 2134 le·

356 2175 468 2259 gitime
485 2173 685 2260 terminatur,
713 2182 854 2260 nequeat
878 2195 937 2262 per
962 2183 1110 2262 posteros
1127 2177 1160 2242 in
1181 2175 1307 2242 irritum
1322 2178 1485 2263 reuocari,

356 2281 400 2348 ad
415 2280 610 2348 instanciam
636 2289 669 2349 ct
685 2283 880 2370 peticionem
903 2284 1049 2370 parcium
1068 2289 1238 2369 presentes
1264 2283 1485 2351 concessimus

354 2390 481 2458 litteras
507 2391 610 2477 sigilli
624 2393 728 2461 nostri
754 2391 929 2459 munimine
944 2391 1124 2461 roboratas.
1150 2391 1243 2459 Anno
1260 2393 1394 2460 Domini
1415 2394 1485 2461 mil-

353 2499 467 2568 lesimo
483 2498 704 2571 ducentesimo
715 2501 788 2570 XL⁰
803 2501 952 2588 septimo.

356 2679 495 2744 (Eredetie
510 2678 674 2749 berhartytn
696 2681 826 2736 asumelt.
846 2685 892 2750 hg.
905 2679 1054 2750 Batmytnt
1076 2681 1222 2736 masal(
1240 2683 1382 2735 ktrmendi
1403 2683 1487 2736 level-

854 2769 988 2840 tiriban.)

786 2987 1043 3003 W

884 3435 961 3506 1t4.

353 3617 475 3683 Marica
489 3629 596 3682 mester
612 3617 729 3706 loirutlya'
737 3617 946 3705 flitdlookoalc
965 3617 1144 3682 iote'zkedo'ac
1160 3619 1275 3683 minna
1299 3613 1396 3681 Meirlc
1412 3613 1484 3678 Aca

736 3728 785 3810 fia
801 3727 969 3791 etdclrcbco.
987 3720 1083 3788 1247.

463 3903 624 3982 Quoniam
643 3904 856 3970 humanorum
873 3909 1003 3971 actuum
1020 3903 1137 3972 scriem
1152 3904 1283 3970 labente
1297 3908 1481 3988 temporum

353 4013 513 4081 curriculo
539 4012 714 4081 obliuionis
730 4014 833 4080 nubes
849 4010 1028 4096 obnubilat„
1055 4013 1275 4078 necessarium
1291 4017 1341 4077 est
1362 4030 1480 4078 memo·

351 4121 435 4188 riam
460 4141 569 4189 eorum
594 4121 702 4188 uiuaci
719 4120 904 4188 testimonio
931 4121 1111 4186 litterarum
1140 4115 1378 4186 commendare.
1405 4119 1481 4184 Pro-

351 4227 427 4295 inde
451 4247 512 4296 nos
537 4227 711 4294 Mauricius
738 4227 895 4310 Magister
920 4224 1150 4312 Dapiterorum
1175 4225 1275 4308 Regis
1305 4230 1337 4290 et
1362 4224 1478 4291 Comes

351 4335 525 4403 Nitriensis
552 4335 594 4400 ad
611 4333 832 4402 uniuersorum
857 4331 1011 4400 noticiam
1036 4329 1240 4417 presencium
1264 4336 1479 4415 posterorum-

352 4461 414 4528 que
439 4443 587 4510 uolumus
605 4442 787 4527 peruenire,
816 4440 999 4525 quodcum
1015 4440 1145 4505 Marcus
1169 4437 1255 4504 filins
1271 4438 1346 4505 Aba
1370 4440 1477 4523 patruj

351 4552 454 4619 nostri
479 4551 703 4638 propinquiori
731 4548 1022 4635 consanguinitatis
1049 4547 1136 4614 linea
1160 4547 1255 4613 nobis
1280 4546 1430 4630 attineat,
1445 4555 1477 4613 et

350 4660 484 4744 insuper
501 4659 612 4745 sepius
638 4677 700 4724 sua
714 4659 855 4725 seruicia
881 4659 1020 4724 honesta
1036 4662 1068 4722 et
1083 4657 1250 4722 fructuosa
1270 4653 1367 4722 nobis
1392 4654 1477 4720 exhi-
