3226 5194
620 300 778 412 25}-

135 500 307 586 gressione
322 498 411 585 belli,
429 505 464 566 ut
480 498 607 583 dieitur,
627 518 691 566 non
707 499 877 583 sagittant,
896 493 954 563 sed
970 496 1067 582 qnasi
1082 495 1196 582 pluere
1211 513 1263 564 sa-

136 609 239 693 gittas
265 606 427 674 videntur.
454 606 585 674 Gladiis
610 612 643 672 et
666 605 790 672 laneeis
818 603 925 670 minus
950 604 1021 690 apti
1045 602 1195 671 dieantur
1220 604 1264 671 ad

135 716 268 784 bellum.
295 713 421 781 Taliter
435 718 543 781 autem
569 733 706 780 euneum
732 731 826 779 suum
849 709 1013 795 ordinant,
1037 710 1124 795 quod
1151 709 1263 776 deeem

134 820 323 889 hominibus
337 839 422 888 unua
438 824 558 888 Tartar
572 827 692 907 preest,
708 819 823 886 iterum
837 823 964 885 eentum
978 817 1165 887 homiuibus
1179 837 1264 886 unus

135 929 292 996 centurio.
316 930 387 996 Hoe
411 927 486 995 ideo
501 927 561 994 tali
587 926 715 995 astucia
738 926 860 993 laetum
886 931 945 1010 ost,
972 945 1014 993 ne
1038 925 1264 1013 exploratores

136 1037 405 1124 supervenientes
420 1035 549 1122 possint
563 1035 715 1103 intereos
731 1035 938 1119 aliquatenus
955 1037 1070 1102 latere.
1085 1033 1166 1101 Etsi
1181 1034 1264 1100 torte

137 1143 344 1228 eontingeret
368 1161 536 1211 nnmerum
563 1140 738 1210 eorundem
763 1141 898 1210 diminui
921 1161 980 1228 per
998 1142 1130 1225 bellum,
1153 1147 1265 1228 posset

136 1251 265 1318 restitui
281 1250 352 1318 siue
368 1270 470 1336 mora,
487 1257 520 1317 et
535 1250 675 1336 populus
690 1248 847 1317 eolleetus
863 1269 905 1316 ex
922 1246 1069 1332 diversis,
1087 1247 1263 1316 infidelita·

137 1367 203 1425 tem
219 1359 365 1443 aliquam
375 1377 442 1427 non
456 1355 562 1444 possit
571 1357 691 1450 faeere.
705 1355 891 1436 Quemlibet
904 1357 1074 1422 denarium
1084 1377 1125 1424 er
1140 1355 1264 1441 linguis

138 1465 280 1536 diversis
290 1465 502 1549 eollegernnt.
519 1461 669 1531 Omnium
685 1463 880 1550 Regnorum,
900 1482 963 1548 que
973 1463 1128 1548 obtinent,
1144 1465 1264 1548 Reges,

139 1579 173 1641 et
190 1573 309 1657 Dares,
335 1591 376 1638 ae
391 1578 575 1657 magnates,
601 1569 777 1654 dequibus
800 1575 851 1638 est
866 1589 951 1657 spes,
976 1570 1063 1656 quod
1086 1569 1264 1655 aliquando

138 1679 265 1768 possint
287 1679 396 1748 faeere
421 1680 565 1764 aliquam
590 1678 824 1762 resistentiam,
850 1679 1046 1746 intertioiunt
1069 1679 1140 1747 siue
1163 1696 1263 1744 mora.

138 1783 262 1854 Milites
288 1793 399 1854 autem
424 1785 524 1854 lortes
550 1791 583 1850 et
597 1784 735 1852 rustieos
760 1782 804 1850 ad
819 1783 958 1872 prelium
983 1791 1059 1852 ante
1082 1801 1119 1851 se
1134 1785 1265 1853 mittunt

139 1899 283 1962 armatos
298 1893 343 1962 ad
367 1892 574 1980 preliandum
600 1892 671 1960 sine
695 1883 822 1978 sponte.
847 1893 941 1960 Alios
965 1912 1043 1962 vero
1059 1892 1196 1960 rustleos
1221 1890 1265 1960 ad

138 2001 346 2088 preliandum
370 2000 476 2069 minus
500 2007 597 2087 aptos
613 1999 802 2083 relinquunt
816 2001 860 2067 ad
884 1999 1053 2068 oolendam
1069 2004 1202 2088 terram,
1232 2007 1265 2066 et

139 2112 282 2177 omnium
293 2107 414 2177 tamad
430 2108 566 2195 prelium
577 2107 827 2195 oompnlsornm,
837 2128 934 2192 quam
945 2109 1125 2177 oeeisorum
1135 2126 1264 2193 uxores,

138 2220 223 2286 filias
240 2224 273 2286 et
288 2225 447 2303 eognatas
472 2215 623 2285 dividunt
639 2216 682 2284 ad
707 2216 855 2301 singulos
870 2217 959 2284 viros
983 2222 1069 2284 terre
1087 2215 1188 2283 eultni
1213 2236 1263 2284 re-

140 2326 246 2412 llutos,
272 2325 406 2394 euilibet
429 2324 542 2394 deeem
568 2326 621 2392 vel
646 2325 758 2412 plures
783 2326 1009 2410 assignantes,
1038 2330 1070 2391 et
1095 2324 1266 2411 imponunt

139 2433 275 2520 eisdem,
292 2441 328 2503 ut
343 2433 385 2502 de
400 2440 507 2503 cetero
517 2434 648 2500 Tartari
664 2441 897 2520 nuncupentur.
914 2433 1131 2518 Militesvero,
1148 2434 1203 2516 qui
1221 2429 1266 2498 ad

139 2544 279 2630 prelium
304 2542 551 2628 eompelluntnr,
577 2549 609 2609 et
624 2541 751 2609 sibene
775 2548 925 2627 pugnant
939 2547 972 2608 et
991 2541 1136 2626 vineunt,
1161 2557 1265 2627 parva

96 2662 101 2669 '
141 2649 325 2734 graeiaeis.
341 2649 464 2717 Slvere
474 2649 508 2716 in
519 2650 623 2736 prelio
639 2649 828 2732 moriuntur,
844 2648 936 2714 nulla
947 2668 1025 2715 eura
1036 2647 1093 2714 eis.
1109 2647 1146 2714 Si
1155 2651 1264 2713 antem
1338 2647 1342 2655 '

140 2758 172 2824 in
189 2756 293 2843 prelio
309 2755 525 2842 retrooedunt,
543 2756 614 2823 sine
630 2753 856 2824 misericordia
871 2755 1048 2828 aTartaris
1064 2751 1265 2821 oeeidnntnr.

140 2865 294 2948 Pugnant
309 2883 387 2950 ergo
403 2863 530 2950 lortius,
547 2869 582 2931 ut
598 2865 633 2930 in
647 2868 812 2950 posterum
824 2880 890 2928 non
905 2861 1028 2946 vivant,
1044 2859 1103 2931 sed
1119 2867 1155 2927 ut
1169 2857 1266 2926 eitius

141 2970 329 3039 moriantur.
345 2970 464 3039 Orsua
478 2971 602 3040 mnnita
616 2991 681 3039 non
692 2977 893 3057 expugnent,
910 2967 970 3037 sed
985 2967 1075 3056 prius
1093 2969 1267 3037 devastant

141 3084 274 3161 terram,
300 3081 333 3144 et
347 3078 504 3162 populum
531 3073 761 3163 depredantur,
789 3081 822 3142 et
837 3073 982 3142 eiusdem
1006 3083 1092 3142 terre
1109 3073 1266 3160 populum

141 3189 378 3270 congregatum
393 3183 592 3271 eompellunt
606 3184 650 3251 ad
666 3203 809 3271 pugnam
825 3184 869 3252 ad
884 3181 1139 3271 expugnandum
1158 3182 1265 3269 ipsum

141 3300 296 3361 nastrum.
321 3295 373 3360 De
388 3292 594 3360 multitudine
610 3300 719 3359 autem
734 3291 839 3377 ipsius
855 3292 1015 3360 exereitus
1030 3291 1125 3358 vobis
1140 3289 1266 3375 aliquid

140 3421 208 3467 non
223 3399 342 3487 seribo,
358 3398 423 3467 uisi
439 3400 678 3485 quodomnium
693 3401 887 3486 Regnorum,
903 3398 1132 3485 quaestinem,
1146 3397 1266 3465 milites

141 3510 186 3575 ad
201 3527 344 3595 pugnam
361 3515 457 3595 aptos
473 3506 672 3594 compellunt
688 3513 765 3575 ante
781 3527 817 3576 se
832 3507 973 3594 preliarl.
1000 3509 1116 3574 Fertur
1130 3526 1152 3572 a
1167 3506 1266 3592 pluri·

140 3619 204 3684 bus
220 3635 256 3683 re
271 3622 371 3703 eerta,
398 3621 431 3684 et
445 3617 521 3684 Dux
536 3616 579 3684 de
594 3615 696 3684 Sudal
711 3615 879 3684 mandarit
893 3635 953 3702 per
969 3635 1020 3682 me
1035 3615 1118 3701 Regi
1133 3615 1266 3701 ilunga-

141 3724 262 3792 riorum
279 3723 355 3791 viva
365 3742 454 3808 voee,
472 3724 559 3809 quod
573 3730 668 3792 noete
678 3721 796 3808 dieque
805 3724 976 3792 eonsilium
990 3723 1113 3792 habent
1122 3723 1265 3806 Tartari,

142 3833 283 3920 qualiter
299 3833 432 3900 vineant
456 3838 488 3900 et
503 3832 672 3901 obtineant
687 3834 836 3917 Regnum
851 3831 1092 3917 Hungariorum
1108 3829 1266 3899 Christia-

142 3961 268 4010 norum.
294 3941 499 4028 Propositum
524 3939 611 4008 enim
635 3939 776 4026 habent,
805 3947 841 4007 ut
865 3941 999 4007 veniant
1023 3943 1057 4006 et
1080 3945 1267 4024 expugnent

142 4051 288 4134 Romam,
313 4055 348 4117 et
361 4047 447 4116 ultra
461 4050 609 4116 Romam.
635 4048 724 4116 Misit
739 4067 818 4134 ergo
834 4047 961 4131 legatos
980 4045 1023 4112 ad
1037 4048 1160 4129 Regem
1175 4042 1265 4111 Hun-

142 4157 317 4241 gariorum,
335 4154 391 4240 qni
400 4155 568 4224 venientes
583 4175 642 4242 per
657 4161 777 4222 terram
787 4152 888 4221 Dueis
904 4151 946 4220 de
960 4151 1072 4238 Sudal,
1092 4155 1125 4217 et
1139 4151 1266 4218 litteras

143 4263 226 4348 Regi
241 4263 482 4347 Hungariorum
508 4261 627 4330 missas
642 4265 718 4329 Dur
733 4261 790 4328 ille
805 4259 928 4347 reoepit
947 4260 990 4327 ab
1006 4258 1065 4348 eis,
1090 4264 1124 4326 et
1137 4259 1266 4344 legatos

142 4372 234 4458 ipsos
250 4391 322 4438 eum
339 4369 439 4438 soeiia
455 4369 533 4436 milri
550 4368 716 4455 deputatis
732 4369 831 4435 otiam
847 4364 924 4434 vidi.
950 4366 1120 4434 Prediotas
1140 4366 1266 4433 litteras

144 4499 166 4544 a
180 4478 253 4545 Noe
267 4479 360 4545 Duae
377 4475 419 4545 de
432 4475 535 4545 Sudal
550 4475 631 4542 mihi
646 4475 742 4543 datas
759 4477 803 4542 ad
817 4477 939 4560 Regem
954 4472 1196 4558 Hungariornm
1211 4471 1266 4539 de-

144 4585 283 4682 portavi.
310 4585 433 4656 Littere
448 4590 556 4654 autem
574 4583 693 4672 seripte
708 4591 784 4652 sunt
798 4582 917 4654 litteris
941 4581 1082 4670 paganis
1098 4585 1131 4649 et
1152 4580 1267 4672 lingna
