3226 5194
876 378 1029 482 283,

388 575 490 642 meuis
516 575 742 643 adnleseenoie
756 595 867 644 eorum
892 576 1092 660 temporibus
1117 580 1246 662 gratum
1262 592 1392 661 semper
1407 579 1438 640 et
1460 594 1510 640 ao-

380 690 516 772 ·eeptum
542 684 705 754 indefesse
730 685 898 754 fidelitatis
914 686 1033 772 studio,
1060 693 1171 754 nostro
1186 705 1316 772 semper
1342 684 1439 752 lateri
1460 681 1514 750 ad·

388 793 530 862 herendo
556 794 772 862 exhibuerunt
796 794 1001 881 famulatum,
1017 803 1150 882 propter
1174 814 1238 880 qne
1254 799 1365 863 nostre
1387 796 1514 861 Corone

389 903 492 989 Regie
508 913 693 971 meruerunt
717 903 940 991 multiplieiter
957 904 1180 991 eomplaeere;
1206 909 1239 970 et
1255 902 1332 970 lieet
1353 901 1515 969 tediosam

389 1018 475 1079 esset
490 1031 550 1098 por
564 1013 697 1098 singula
711 1032 873 1099 enarrare,
891 1013 1034 1098 quedam
1048 1019 1158 1081 tamen
1174 1012 1215 1079 de
1231 1010 1381 1096 seruioijs
1403 1029 1515 1080 eorun-

390 1118 463 1186 dem
489 1120 675 1189 memoriter
701 1121 870 1204 habentes,
897 1119 940 1188 ad
965 1120 1232 1189 informacionem
1256 1117 1467 1207 preseneium
1486 1125 1517 1185 et

390 1230 576 1297 memoriam
586 1227 765 1297 futurorum
774 1229 979 1316 presentibus
989 1228 1142 1298 iussimus
1153 1228 1314 1296 annotari.
1335 1225 1434 1308 Quod
1444 1247 1516 1294 eum

388 1335 541 1404 ieroeites
556 1347 589 1406 et
615 1338 845 1406 inestimabilis
870 1338 1039 1406 multitudo
1054 1337 1223 1404 Tartariee
1239 1337 1345 1422 gentis
1368 1343 1516 1404 nostrum

389 1447 535 1531 Regnum
551 1445 736 1532 inuasisset,
753 1453 786 1514 et
801 1467 860 1515 nos
877 1467 948 1514 eum
965 1446 1160 1530 quibusdam
1177 1446 1283 1530 Regni
1300 1445 1406 1514 nostn'
1421 1445 1514 1513 nobi·

389 1555 475 1622 libus
490 1555 534 1622 ad
548 1565 661 1643 partes
686 1555 865 1624 maritimas
882 1577 940 1642 pro
956 1553 1108 1624 habendo
1134 1554 1277 1622 remedio
1293 1563 1326 1619 et
1346 1552 1515 1638 querendo

389 1663 536 1732 subsidio
562 1664 708 1750 peruecti
732 1664 918 1750 fuissemus,
945 1662 1046 1749 ijdem
1063 1663 1258 1748 Ladynleos,
1284 1661 1461 1749 Philippus
1485 1667 1516 1728 et

389 1772 567 1858 Gregorius
583 1770 700 1839 deuote
716 1771 882 1840 fidelitatis
899 1771 1073 1840 famulatus
1099 1771 1220 1838 ibidem
1239 1768 1454 1838 laudabiliter
1469 1771 1513 1837 in·

389 1879 580 1967 penderunt.
607 1880 648 1944 lit
663 1880 773 1947 lieeta
789 1882 894 1964 Regia
920 1880 1144 1948 munideenoia
1163 1879 1297 1946 minime
1312 1879 1513 1962 uiderentur,

389 2007 452 2071 qne
467 1986 511 2053 ad
525 2005 659 2072 presens
676 1988 814 2074 agimus,
833 1997 981 2074 respectu
991 1999 1100 2054 eorum
1113 2007 1176 2071 que
1191 1986 1299 2054 faeere
1314 1987 1515 2056 intendimus

389 2099 422 2161 et
441 2102 611 2180 merentur,
637 2095 798 2181 quasdam
821 2103 927 2164 terras
943 2096 1050 2164 Castri
1073 2096 1176 2164 nostri
1192 2095 1233 2163 de
1248 2095 1403 2183 Wolkou,
1426 2097 1516 2166 Keos

389 2201 541 2270 videlieet
557 2222 629 2270 oum
644 2203 712 2270 suis
728 2203 946 2289 pertiueuoijs,
964 2204 1133 2270 Dumbrou
1149 2211 1181 2268 et
1197 2200 1403 2289 Kendehapa
1418 2225 1512 2274 voea-

389 2318 452 2401 tes‚
478 2331 550 2378 oum
566 2311 716 2380 omnibus
741 2312 938 2379 utilitatibus
954 2319 986 2378 et
1008 2311 1219 2400 pertiueuoijs
1236 2314 1317 2399 suis,
1344 2315 1378 2380 in
1399 2313 1514 2384 eodem

390 2419 552 2486 comitatu
578 2420 764 2504 existentes,
789 2419 848 2486 sub
874 2420 1014 2506 hijsdem
1040 2419 1134 2486 metis
1159 2427 1193 2485 et
1211 2420 1369 2506 terminis,
1397 2422 1514 2508 quibus

390 2528 502 2596 eedem
527 2535 613 2596 terre
641 2528 684 2594 ed
708 2529 890 2614 predictum
916 2528 1066 2597 Castrum
1091 2537 1234 2596 nostrum
1260 2531 1515 2599 dinoscebentur

390 2639 562 2724 portinere,
590 2644 622 2703 et
646 2638 786 2705 limitate
801 2639 929 2704 inerant
954 2657 992 2704 ao
1008 2657 1170 2726 possesse,
1196 2638 1318 2706 eisdem
1344 2640 1514 2722 Ladinlao,

391 2747 539 2834 Philippo
556 2754 589 2814 et
604 2747 771 2834 Gregorio,
799 2754 833 2813 et
847 2767 907 2834 per
923 2769 980 2815 eos
996 2748 1064 2815 suis
1083 2747 1265 2833 heredibus,
1291 2750 1515 2837 heredumque

370 2855 373 2864 ⁴
390 2874 519 2922 suorum
536 2855 736 2941 inposterum
747 2857 998 2941 suecessoribus,
1015 2855 1174 2944 dedimus,
1191 2856 1386 2926 donauimus
1398 2867 1433 2926 et
1442 2880 1516 2928 oon·

391 2963 532 3047 tulimus,
549 2963 620 3030 inre
636 2971 792 3051 perpetuo
808 2971 841 3030 et
855 2964 1120 3033 iureuooabiliter
1135 2963 1269 3051 peoidoe
1284 2965 1515 3050 possidendas,

391 3071 649 3140 aiurisdieeione
659 3081 690 3138 et
706 3081 867 3159 potestate
884 3074 985 3161 ipsius
995 3072 1103 3140 (taetri
1121 3093 1178 3159 per
1189 3073 1298 3141 omnia
1307 3075 1516 3144 exhimendo.

390 3181 433 3248 Vt
448 3182 547 3266 igitur
562 3181 658 3248 huius
674 3187 785 3249 nostre
802 3182 993 3250 oollaoinnis
1013 3203 1070 3250 seu
1087 3180 1279 3249 donacionis
1298 3183 1402 3251 series
1418 3184 1518 3254 robur

392 3289 538 3356 obtineat
553 3297 706 3376 perpetue
721 3291 892 3375 firmitatis,
918 3311 978 3357 neo
994 3291 1060 3359 ullo
1076 3311 1229 3377 umquam
1248 3297 1395 3378 tempore
1410 3297 1518 3381 possit

391 3419 450 3484 per
465 3399 649 3486 quempiam
675 3401 707 3466 in
723 3401 849 3468 irritum
866 3402 1022 3486 reuocari,
1039 3407 1207 3488 presentes
1228 3402 1449 3471 concessimus
1463 3403 1517 3470 lit·
1591 3425 1593 3454 ³

391 3515 489 3590 teras,
515 3507 616 3591 sigilli
642 3508 745 3576 nostri
760 3508 900 3595 dnpliois
916 3508 1092 3576 munimine
1113 3509 1292 3576 roboratas.
1318 3510 1443 3578 Datum
1457 3532 1519 3599 per
1591 3509 1592 3512 ’

392 3633 505 3681 manus
522 3615 704 3700 Smaragdy
716 3615 868 3684 Albensis
879 3616 1194 3703 ReelesiePrepositi
1211 3617 1285 3683 eule
1301 3623 1412 3685 nostre
1422 3619 1516 3686 Vioe-

392 3721 598 3806 Oanoellarij‚
613 3723 715 3790 Rleoti
733 3727 877 3792 lleelesie
889 3725 1098 3794 Coloehensis
1114 3724 1224 3792 dileeti
1233 3733 1265 3790 et
1280 3724 1386 3792 tidelis
1402 3731 1516 3812 nostri,

391 3831 611 3898 aunoDomini
620 3830 735 3899 M⁰OO⁰
745 3833 1012 3919 quinquagesimo
1023 3838 1149 3918 octauo,
1159 3839 1273 3901 ootano
1284 3832 1516 3926 idusAugusti,

392 3940 496 4024 Regni
513 3946 620 4008 autem
637 3942 737 4008 nostri
755 3963 843 4010 anuo
859 3944 1013 4010 vioerimo
1030 3943 1141 4010 ternio.

392 4136 528 4208 (Eredetie
544 4119 730 4207 bdrhdrtydn‚
754 4143 880 4209 melynek
900 4140 1071 4208 veros-strga
1089 4141 1317 4208 aelyemnsindron
1338 4146 1449 4213 tuggon
1469 4165 1515 4214 pe·

565 4230 650 4296 esdtje
664 4232 802 4296 slvesnett‚
823 4233 934 4284 abudai
949 4235 999 4284 lrir.
1014 4235 1135 4284 lamanai
1151 4231 1340 4304 levdltdrban)

1583 4029 1586 4086 i'

1583 4087 1585 4130 l

1582 4135 1585 4170 ι
