3226 5194
621 359 778 465 229-

133 557 222 642 quod
246 559 369 627 labitur
395 579 453 647 per
477 560 640 626 Duoatum
665 556 804 624 Austrie.
838 557 879 624 iit
905 555 1111 626 erediderunt
1134 560 1263 630 Tartari

132 669 274 734 transire
290 687 350 753 per
365 666 529 754 quendam
546 671 677 752 pontem
693 665 741 732 ibi
756 665 887 732 fantum.
909 663 975 732 Sed
991 666 1066 734 Dux
1081 668 1213 736 Austrie
1229 677 1261 737 et

130 773 191 840 alii
207 774 306 842 vieini
332 781 462 861 pontem
478 777 718 860 oeoupaverant
734 778 767 838 et
785 772 988 858 munierant;
1013 774 1098 842 unde
1113 775 1261 844 Tartaris

128 900 193 968 per
208 888 339 970 pontem
349 883 411 949 suit
424 880 783 966 transitus'denegatus
801 882 905 950 Batbo
916 902 994 949 vero
1009 881 1073 950 init
1088 883 1259 970 plurimum

128 990 291 1076 turbatus,
319 997 352 1058 et
368 989 517 1077 precepit
540 988 632 1073 genti
655 1006 724 1072 sue,
751 988 839 1074 quod
863 989 1008 1074 natando
1035 1009 1134 1077 super
1157 1010 1260 1077 equos

128 1098 312 1166 transirent
327 1099 456 1167 flumen.
482 1098 525 1164 Et
539 1097 610 1185 ipse
634 1098 722 1184 prior
747 1097 809 1164 init
826 1097 1004 1183 ingressus,
1031 1117 1197 1187 exponens
1221 1119 1258 1167 se

126 1207 226 1274 morti
242 1243 287 1256 -
303 1243 347 1256 -
362 1243 406 1255 -
423 1205 508 1273 Nam
524 1210 701 1289 antequam
717 1210 852 1291 possent
867 1205 910 1273 ad
927 1207 1032 1294 ripam
1041 1206 1141 1274 aliam
1156 1207 1257 1275 flumi-

126 1317 181 1382 nis
198 1315 379 1403 pervenire‚
404 1315 479 1400 equi
494 1313 625 1382 fuerunt
640 1314 720 1382 fessi
734 1322 869 1402 propter
884 1315 1090 1383 latitudinem
1114 1315 1256 1384 fluminis

126 1431 162 1490 et
178 1423 400 1492 fortitudinem
416 1443 513 1510 aque,
529 1429 562 1490 et
574 1421 681 1489 Batbo
697 1441 769 1488 oum
786 1441 907 1507 magna
922 1421 1106 1506 quantitate
1121 1441 1252 1490 suorum

127 1533 260 1599 fuerunt
275 1531 448 1598 submersi.
475 1530 606 1599 Tartari
622 1550 700 1598 vero
717 1530 776 1615 illi,
791 1531 847 1614 qui
863 1529 1005 1597 nondum
1027 1530 1168 1616 ingressi
1184 1529 1252 1599 iue-

126 1646 214 1724 runt,
240 1660 345 1725 aquas
360 1641 421 1708 bas
437 1639 597 1725 videntes,
622 1659 742 1724 magno
758 1639 871 1708 dolore
885 1639 1010 1707 eoniusi
1029 1639 1195 1708 redieruut
1209 1640 1254 1710 ad

125 1749 274 1832 Regnum
294 1747 394 1815 Rusie
410 1755 442 1816 et
458 1745 624 1834 cononis,
643 1767 706 1834 que
726 1746 1069 1816 sineeontradiaoione
1084 1748 1251 1816 tenebant.

125 1855 304 1940 Postquam
321 1874 398 1923 vero
413 1857 522 1923 Batbo
546 1855 734 1924 initialiter
759 1855 947 1942 suffocatus,
972 1862 1008 1922 ut
1023 1854 1175 1942 superius
1201 1862 1252 1923 eat

125 1981 327 2048 expressum,
353 1981 516 2047 nunquam
541 1962 672 2029 Tartari
698 1962 787 2048 apud
810 1959 1018 2030 Alamaniam
1043 1961 1250 2048 rediuerunt3

126 2067 263 2138 heredes
279 2091 357 2139 vero
372 2071 478 2139 Baths
493 2071 677 2139 sueoessire
693 2077 808 2155 terrae,
834 2089 917 2154 quas
932 2069 1142 2158 acquisierat,
1165 2068 1250 2138 redi·

123 2184 228 2263 orunt,
252 2176 405 2245 videlieet
427 2178 574 2262 Regnum
589 2175 756 2262 Gorasine,
782 2179 928 2262 Regnum
949 2175 1105 2245 Cumania
1128 2183 1162 2244 et
1185 2179 1248 2246 Re-

124 2307 224 2372 gnum
234 2286 345 2360 Rusie.
361 2291 404 2355 Et
418 2287 483 2373 iile,
500 2287 556 2372 qui
572 2306 684 2353 nune
702 2292 792 2354 tenet
800 2284 977 2354 dominium
986 2285 1102 2371 Batbo,
1114 2293 1250 2355 voratur

121 2395 291 2480 Toebitay,
307 2399 340 2461 et
355 2394 402 2462 fai
417 2393 577 2462 secundus
592 2393 680 2462 tilius
696 2394 830 2462 sonandi
845 2393 904 2462 diii
923 2393 1077 2462 Ootooan.

119 2574 154 2640 (A
167 2575 258 2642 gressi
272 2583 398 2642 egystarn
412 2572 623 2642 kbnyvtdrinair
636 2577 720 2634 33l34
734 2575 780 2627 iol.
794 2592 831 2628 ea.
846 2592 871 2627 a.
885 2573 999 2628 kdzirati
1018 2571 1245 2642 papiroodexdbtii

523 2663 630 2716 kbabite
642 2663 735 2716 Dudik
748 2663 842 2730 Beda.)

577 2896 789 2905 ——-—-·-——

653 3130 707 3210 ΙΙ.

114 3295 252 3373 Iulida
272 3291 378 3368 XIII.
398 3293 540 3368 ardradi
568 3319 721 3394 moppor
750 3291 1111 3368 domoobosreortioek
1135 3291 1241 3366 levele

420 3447 444 3491 o
462 3415 646 3517 moopolok
664 3414 941 3516 badjairotor'rdl.

189 3577 277 3642 (Brea
287 3575 413 3628 ievelnek
422 3573 469 3627 ket
477 3575 630 3629 kulenbonb·
640 3572 764 3640 teotiojit
774 3573 955 3643 birjuir,me15
960 3575 1166 3644 mindirettiinek
1176 3577 1239 3627 iuda·

112 3665 178 3728 ldse,
191 3665 397 3718 tartaimuknalr
409 3665 523 3717 kritiirai
536 3663 692 3731 megitdldse
704 3663 807 3732 vegeti,
820 3660 918 3717 lttsniir
932 3664 1131 3732 indokolrnatr.)

156 3843 202 3930 A)
237 3845 352 3912 Baro
380 3841 925 3926 Hormayr·Hortenburg
951 3841 1188 3910 Jbaseiki-

501 3947 640 4017 adasa
662 3948 846 4016 suerint.

217 4109 406 4178 Venerabili
425 4111 459 4176 in
475 4109 603 4177 Christo
622 4111 720 4196 patri,
746 4110 808 4177 Dei
823 4109 937 4195 graoia
956 4109 1118 4197 Episcopo
1135 4110 1234 4175 Peru-

107 4219 186 4305 tino,
195 4217 382 4306 Apostolioe
398 4217 495 4285 Sedis
505 4219 642 4305 Legato,
658 4217 920 4287 iraterJulianus
936 4219 1088 4286 Fratrum
1100 4215 1234 4288 Ordinis

107 4325 353 4413 Predioatorum
379 4325 411 4390 in
428 4326 577 4410 Ungaria
601 4345 725 4410 servus,
751 4326 969 4394 reverentiam
994 4331 1062 4392 tam
1088 4324 1234 4394 debitam

107 4451 206 4518 quarn
222 4432 386 4500 devotam.
412 4435 493 4502 (ium
511 4433 687 4502 seeundum
713 4435 793 4503 mihi
812 4435 990 4504 iniunctam
1014 4435 1232 4506 obedientiam

105 4541 154 4606 ire
178 4539 332 4608 deberem
358 4540 401 4608 ad
418 4541 572 4626 Magnam
588 4541 767 4626 Ungariam
793 4563 866 4611 oum
891 4543 1046 4612 iratribus
1071 4543 1151 4610 mibi
1175 4541 1232 4609 ad-

106 4649 235 4736 iunotb,
250 4647 430 4719 iniuratum
447 4651 544 4721 nobis
558 4649 619 4718 iter
636 4651 791 4743 perficere
806 4651 985 4744 cupientes,
1013 4671 1083 4720 eum
1100 4653 1144 4721 ad
1158 4654 1231 4722 alti-
