3252 5198
867 293 1021 396 Α

378 517 444 566 rus.
472 498 553 566 Oum
569 496 679 562 autem
697 482 785 552 dicto
800 485 931 555 Abbate
956 509 1016 575 pro
1032 507 1070 556 se
1086 507 1126 556 ae
1140 491 1341 560 lionasterio
1360 514 1419 564 suo
1435 503 1514 564 tuuc

377 610 412 676 in
426 611 540 676 nostra
556 600 725 690 presentia
747 601 967 680 comparente,
983 596 1071 664 idem
1086 598 1272 686 Episcopus
1294 621 1356 669 nec
1370 603 1518 674 venisset
1562 581 1564 586 ¹

377 719 412 783 in
429 715 580 796 termino,
606 729 668 777 nec
682 712 761 794 post
774 705 947 771 terminum
966 706 1066 772 etium
1082 706 1204 775 diutim
1224 717 1435 797 expectatus;
1452 733 1514 782 uos

377 825 527 894 nolentes
553 813 739 888 huiusmodi
765 831 920 880 excessus
936 813 1094 900 Episcopi
1120 823 1189 882 tam
1215 837 1364 886 enormes
1392 839 1514 907 penam

379 933 523 1018 effugere
548 927 657 996 debite
681 921 831 1002 ulcionis,
856 919 985 988 dilectis
1010 921 1087 988 tiliis
1171 924 1284 990 Sancti
1310 925 1443 994 Martini
1469 927 1513 996 de

377 1036 549 1108 Pannonia
565 1039 597 1103 ot
614 1081 662 1101 ...
679 1029 792 1098 Sancti
808 1025 990 1094 salvatoris
1010 1027 1051 1094 de
1067 1028 1197 1095 Saxard
1212 1031 1399 1100 Abbatibns
1415 1033 1510 1101 Ordi-

378 1147 430 1213 nis
447 1143 559 1211 Sauoti
575 1137 744 1207 Benedicti
769 1136 947 1203 direximus
964 1137 1088 1224 scripta
1104 1145 1228 1224 nostra,
1253 1147 1289 1207 nt
1304 1143 1510 1228 sepedictum

378 1254 577 1342 Episcopum
602 1247 646 1314 ad
662 1244 839 1314 solvendas
863 1242 928 1329 ipsi
944 1242 1065 1310 Abbati
1088 1265 1202 1312 omnes
1224 1267 1398 1336 expensas,
1426 1271 1511 1336 quae

378 1361 502 1429 fecerat
518 1378 539 1425 a
553 1363 711 1442 tempore,
728 1372 793 1438 quo
808 1350 964 1418 veniendi
975 1352 1020 1419 ad
1032 1350 1151 1420 Sedem
1161 1353 1385 1440 Apostolieam
1399 1358 1462 1426 tuit
1477 1360 1510 1427 ei

377 1468 535 1537 terminus
551 1458 788 1551 peremptorius
806 1457 1005 1543 assignatus,
1028 1458 1205 1527 monitione
1224 1464 1387 1547 premissa
1401 1472 1512 1534 aucto

377 1576 475 1644 ritate
500 1577 614 1640 nostra
638 1573 804 1651 cogentes,
830 1564 976 1632 lucerent
1003 1564 1110 1632 cidem
1134 1567 1256 1636 Abbati
1271 1590 1436 1658 expensas
1463 1571 1511 1642 ad

376 1680 641 1772 prosecutionem
656 1673 782 1761 negotii
797 1674 1003 1741 necessarias
1029 1673 1071 1740 de
1087 1675 1182 1742 bonis
1197 1678 1386 1746 Mouasterii
1401 1681 1511 1765 prori-

376 1791 468 1876 ueri3
488 1784 746 1855 contradictores
754 1802 815 1868 per
829 1801 999 1849 censuram
1009 1782 1267 1850 ecclesiasticam
1283 1786 1509 1873 appellatione

376 1897 562 1986 postposita
589 1888 847 1978 compescendo,
878 1888 1075 1975 prefigentes
1099 1890 1263 1978 Episcopo
1294 1899 1326 1959 et
1351 1892 1507 1964 Cornelio

376 2001 583 2091 supradictis,
600 2008 633 2067 et
648 1999 775 2067 duobus
791 1997 844 2064 vol
860 1997 964 2065 tribus
980 1998 1159 2084 monachis,
1182 2000 1419 2088 principalibus
1434 2000 1510 2070 fau·

374 2115 500 2185 toribus
517 2109 702 2194 eorundem,
727 2107 898 2173 terminum
916 2106 1173 2193 peremptorium
1183 2158 1193 2193 ,
1217 2109 1336 2177 festum
1352 2110 1510 2178 Purilica

373 2221 473 2290 tionis
489 2221 591 2286 Beate
607 2214 754 2299 Virginis
777 2215 924 2299 proximo
941 2220 1016 2280 tunc
1032 2212 1183 2301 futurum,
1207 2235 1271 2300 quo
1287 2217 1509 2303 personaliter

374 2336 485 2395 nostro
501 2345 538 2393 se
554 2320 743 2411 conspectui
758 2325 995 2406 presentareut,
1019 2321 1219 2389 satisfacturi
1238 2322 1280 2389 de
1295 2329 1344 2392 tot
1359 2326 1504 2392 excessi-

374 2440 446 2521 bus,
472 2439 506 2501 et
520 2430 638 2499 facturi
654 2436 688 2497 et
712 2427 873 2517 recepturi
897 2447 996 2514 super
1012 2429 1191 2515 premissis,
1218 2430 1305 2514 qnod
1323 2433 1505 2518 requireret

375 2541 456 2613 ordo
473 2540 563 2625 iuris,
585 2540 677 2625 ipsos
692 2536 735 2603 ad
751 2535 786 2603 id
802 2553 940 2602 censura
955 2535 1054 2602 simili
1078 2537 1300 2623 appellatione
1315 2540 1506 2626 postposita

374 2649 608 2736 compellendo.
635 2645 785 2713 (laterum
810 2664 884 2710 cum
909 2643 987 2710 dicti
1009 2643 1156 2712 Abbates
1178 2646 1212 2712 in
1237 2647 1409 2716 commisso
1435 2650 1504 2718 sibi

374 2758 507 2843 negotio
522 2752 736 2842 procedentes
751 2750 895 2818 iniuncto
911 2751 976 2836 ipsi
984 2751 1150 2838 Episcopo
1166 2756 1228 2820 sub
1238 2753 1505 2826 interminatione

374 2863 608 2947 anathematis,
634 2868 670 2929 ut
694 2879 859 2949 expensas
884 2859 978 2926 iuxta
992 2859 1182 2932 mandatum
1206 2869 1353 2930 nostrum
1377 2864 1506 2933 Abbati

372 2979 513 3044 solveret
528 2971 727 3059 supradicto,
744 2989 784 3036 ac
795 2970 920 3055 profixo
936 2967 1100 3036 iamdictis
1115 2971 1280 3058 Episcopo
1297 2977 1330 3039 et
1345 2971 1501 3043 Cornelio

371 3105 411 3152 ac
426 3084 554 3150 duobus
570 3079 739 3149 monachis
754 3079 893 3144 termino
912 3078 1142 3164 peremptorio,
1158 3077 1242 3147 festo
1257 3079 1502 3150 Purificatiouis

370 3194 473 3260 Beate
497 3188 643 3275 Virginis
668 3187 817 3272 proximo
841 3205 927 3252 nunc
951 3191 1127 3270 transacto,
1153 3205 1218 3270 quo
1236 3186 1329 3254 iuxta
1352 3193 1502 3257 tenorem

372 3298 518 3368 mandati
533 3295 716 3383 Apostolici
731 3294 766 3361 in
791 3301 905 3361 nostra
927 3293 1094 3379 presentia
1119 3303 1355 3382 comparerent,
1379 3297 1414 3364 in
1430 3315 1500 3384 eos,

370 3409 399 3475 si
415 3425 510 3474 secus
535 3410 680 3488 agerent,
707 3399 1051 3468 excommunicationis
1077 3400 1272 3470 sententiam
1295 3404 1501 3490 promulgas.

369 3520 460 3596 sent;
487 3511 619 3578 tandem
645 3510 688 3575 ad
713 3509 889 3575 instantem
912 3507 1185 3594 supplicationem
1209 3509 1314 3595 ipsius
1338 3511 1500 3600 Episcopi

369 3643 435 3710 pax
450 3620 512 3687 fuit
526 3620 611 3686 inter
627 3637 683 3685 eos
698 3617 806 3683 taliter
822 3614 1009 3700 reformata,
1038 3623 1071 3682 et
1085 3617 1216 3684 firmata
1231 3618 1331 3685 etiam
1347 3617 1498 3706 eiusdem

369 3728 526 3818 Episcopi
550 3727 742 3810 iuramento,
768 3724 912 3790 scilicet:
931 3721 1026 3800 Quod
1049 3724 1165 3790 eodem
1180 3723 1310 3792 Abbate
1325 3723 1369 3792 ad
1384 3746 1499 3794 mona·
1542 3793 1546 3803 ,

368 3838 503 3907 sterium
526 3855 620 3904 suum
647 3831 795 3920 plenarie
811 3832 973 3916 restituto,
999 3838 1032 3897 et
1046 3830 1219 3915 pacificam
1241 3831 1348 3918 ipsius
1367 3853 1500 3919 posses-

366 3949 491 4016 siouem
507 3943 639 4029 adepto,
665 3960 828 4029 expensas
846 3939 910 4007 sibi
935 3939 1032 4025 plene
1048 3939 1263 4026 persolveret,
1289 3949 1322 4006 et
1346 3939 1500 4026 dampna

367 4053 488 4139 omnia,
514 4069 578 4136 que
592 4058 740 4135 tempore
755 4046 920 4116 discordie
936 4046 1168 4114 monasterium
1185 4047 1328 4134 pertulit,
1353 4047 1499 4134 integra-

364 4165 440 4232 liter
457 4161 654 4228 emendaret.
671 4159 795 4226 Eodem
811 4158 911 4243 igitur
926 4158 1056 4224 Abbate
1076 4155 1170 4224 iuxta
1185 4154 1323 4223 formam
1339 4156 1433 4243 pacis
1448 4156 1501 4224 ad

365 4269 600 4339 monasterium
623 4269 783 4355 restituto,
809 4272 842 4333 et
856 4267 913 4333 vix
928 4265 1050 4333 ibidem
1074 4287 1133 4354 per
1150 4267 1246 4334 unius
1271 4265 1393 4335 mensis
1417 4286 1501 4353 apa-

363 4382 445 4450 tium
460 4381 630 4464 existente,
645 4378 806 4445 irruentes
821 4377 857 4442 in
873 4395 947 4444 eum
962 4374 1026 4443 viri
1041 4375 1166 4459 absque
1181 4374 1415 4460 misericordia,
1431 4375 1502 4444 dlii

363 4487 535 4573 scelerati,
570 4487 659 4573 quod
681 4506 747 4554 non
773 4486 897 4570 absque
923 4483 1144 4552 amaritudine
1168 4483 1286 4552 mentis
1311 4483 1499 4572 referimus,

363 4597 472 4683 ipsum
488 4595 691 4664 interfectum
699 4593 833 4662 bestiali
849 4611 940 4661 more
951 4593 1162 4662 conciderunt
1176 4592 1211 4659 in
1225 4591 1339 4680 tuem,
1356 4599 1390 4660 et
1405 4600 1441 4660 ut
1455 4593 1500 4660 in
