3162 5188
623 339 770 458 go

666 930 743 999 199.

115 1111 190 1177 IV.
212 1112 294 1178 Belo
312 1112 479 1198 kirrilyuolc
503 1112 641 1178 Koetetic
666 1118 695 1176 c'a
709 1113 844 1178 Bolccor
868 1113 1093 1198 ueudsdldelret
1115 1113 1265 1199 teinppuzo'

307 1220 488 1307 odomdnyo
504 1245 524 1284 a
538 1223 641 1286 coenat
655 1221 803 1308 uouddpelu
818 1227 975 1287 szdmdro.
992 1218 1089 1286 1249.

190 1453 193 1459 ι
241 1417 323 1484 Bela
343 1417 406 1484 Dei
423 1417 537 1503 gracia
553 1417 730 1504 Hungarie,
750 1419 932 1503 Dalmacie,
956 1417 1125 1502 Obroacie,
1150 1420 1262 1504 Rame,

117 1525 259 1610 Seruio,
273 1527 423 1622 (ballicie,
441 1528 644 1614 Lodomerie,
661 1529 882 1615 Cumanieque
892 1531 961 1595 Rex
978 1528 1127 1595 omnibus
1144 1526 1265 1593 Christi

120 1632 289 1701 fidelibus
303 1637 441 1702 salntem
457 1635 491 1702 in
504 1657 553 1721 eo,
570 1637 626 1721 qni
642 1644 692 1705 est
707 1656 786 1704 uera
798 1638 896 1704 salus.
916 1637 995 1704 Ovm
1011 1637 1044 1703 in
1062 1634 1265 1702 multitudine

119 1745 330 1830 populorum
340 1743 446 1828 gloria
462 1747 621 1814 consistat
631 1747 766 1831 Regum,
785 1752 818 1812 et
834 1746 867 1812 in
878 1747 948 1812 eius
958 1744 1189 1812 numerositate
1201 1763 1265 1809 ma·

123 1861 310 1936 gnatorum
319 1853 473 1939 potencia
483 1853 652 1940 gloriatum
670 1853 880 1942 prouidencie
891 1855 1042 1920 conuenit
1053 1855 1264 1934 excelsorum,

121 1965 162 2027 ut
180 1961 227 2028 ad
244 1962 547 2048 augmentacionem
563 1964 756 2049 populorum
775 1963 838 2031 sibi
855 1963 1073 2030 subiectorum
1089 1960 1265 2045 uigilantcr

123 2069 299 2156 insistant,
326 2077 362 2138 ut
381 2090 452 2138 cum
470 2072 512 2138 ab
531 2071 578 2138 eis
603 2072 761 2159 procedat
785 2071 949 2157 proiectus
973 2069 1134 2154 utilitatis,
1160 2070 1202 2135 ab
1218 2067 1264 2156 ip-

126 2178 180 2245 sis
199 2178 302 2244 eciam
330 2187 565 2262 consequenter
585 2179 718 2246 honoris
736 2179 874 2245 materia
889 2179 1062 2266 proueniat
1077 2185 1110 2243 et
1127 2175 1264 2243 uirtutis.

128 2287 280 2353 Proinde
305 2285 348 2352 ad
363 2287 586 2354 uniuersorum
603 2288 759 2355 noticiam
774 2287 945 2375 peruenire
969 2288 1119 2355 uolumus
1135 2304 1266 2372 presen-

129 2395 224 2461 cium
239 2413 298 2481 per
312 2402 465 2477 tenorem,
495 2395 583 2479 qnod
601 2395 795 2462 accedentes
815 2394 859 2460 ad
873 2394 1074 2482 presenciam
1092 2391 1264 2481 (nostram)

130 2503 284 2588 hospites
300 2503 402 2570 nostri
417 2501 459 2569 de
474 2503 590 2589 Scene,
617 2511 728 2572 nostre
744 2503 938 2571 celsitudini
963 2503 1187 2590 supplicarunt
1210 2500 1266 2565 hu-

132 2610 258 2677 militer
274 2618 308 2676 et
322 2610 451 2694 denote,
477 2618 514 2678 nt
528 2631 600 2678 cunr
615 2619 702 2678 terra
726 2631 836 2677 eorum
856 2611 1047 2697 colligendis
1073 2610 1194 2676 ibidem
1210 2626 1265 2694 po·

132 2719 226 2803 pulis
249 2737 310 2802 pro
326 2717 467 2785 araturis
483 2739 547 2786 non
573 2719 744 2802 sufficeret,
760 2739 820 2786 nos
845 2719 925 2804 ipsis
941 2727 1046 2786 terras
1065 2715 1218 2784 Kaetetiv
1235 2723 1267 2782 et

133 2824 329 2893 Boltssobar
353 2825 386 2890 irr
405 2825 569 2893 comitatu
593 2827 679 2893 Noui
705 2826 811 2895 (lustri
836 2829 1021 2910 existentes,
1048 2824 1141 2892 terris
1157 2843 1267 2891 eorum

133 2933 271 2999 adicere
300 2939 333 2999 et
350 2933 396 2999 eis
413 2934 590 3004 concedere
616 2955 656 3001 ex
675 2935 878 3021 plenitudine
901 2941 1011 3003 rrostre
1027 2934 1138 3020 gracie
1156 2932 1267 3016 digna-

136 3061 259 3107 remur.
284 3042 353 3106 Nos
370 3040 472 3125 igitur
494 3044 673 3129 proiectum
701 3044 900 3111 subditorum
925 3051 1106 3111 nostrorum
1131 3037 1267 3106 utilitati

132 3149 268 3236 proprie
292 3148 519 3236 proterentes,
546 3152 693 3236 graciose
719 3150 909 3219 admisimus
934 3150 1117 3236 postulata,
1150 3147 1267 3213 dantes

132 3257 262 3324 eisdem
280 3257 412 3343 populis
429 3265 496 3324 tam
513 3260 668 3343 collectis,
689 3279 786 3342 quam
809 3265 840 3324 et
856 3259 963 3325 adhuc
978 3257 1099 3324 ibidem
1116 3255 1267 3337 colligen·
1371 3297 1377 3310 ι

136 3365 201 3447 dis,
216 3385 258 3432 ex
268 3365 465 3432 liberalitate
475 3365 579 3450 Regia
588 3365 734 3450 prefatas
747 3373 851 3433 terras
862 3365 1014 3431 Kastetiv
1026 3371 1058 3429 et
1068 3362 1266 3445 Boltsschar‚

134 3481 308 3559 exemptas
324 3491 346 3538 a
361 3471 525 3539 comitatu
540 3472 627 3540 Noui
646 3471 753 3538 Gaslri
769 3493 841 3538 oum
858 3473 1005 3540 omnibus
1021 3470 1217 3537 utilitatibus
1235 3475 1269 3536 et

133 3579 350 3670 partinenoijs
360 3579 428 3647 suis
438 3585 596 3666 perpetuo
606 3580 822 3666 possidendas
833 3583 893 3648 sub
909 3579 1032 3647 eisdem
1048 3577 1143 3645 metis
1160 3583 1193 3644 st
1207 3583 1268 3644 ter

135 3689 245 3774 minis,
272 3688 357 3754 sicut
371 3686 492 3754 dictum
511 3685 660 3754 Castrum
677 3687 767 3774 ipses
782 3690 939 3756 haetenus
964 3686 1142 3754 dinoscitur
1157 3705 1266 3772 posse-

134 3800 235 3867 disse.
261 3796 440 3864 Statnimus
454 3804 614 3881 preterea,
631 3803 667 3864 ut
682 3798 770 3864 omni
785 3797 934 3864 libertate
954 3797 1128 3882 gaudeant,
1144 3815 1210 3880 qna
1225 3815 1267 3861 ax

132 3907 346 3975 concessione
357 3909 471 3974 nostra
480 3904 627 3992 hospites
636 3905 738 3973 nostri
749 3906 791 3973 de
799 3907 909 3974 Kassa
917 3905 1134 3992 pertruuntur,
1151 3909 1219 3970 tarn
1232 3903 1267 3969 iu

138 4017 276 4088 decimis
287 4014 789 4102 exolnendis‚quaminiudicijs,
801 4035 858 4083 seu
870 4016 974 4083 eciam
985 4014 1020 4081 in
1032 4013 1181 4082 omnibns
1192 4012 1269 4098 alijs

139 4127 177 4194 in
197 4125 372 4194 eorundem
391 4123 563 4211 priuilegio
588 4124 779 4192 nominatim
797 4144 857 4211 per
873 4124 1006 4209 singula
1022 4129 1054 4189 et
1074 4121 1270 4190 articulatim

137 4235 316 4321 expressis.
333 4233 385 4300 Ad
395 4231 583 4320 hecpreiuti
597 4231 745 4319 hospites
761 4233 865 4301 nostri
877 4232 918 4299 de
929 4231 1059 4298 Schema
1074 4230 1115 4297 de
1131 4229 1270 4314 singulis

135 4341 365 4410 mansionibus
374 4339 443 4407 suis
463 4339 600 4408 eundem
616 4360 747 4408 censum
756 4340 852 4408 nobis
870 4340 997 4411 soluere
1007 4338 1202 4404 tenebuntur
1210 4357 1269 4423 per

133 4453 253 4535 omnia,
265 4469 360 4535 quem
371 4447 528 4536 sepedicti
539 4449 651 4536 populi
668 4448 709 4516 de
719 4449 829 4516 Kassa
840 4447 881 4516 do
897 4448 965 4515 suis
976 4445 1198 4514 mansionibus
1212 4465 1268 4514 no-

133 4560 184 4628 bis
205 4560 335 4628 soluere
345 4557 440 4625 annis
460 4557 600 4644 singulis
618 4563 867 4626 consueuerunt.
883 4558 920 4623 In
937 4553 1176 4642 possessionem
1187 4574 1265 4623 uero

133 4669 354 4757 predictarum
364 4675 522 4738 terrarum
533 4666 664 4736 eosdem
674 4667 845 4758 perTecus
855 4665 1012 4734 Comitem
1022 4663 1171 4733 deSarus
1180 4662 1270 4732 fide·-
