3168 5186
367 1114 390 1180 I
394 1113 427 1179 V.
443 1114 522 1179 Bada
545 1114 648 1200 kirtly
663 1114 766 1179 Deme
781 1120 811 1178 eir
827 1113 1010 1180 Rmoldnak
1025 1117 1113 1200 finit,
1130 1139 1151 1180 a
1165 1115 1253 1180 neha‘k
1276 1118 1340 1181 oda
1364 1117 1490 1182 adonid-

541 1234 663 1308 npozott
678 1222 825 1287 Barchon
843 1223 1002 1288 birtokhan
1016 1226 1196 1309 moperdsr'ti.
1212 1223 1310 1289 1255.

472 1418 554 1486 Bela
573 1418 635 1485 Dei
660 1418 773 1502 gracia
795 1417 972 1508 Hungarie,
998 1419 1180 1504 Dalmacie,
1204 1419 1350 1506 Groaeie,
1375 1422 1488 1502 Reme,

364 1525 485 1611 Seruio,
499 1524 649 1612 (tellicio,
663 1525 863 1614 Lodomerie,
877 1526 1098 1612 Oumanieque
1108 1528 1179 1596 Rex
1194 1529 1344 1597 omnihus
1359 1547 1489 1614 presen-

366 1639 416 1701 tes
431 1633 559 1702 litteras
574 1633 766 1721 inspecturis
786 1635 924 1703 salutem
942 1637 976 1703 in
995 1638 1137 1704 omnium
1160 1636 1338 1704 saluatore.
1354 1636 1406 1702 Ad
1421 1637 1488 1702 uni-

365 1761 534 1810 uersorum
559 1744 715 1810 noticiam
745 1750 858 1812 tenore
889 1749 1092 1832 presencium
1117 1746 1266 1814 volumus
1296 1744 1487 1832 peruenire:

366 1850 541 1933 quodcum
557 1858 631 1938 post
653 1871 816 1918 recessum
833 1853 1042 1920 Tartarorum
1064 1872 1125 1939 pro
1142 1850 1334 1920 revocandis
1357 1853 1486 1937 juribus

365 1958 550 2026 Castrorum
574 1957 719 2026 indebite
749 1959 917 2046 occupatis
950 1980 1009 2046 per
1033 1967 1136 2029 totum
1161 1962 1308 2047 Regnum
1342 1969 1489 2028 nostrum

365 2067 512 2134 diuersos
522 2067 653 2152 judices
669 2067 883 2151 misissemus,
899 2066 982 2134 inter
997 2075 1109 2135 cetera
1123 2088 1221 2155 super
1237 2077 1324 2136 terre
1337 2069 1487 2136 Barchau

364 2175 541 2258 nominata,
557 2195 620 2258 que
635 2174 810 2241 Nitriensis
830 2176 938 2243 Oaahi
953 2175 1071 2262 suerat,
1091 2182 1204 2244 contra
1227 2177 1311 2245 tilios
1334 2178 1441 2243 Deme
1456 2184 1487 2243 et

364 2281 503 2352 Renoldi
521 2303 580 2369 per
601 2284 798 2368 johegiones
821 2283 968 2369 ejusdem
984 2282 1090 2351 Castri
1105 2283 1139 2350 in
1154 2286 1324 2371 presencia
1339 2285 1488 2370 Magistri

364 2392 518 2477 Prannay
533 2389 658 2458 Judicis
675 2389 772 2457 Curia
787 2388 918 2459 domine
933 2392 1057 2476 Regine
1072 2391 1208 2460 Comitis
1227 2392 1417 2474 Nitrieusis,
1444 2391 1487 2458 di-

365 2499 443 2565 lecti
458 2509 491 2566 et
514 2497 620 2566 tidelis
636 2499 746 2579 nostri,
773 2517 868 2582 quem
883 2497 928 2564 ad
951 2499 1087 2566 eundem
1103 2497 1299 2567 eomitatum
1323 2519 1384 2584 pro
1400 2517 1488 2566 reuo-

366 2608 480 2676 candis
492 2608 619 2698 juribus
635 2607 742 2674 Oestri
757 2609 791 2674 in
803 2608 946 2693 judicem
962 2608 1200 2695 deputauimus,
1217 2609 1257 2676 lis
1273 2618 1306 2675 et
1315 2608 1486 2675 contencio

364 2716 473 2783 fueret
497 2716 675 2801 suscitata,
700 2715 758 2802 tilij
783 2721 893 2782 autem
919 2713 1075 2782 dictorum
1100 2716 1249 2798 Reuoldi,
1274 2724 1307 2783 et
1322 2716 1428 2782 Dame
1454 2717 1486 2782 in

365 2824 501 2891 termino
526 2844 584 2911 per
610 2825 728 2890 dictum
744 2823 936 2908 Magistrum
961 2825 1158 2890 Prenneium
1183 2823 1363 2909 assignato,
1391 2843 1488 2910 super

365 2932 546 3000 donacione
572 2931 658 2998 dicte
690 2941 774 2998 terre
798 2932 949 2998 Barchan
974 2952 1031 3019 per
1061 2951 1121 2999 nos
1146 2931 1180 2997 in
1211 2931 1488 3018 permutationem

364 3049 449 3107 terre
474 3039 587 3106 Buchk
614 3040 662 3107 eis
676 3038 777 3123 facte,
801 3058 921 3105 nouum
944 3045 1138 3106 curauerunt
1161 3039 1255 3106 nohis
1280 3038 1488 3125 priuilegium

366 3148 530 3232 exhihere,
546 3148 579 3213 in
595 3168 658 3232 quo
676 3149 866 3231 habebatur,
883 3147 969 3232 quod
985 3156 1074 3214 terra
1088 3148 1215 3233 Buchk,
1241 3168 1340 3232 quam
1356 3148 1488 3214 Simone

366 3257 503 3325 condam
529 3259 619 3325 Bano
649 3261 759 3324 nutam
785 3254 985 3324 infidelitatis
1011 3257 1212 3340 incurrente,
1242 3258 1312 3323 Rex
1339 3255 1488 3324 Andreas

365 3373 459 3450 pater
482 3371 592 3432 noster
617 3365 720 3432 salicis
744 3363 984 3432 recordacionis
1008 3365 1165 3432 Ledialao
1189 3403 1233 3414 -
1252 3401 1288 3413 ·-
1308 3402 1352 3412 -
1369 3363 1487 3432 Oomiti

364 3472 537 3540 Bachiensi
563 3472 752 3557 contulerat,
780 3478 813 3539 et
829 3470 1001 3539 abeodem
1017 3470 1142 3538 Comite
1157 3469 1313 3541 Ladizlao
1333 3479 1487 3560 parentes

364 3583 508 3666 ipsorum
532 3581 669 3648 Renoidi
695 3581 821 3648 scilicet
846 3589 879 3648 et
902 3583 1008 3648 Darne
1034 3580 1172 3650 filiorum
1198 3590 1332 3668 propter
1357 3603 1488 3650 suorum

363 3689 572 3757 semiciorum
584 3687 846 3774 merita,suerant
858 3685 1032 3774 consecuti,
1050 3698 1082 3756 et
1096 3689 1387 3758 nosJohennifilio
1404 3692 1488 3759 eius·

363 3795 438 3864 dem
455 3796 596 3865 Simonis
612 3796 693 3864 Baui
711 3794 963 3864 misericorditer
983 3795 1201 3882 reddidimus;
1227 3799 1309 3864 etin
1325 3806 1488 3886 permuta·

363 3904 489 3974 cionem
516 3905 661 3990 ejusdem
678 3911 762 3972 terre
777 3905 890 3972 Buchk
915 3906 962 3972 eis
978 3913 1098 3972 terram
1115 3907 1265 3974 Barchon
1291 3905 1487 3975 dederamus

365 4013 606 4100 supradictam
634 4015 899 4100 supplicaverunt
925 4033 1004 4098 ergo
1020 4013 1124 4098 nohis,
1149 4021 1185 4081 ut
1200 4015 1337 4082 eandem
1366 4023 1486 4082 terram

364 4120 513 4188 Barchan
529 4122 577 4188 eis
603 4118 764 4188 dimittere
780 4121 998 4206 dignaremur.
1024 4121 1092 4188 Nos
1106 4122 1219 4206 itaque
1237 4122 1354 4207 juticie
1369 4123 1487 4208 gressi·

363 4231 424 4297 hus
434 4229 638 4318 adherentes,
656 4228 742 4296 dicto
752 4228 908 4314 Magistro
920 4229 1083 4296 Prannaio
1100 4228 1249 4297 dedimus
1264 4231 1298 4296 in
1309 4229 1485 4315 mandatis,

364 4346 476 4406 uttam
492 4337 612 4404 dictam
628 4345 747 4404 terram
758 4337 882 4422 Buchk,
900 4356 996 4422 quam
1006 4343 1126 4404 terram
1136 4338 1283 4404 Barchan
1295 4337 1487 4426 inspiceret,

364 4445 425 4536 (et)
441 4449 470 4517 si
495 4453 583 4514 esset
606 4445 733 4532 equalis
760 4446 960 4534 permutacio
982 4447 1068 4512 inter
1093 4446 1235 4532 easdem,
1260 4453 1336 4514 tunc
1362 4445 1485 4514 dictam

362 4566 482 4625 terrum
506 4554 655 4622 Barchon
679 4555 801 4623 eisdem
825 4553 902 4642 filijs
927 4555 1031 4620 Dame
1056 4562 1089 4622 et
1111 4551 1283 4621 Renoldini
1310 4553 1486 4622 dimitteret

363 4666 499 4752 pacifice
515 4664 754 4750 possidendam.
775 4663 837 4742 Qui
853 4663 936 4732 sicut
950 4663 1045 4732 nohis
1061 4665 1239 4751 rescripsit,
1254 4663 1382 4751 prefata
1394 4669 1485 4730 terra
