3210 5194
581 355 736 457 *pr*

75 549 191 636 fuerat,
227 549 357 635 penitus
379 553 548 639 sopiendo.
576 553 730 622 Constitit
753 561 862 622 auten
888 557 980 624 nabis
1006 577 1064 643 par
1092 559 1219 626 litteras
1266 623 1267 628 ,

78 657 227 746 Capituli
245 657 495 747 Obenadiensis,
524 681 584 729 nee
608 682 674 728 non
689 681 749 748 per
774 662 902 729 litteras
923 663 1063 732 Abbatis
1088 673 1121 734 et
1137 665 1219 735 Oen·

79 773 200 834 uentus
219 765 262 834 de
275 767 415 853 Zeurug,
432 767 518 852 quod
536 768 610 854 ipsa
627 788 754 836 summa
765 771 911 855 pecunie,
930 769 1085 840 uidelicet
1093 780 1220 842 eentum

76 894 186 942 meree
204 875 355 961 plenarie
371 895 430 964 per
446 877 639 962 Magistrum
654 877 767 944 Buaed
791 876 969 945 seeundum
984 877 1120 946 formam
1139 897 1217 949 eou-

77 982 251 1050 ueneiouis
281 1003 393 1049 eorum
414 982 551 1050 fuissent
566 985 687 1051 Abbati
711 993 744 1051 st
759 983 941 1052 Conuentui
967 990 1213 1072 prememoratis

76 1089 271 1176 persolute;
296 1110 337 1157 ea
354 1101 464 1158 tamen
490 1092 710 1158 conueneione
735 1112 774 1159 ae
797 1090 988 1161 eondieione
1010 1095 1216 1181 interposita,

76 1198 217 1283 quodsi
235 1219 378 1285 unquam
391 1201 510 1284 aliquis
526 1201 728 1288 sepedietum
737 1201 931 1286 Magistrum
940 1201 1052 1268 Buzad
1068 1224 1217 1290 presepe

76 1317 265 1377 memorato
290 1309 404 1396 predio
420 1310 526 1376 Zobor
542 1311 641 1377 uellet
665 1310 829 1397 impetere,
845 1310 958 1378 Abbas
982 1316 1016 1377 et
1031 1309 1216 1380 conuentus

76 1417 116 1482 de
132 1417 270 1501 Zeurug
298 1417 405 1484 modis
422 1417 570 1485 omnibus
586 1419 669 1486 tueri
693 1417 833 1485 fideliter
847 1424 1019 1485 teneretur.
1047 1421 1088 1486 Vt
1103 1428 1214 1488 autem

75 1527 178 1591 series
196 1525 296 1592 buius
312 1525 393 1592 isati
409 1533 597 1612 perpetuum
613 1526 775 1593 firmitatis
790 1526 889 1593 robur
904 1525 1057 1611 obtineat,
1082 1546 1212 1611 presen-

76 1639 140 1697 tenr
166 1633 328 1716 paginam
350 1632 491 1718 duplicis
511 1633 612 1717 sigilli
637 1633 739 1701 nostri
757 1631 931 1699 munimine
955 1631 1108 1698 iussimus
1125 1636 1216 1702 rebo-

75 1741 150 1805 rari.
166 1741 288 1804 Aetum
304 1739 480 1807 Domiuiee
500 1741 744 1808 Iuearnaeionis
769 1738 890 1807 M⁰cc⁰
900 1739 1009 1806 XXX⁰
1022 1739 1146 1824 vmr,
1170 1742 1215 1808 X⁰

75 1849 238 1916 kalendas
254 1849 463 1935 Decembris,
479 1850 582 1934 Regni
606 1859 716 1918 eutem
734 1849 835 1918 nostri
859 1869 945 1915 anuo
970 1847 1094 1932 quinto.

74 2028 210 2090 (Metro
224 2027 408 2096 bbrhfirtybm
429 2031 539 2098 melyrssl
553 2046 571 2081 a
583 2028 673 2099 kirtly
685 2032 776 2083 kettba
795 2029 968 2097 peesbtjbnak
987 2029 1115 2082 tbredbke
1137 2031 1213 2098 iflgg‚

391 2123 503 2174 abudai
517 2125 568 2177 kir.
582 2125 704 2175 kamarei
717 2119 908 2190 lerelttrbau.)

524 2393 777 2406 ——--..-

613 2823 670 2893 51.

69 2999 175 3066 Derras
189 3000 297 3066 aridai·
315 3023 338 3065 a
354 3001 454 3068 Ρόοάι
478 3005 509 3069 b
527 3004 688 3070 Lbrirrezet
712 3004 832 3094 anyjok
847 3001 1088 3092 jopyajandeka
1105 3003 1209 3088 jopen

69 3105 158 3172 inab
182 3109 236 3174 ket
250 3109 365 3196 ekenyr'
383 3107 489 3194 feldet
514 3111 683 3198 Caenpararr
698 3135 719 3177 a
735 3111 864 3180 &amos
886 3109 1007 3191 mettere,
1031 3109 1171 3194 malynak
1185 3131 1207 3172 u

71 3215 161 3280 Κάια
170 3215 406 3304 mmetaeybeli
415 3216 537 3306 Panyit
551 3223 669 3288 re'aztra
683 3222 726 3285 14
735 3220 896 3284 markctert
907 3215 1016 3284 bend&
1024 3215 1206 3302 dtanyede'se

68 3323 162 3387 irent
173 3327 248 3387 mda-
264 3323 350 3389 eleba
359 3329 567 3414 mapepyeztelr
582 3327 655 3413 volt,
671 3329 795 3394 miutcirr
810 3327 919 3394 temen
930 3325 1017 3391 Pasa
1031 3325 1063 3389 es
1073 3321 1209 3389 Lair-inea

66 3429 190 3518 parbuj
207 3433 305 3518 epate
321 3433 411 3519 lapda
421 3433 558 3500 wrthen
573 3435 849 3502 marasztaltattak
865 3437 897 3500 ea
912 3430 1040 3498 taratra
1050 3427 1207 3513 bekenele,

69 3560 90 3601 a
106 3541 152 3604 14
168 3540 289 3606 marka
304 3562 360 3626 epp
375 3541 597 3609 barmaddraak
612 3569 631 3608 a
648 3543 790 3609 kdreablt
799 3541 898 3628 falsie,
916 3540 967 3606 lea't
983 3537 1209 3605 barmaddnak

63 3647 165 3734 periip
181 3648 259 3712 πάϊ
281 3650 361 3714 mint
376 3648 447 3715 ὂίνό
468 3653 588 3717 reserere
612 3655 726 3716 tb'rtent
741 3651 886 3736 lepizeta‘re
905 3651 993 3731 attin,
1019 3670 1058 3713 aa
1081 3643 1208 3713 multtatt

229 3754 414 3840 Paupertas
428 3756 508 3840 iteri,
526 3759 558 3823 6³
573 3769 618 3824 ezt
634 3756 715 3822 abba
730 3755 938 3842 beiptattatja.
955 3755 1052 3820 1239.

189 3932 359 4000 Dionisius
385 3934 447 4001 Dei
472 3935 587 4020 gracia
611 3933 783 4002 Palatinus
809 3938 841 3998 et
866 3932 982 4000 Comes
1008 3930 1049 3998 de
1074 3930 1200 4012 Zonuk‚

66 4041 222 4107 omnibus
239 4045 409 4125 presentes
434 4041 559 4109 litteras
575 4042 769 4127 inspecturis
785 4042 924 4107 satutem
946 4039 980 4106 iu
998 4038 1111 4107 salutis
1129 4056 1203 4102 aue·

66 4157 143 4216 tore.
163 4148 529 4217 Uniuersorumnotiaie
546 4151 750 4236 presencium
761 4156 872 4216 tenore
884 4147 1033 4212 duximus
1054 4143 1204 4210 intiman-

67 4256 154 4342 dum,
181 4258 270 4340 qnod
287 4258 391 4325 Ponet
406 4255 447 4324 de
462 4277 582 4342 genere
597 4259 696 4342 Kata,
713 4260 857 4324 Pansam
882 4263 914 4322 et
929 4251 1143 4318 Laureneium
1158 4248 1201 4316 ad

66 4373 213 4432 uestram
230 4366 346 4434 eitauit
360 4366 575 4451 preseneiam,
598 4365 809 4454 proponendo
825 4370 939 4432 eontra
953 4381 1021 4446 ees,
1036 4357 1123 4443 quod
1139 4363 1199 4422 ter-

65 4491 133 4538 rem
153 4472 351 4540 existentem
367 4471 412 4538 ed
428 4472 490 4540 duo
514 4481 625 4540 aratra
641 4474 682 4540 de
698 4479 786 4540 terra
802 4468 973 4552 Obenguer
988 4467 1085 4533 sitam
1104 4466 1197 4531 iuxta

66 4581 195 4666 Zomus,
223 4600 288 4664 que
302 4581 438 4647 racione
455 4581 631 4649 vicinitatis
657 4581 721 4648 sibi
736 4577 923 4666 pertinebat
947 4573 991 4640 ad
1016 4571 1196 4656 emendum,
1214 4627 1230 4638 .

66 4686 173 4755 Pensa
188 4688 432 4758 etaaureneius
448 4687 620 4757 eeeasione
636 4688 722 4757 dotis
731 4686 844 4755 metris
860 4705 928 4772 sue,
949 4683 1075 4768 absque
1090 4679 1195 4771 ipsius
