3186 5188
593 397 751 498 Q

79 577 134 636 tas
152 589 221 656 per
240 574 412 659 proprium
438 574 587 641 nuntium
604 574 799 660 quantocius
823 573 957 644 studeas
973 575 1148 645 destinare.
1172 578 1238 644 Da·

78 685 152 744 tum
170 678 340 765 Lugduni
351 681 423 748 VII.
440 679 514 748 idus
529 680 650 766 Martii,
667 681 881 750 Pontificatns
897 681 999 751 nostri
1018 683 1238 768 annoquinto.

336 875 463 941 (Parieti,
477 877 620 944 Illyricum
634 877 750 931 deornm
763 877 810 930 IV.
824 878 881 932 iot.
895 879 955 932 ets.
968 879 1000 946 L)

532 1147 793 1157 ——--—-———

631 1622 709 1690 188.

83 1803 104 1868 Ι
108 1803 145 1868 V.
165 1804 267 1870 Incze
279 1806 369 1890 pcipe
384 1803 519 1890 Ropuza
535 1808 640 1869 odrost
656 1805 723 1888 inti,
738 1806 821 1891 kopp
836 1828 875 1871 az
886 1806 1115 1873 antivariokkal
1129 1807 1231 1874 be'keie

544 1911 652 1998 ldpjen.
678 1911 776 1975 1248.

200 2105 416 2174 Innocentius
433 2105 616 2193 Episcopus
630 2125 743 2174 seruus
759 2126 925 2175 seruorum
936 2109 999 2176 Dei
1009 2107 1139 2178 dileetio
1154 2110 1230 2177 tiliis

88 2211 215 2280 comiti
236 2222 272 2281 et
296 2213 372 2280 aliis
396 2213 561 2282 nobilibus
586 2221 620 2281 et
644 2215 765 2301 populo
790 2217 1002 2300 Aragnsiensi
1028 2218 1166 2286 salntem
1197 2225 1231 2286 et

88 2323 323 2408 Apostolioam
346 2321 618 2390 benedictionem.
643 2325 845 2392 Proonrante
860 2324 934 2410 peoi
960 2327 1121 2393 eontrario
1145 2328 1230 2395 inter

88 2449 150 2497 ros
167 2451 213 2496 ex
231 2437 325 2516 parte
341 2450 417 2514 una,
445 2437 478 2496 et
493 2430 582 2498 eires
597 2431 832 2498 Antisarenses
849 2451 890 2499 ex
906 2432 1021 2516 altera,
1038 2435 1150 2518 gravis
1166 2434 1230 2502 dis·

89 2536 221 2618 cordia,
239 2538 481 2624 utoooepimus,
497 2545 548 2605 est
563 2544 690 2606 exorte.
707 2536 788 2605 Gum
804 2538 902 2622 igitur
918 2544 986 2606 tam
999 2539 1040 2606 iis
1050 2540 1104 2624 qui
1121 2542 1228 2629 louge,

91 2665 192 2730 quam
208 2644 254 2712 iis
270 2647 326 2727 qui
346 2666 449 2732 prope
464 2653 550 2731 sunt,
576 2665 692 2731 paoem
717 2647 902 2715 omnimode
926 2647 1125 2733 affectemus,
1150 2650 1228 2717 Uni·

90 2753 289 2820 nersitatem
315 2761 458 2821 vestram
484 2754 665 2840 rogandam
681 2754 714 2820 in
730 2755 871 2823 Domino
898 2755 1049 2824 duximus
1073 2759 1229 2827 attentius

93 2872 124 2927 et
141 2859 353 2945 monendam,
370 2881 431 2947 per
444 2862 636 2946 Apostolioa
660 2861 754 2929 vobis
778 2862 901 2949 scripta
917 2863 1123 2949 mandantes,
1148 2885 1227 2950 qua-

93 2977 189 3036 tenus
206 2990 269 3056 pro
286 2975 399 3037 nostru
423 2974 456 3034 et
470 2969 681 3055 Apostolioee
698 2967 793 3036 Sedis
808 2970 990 3037 reverentia
1009 2972 1226 3056 apraedioto·

94 3096 165 3143 rum
182 3078 306 3145 oinium
323 3075 476 3144 molestie
491 3084 524 3144 et
543 3077 664 3144 iniuria
679 3075 886 3161 desistentes,
912 3096 1028 3163 paoem
1043 3097 1116 3144 oum
1132 3079 1181 3148 eis
1196 3085 1229 3146 et

94 3203 207 3251 rerem
225 3183 433 3252 oonoordiam
449 3183 609 3269 habeatis,
633 3191 782 3251 uturum
798 3183 956 3252 intervos
973 3184 1013 3249 de
1029 3191 1136 3253 eetero
1153 3187 1228 3254 oha-

95 3289 203 3359 ritatis
220 3291 265 3358 sit
279 3290 453 3378 vinonlum,
470 3312 551 3377 qnos
577 3293 720 3359 seiunxit
744 3293 900 3358 haetenus
925 3289 1108 3358 discordiae
1134 3293 1227 3359 semi·

78 3407 201 3470 nator.
220 3402 344 3467 Datum
359 3400 512 3485 Lugduni
532 3403 571 3470 V.
591 3401 752 3468 kalendas
778 3399 990 3487 Septembris,
1016 3399 1228 3468 Pontificatns

93 3508 196 3576 nostri
212 3528 300 3578 anno
317 3515 420 3575 sento.

333 3704 458 3769 (Parieti,
477 3706 616 3774 Illyricum
630 3705 741 3758 Sacrum
755 3704 802 3758 VI.
815 3707 872 3758 ket.
888 3708 949 3758 101.
964 3703 994 3771 l.)

532 3998 795 4012 *-
