3162 5188
855 377 1006 480 ‚sm

368 570 431 639 duo
448 571 563 656 iugera
589 579 748 640 terrarum
766 575 806 639 de
823 583 911 641 terra
927 577 1094 662 Reginali,
1120 578 1175 645 ubi
1193 579 1308 646 melius
1325 580 1503 664 inuenitur,

369 687 402 745 et
427 680 613 748 corumdem
642 682 718 768 filijs
736 689 768 748 et
789 682 927 752 liliorum
951 687 1196 754 suecessoribus
1216 689 1454 774 perpetualiter
1471 696 1506 757 et

368 786 631 858 inrenocsbiliter
651 790 894 875 possidendam.
911 794 1032 860 Datum
1048 792 1082 859 in
1098 793 1292 879 wissegrad
1311 815 1370 881 per
1385 815 1508 863 manns

369 896 462 963 Aluus
479 895 648 984 Prepositi,
670 917 755 966 anno
771 899 909 968 Domini
925 901 969 968 li⁰
979 899 1046 968 00⁰
1056 903 1096 969 L⁰
1111 900 1227 990 primo.

472 1074 522 1141 (Aa
535 1078 636 1132 eredeti
650 1076 718 1132 utin
732 1080 834 1134 Κυιιιι
847 1078 964 1144 stodor.
977 1083 1096 1151 lisgyar
1107 1084 1173 1138 Sion
1186 1085 1221 1136 IL
1235 1086 1292 1136 luet
1306 1086 1368 1137 598.
1380 1085 1409 1149 l)

812 1367 1068 1382 ..ψη-

894 1815 972 1884 226.

379 1979 399 2044 I
404 1978 436 2044 V.
454 1979 543 2045 Incse
566 1985 656 2066 pdpa
672 2003 693 2042 α
709 1979 941 2064 nopyszombats'
963 2001 1007 2042 ez.
1023 1979 1254 2043 ‹tumidorendll
1278 1980 1454 2066 apostolae
1471 2003 1510 2043 oa

590 2087 722 2172 apostoli
737 2086 805 2150 sze'k
817 2085 1008 2172 portsogdac
1019 2088 1073 2152 att
1085 2089 1175 2151 oeszs'.
1193 2086 1290 2152 1251.

484 2265 689 2332 Innocentius
709 2263 890 2351 Episcopus
916 2282 1030 2331 seruus
1051 2282 1220 2332 seruorum
1236 2266 1300 2332 Dei
1326 2263 1458 2331 dilectis
1474 2264 1509 2329 in

379 2370 508 2438 Christo
525 2371 655 2439 filiabus
673 2425 680 2440 .
699 2424 706 2440 .
725 2420 732 2436 .
749 2370 928 2454 Abbatisse
943 2377 977 2436 et
990 2369 1173 2438 Conuentni
1190 2371 1231 2438 de
1244 2371 1359 2456 'I'yrna
1375 2369 1509 2439 Ordinis

378 2480 492 2548 Sancti
502 2479 657 2548 Damiani
674 2479 907 2565 strigoniensis
918 2479 1066 2548 Diocesis
1083 2482 1222 2548 salutem
1239 2481 1509 2567 etApostolicam

379 2587 648 2658 benedictionem.
675 2586 780 2656 Jnstis
805 2589 982 2676 petentium
1008 2588 1180 2674 desideriis
1207 2589 1340 2675 dignum
1360 2597 1423 2677 est,
1449 2610 1510 2656 nos

379 2697 508 2767 facilem
535 2699 672 2786 prebere
697 2717 901 2781 consensum,
929 2706 963 2764 et
988 2704 1073 2782 uota,
1099 2718 1163 2783 qne
1179 2719 1200 2765 a
1215 2697 1352 2765 rationis
1379 2698 1509 2765 tramite

378 2827 443 2873 non
459 2805 656 2889 discordant,
675 2806 792 2873 effectu
811 2811 1026 2892 prosequente
1043 2805 1215 2892 complere.
1241 2807 1436 2892 Eapropter,
1464 2805 1508 2871 di-

380 2915 466 2981 lecte
481 2915 514 2980 in
532 2913 660 2982 Christo
678 2913 753 2996 tilis,
779 2912 897 2980 uestris
912 2911 1006 2980 iustis
1029 2911 1306 2999 postulationibus
1323 2921 1419 2998 grato
1436 2933 1509 2980 con·

382 3029 548 3090 currentes
566 3041 712 3102 assensn,
736 3039 896 3109 personas
911 3026 1039 3087 uestras
1056 3029 1088 3087 et
1102 3021 1220 3105 locum,
1243 3019 1278 3086 in
1296 3039 1360 3105 qno
1381 3020 1443 3087 sub
1459 3040 1511 3107 pe-

382 3130 509 3216 rempni
534 3130 688 3197 clausura
702 3127 823 3194 Dinino
839 3127 919 3196 estis
935 3129 1091 3214 obsequio
1108 3129 1303 3216 mancipate,
1318 3147 1392 3195 oum
1409 3129 1510 3196 omni-

382 3239 444 3305 bus
460 3236 565 3322 bonis,
584 3258 647 3323 qne
665 3237 948 3324 impresentiarum
963 3236 1203 3305 rationabiliter
1217 3235 1375 3323 possidet,
1403 3236 1511 3304 autin

384 3345 524 3413 futurum
550 3345 643 3414 iustis
660 3343 764 3413 modis
790 3351 958 3433 prestante
974 3347 1114 3414 Domino
1129 3345 1248 3432 poterit
1270 3343 1423 3433 adipisci,
1451 3345 1510 3411 sub

384 3454 478 3520 Beati
488 3452 576 3520 Petri
592 3460 624 3520 et
639 3459 750 3521 nostru
760 3453 960 3541 protectione
974 3453 1178 3541 suscipimus.
1196 3453 1392 3540 Specialiter
1401 3460 1510 3520 outoni

384 3561 507 3646 domos,
524 3567 638 3648 terras,
657 3563 884 3648 possessiones
909 3567 941 3629 et
957 3562 1026 3631 ulia
1041 3563 1128 3630 bonu
1144 3569 1265 3648 nestra,
1286 3563 1370 3629 sicut
1386 3581 1430 3628 ea
1449 3583 1512 3630 om·

383 3669 440 3736 nia
457 3669 541 3737 iuste
566 3690 605 3737 ac
620 3671 756 3756 pacifice
781 3671 968 3759 possidetis,
995 3671 1089 3739 uobis
1105 3677 1139 3738 et
1155 3691 1213 3759 per
1229 3689 1289 3738 uos
1311 3670 1512 3741 Monosterio

385 3783 493 3846 uestro
510 3777 906 3866 anctoritateApostolics
921 3779 1157 3864 confirmamus,
1175 3783 1207 3845 et
1221 3777 1381 3865 presentis
1398 3777 1512 3863 scripti

388 3887 570 3973 patrocinio
596 3887 842 3954 communimus.
867 3887 957 3954 Nulli
973 3907 1052 3970 ergo
1076 3887 1207 3953 omnino
1224 3886 1389 3953 homiuum
1415 3886 1513 3954 liceat

385 3997 470 4064 hanc
485 3995 642 4082 paginam
658 4003 769 4062 nostre
784 3994 995 4082 protectionis
1012 3999 1045 4061 et
1061 3995 1316 4062 confirmationis
1336 3994 1512 4080 intringere

384 4105 437 4171 uel
454 4105 485 4173 ei
502 4123 586 4172 ausu
600 4105 774 4172 temerario
790 4103 959 4172 contraire.
979 4105 1015 4172 Si
1032 4103 1105 4188 quis
1121 4101 1302 4170 antemhoc
1316 4107 1513 4190 attemptare

384 4213 628 4299 presumpserit,
652 4210 910 4296 indignationem
928 4209 1167 4297 Omnipotentis
1192 4209 1255 4276 Dei
1282 4215 1315 4276 et
1338 4211 1513 4278 Bestorum

386 4319 474 4388 Petri
490 4326 522 4386 et
533 4319 628 4387 Pauli
638 4319 868 4406 Apostolorum
885 4319 955 4386 eins
970 4338 1006 4386 se
1015 4316 1145 4386 nouerit
1158 4317 1370 4386 incursurum.
1392 4319 1513 4386 Datum

384 4425 564 4496 Mediolani
580 4427 675 4497 nonis
691 4427 830 4514 Augusti
846 4425 1057 4496 Pontificatus
1072 4425 1173 4495 nostri
1193 4446 1277 4496 nuno
1292 4446 1390 4496 nono.

385 4607 523 4672 (nodone
533 4605 707 4674 berhtrtytn,
717 4608 827 4671 melyrtil
836 4624 853 4660 a
862 4605 933 4676 pipo
942 4607 1133 4675 diompecsdtje
1143 4605 1316 4674 veros-sm·
1324 4607 1512 4676 sstyemzrint-

617 4713 667 4750 rou
680 4695 757 4763 idgg,
769 4711 787 4748 a
799 4696 881 4748 budsi
893 4695 945 4748 kir.
958 4695 1082 4749 lamanai
1091 4690 1278 4762 lerdlttrban.)
