3252 5198
118 1083 147 1148 A
161 1088 258 1150 eoezi
274 1085 507 1171 kdptaluuaula
522 1085 794 1171 diaouyadplevela,
822 1083 902 1170 lopy
917 1107 939 1148 o
954 1035 1055 1171 Zidoy
1079 1089 1261 1174 aemactadp-

121 1192 218 1256 aeliota
238 1192 346 1256 Turul
362 1192 537 1257 birtokaok
556 1192 723 1278 felerdsaet
739 1215 760 1254 u
771 1193 860 1278 pacui
880 1191 1102 1277 kdptalouaok
1120 1193 1261 1260 eludtctk.

647 1301 746 1368 1237.

545 1477 845 1544 ABG

236 1655 398 1723 Omnibus
415 1657 500 1722 hunc
525 1656 680 1742 paginam
695 1657 893 1744 inspecturis
913 1658 1098 1722 uniuersum
1113 1654 1263 1722 Wacien-

131 1763 174 1830 sis
189 1765 342 1831 Ecclesie
360 1763 548 1850 Capitulum
574 1766 713 1832 salutem
739 1767 773 1832 in
789 1787 866 1833 vero
893 1765 1040 1832 salutari.
1061 1763 1166 1842 Quum
1193 1782 1264 1851 pre-

131 1873 233 1938 sentis
247 1872 398 1938 stabilita
414 1893 455 1939 ex
465 1873 707 1940 successoribus
717 1873 913 1958 calumpnijs
923 1872 1153 1958 pronaiuerint
1165 1892 1264 1956 quum

132 1979 243 2066 sepius
258 1979 302 2044 ad
318 1978 532 2065 uariandum
550 1979 708 2063 usigitur
725 1981 797 2064 quis
810 1981 1022 2066 imposterum
1039 1979 1161 2047 habeat
1176 1977 1264 2063 quod

131 2087 315 2171 retractari,
333 2088 461 2154 nouerit
476 2088 672 2154 uniuersitas
688 2094 818 2155 uestra:
839 2088 927 2172 quod
943 2107 1042 2172 quum
1057 2087 1176 2154 nobilio
1191 2106 1264 2172 pro·

134 2194 231 2279 sapia
247 2195 380 2260 nomine
395 2195 516 2260 Acilles
542 2195 628 2261 filius
646 2195 762 2261 Oosme
779 2195 915 2261 Comitis
941 2195 1116 2277 degenere
1135 2193 1264 2278 Zydoy‚

132 2306 220 2368 tutor
234 2300 330 2386 pueri
354 2301 485 2367 nomine
500 2301 618 2366 Macha
640 2302 699 2386 filij
717 2301 888 2368 Michaelis
907 2299 1042 2369 Comitis
1068 2301 1126 2387 filij
1146 2301 1266 2368 llacha

17 2486 18 2490 Ἰ
133 2427 174 2473 ex
190 2406 309 2474 codem
325 2428 456 2494 genere,
468 2410 677 2476 medietatem
693 2409 885 2476 hereditatis
902 2409 944 2476 de
951 2410 1062 2491 Turul,
1080 2429 1143 2493 que
1161 2428 1265 2495 puero

131 2515 333 2601 pertinebat,
349 2517 435 2582 inter
445 2517 542 2584 villas
554 2516 699 2602 Capituli
710 2517 1089 2600 Quinque-Ecclesienais
1099 2518 1263 2598 collatam,

133 2623 241 2688 eidem
257 2621 412 2706 Capitulo
427 2621 952 2712 videlicetQuinque-Ecclesiensi
968 2643 1028 2707 pro
1039 2622 1153 2689 matris
1171 2623 1265 2708 pueri

18 2772 25 2787 ·
134 2729 212 2797 dote
228 2729 400 2816 soluenda,
415 2749 475 2815 pro
491 2730 552 2796 XL
567 2731 687 2796 marcis
712 2731 839 2814 argenti
855 2731 1005 2798 uendidit
1014 2733 1088 2815 jure
1104 2729 1266 2796 heredita-

133 2838 182 2904 rio
199 2839 306 2904 libere
322 2838 575 2924 possidendam
606 2841 664 2907 sed
680 2848 789 2906 tamen
807 2877 851 2888 -
865 2877 910 2887 -
926 2833 970 2888 ὲ-
986 2877 1030 2888 -
1046 2839 1210 2924 insertum,
1237 2840 1266 2904 si

134 2947 304 3032 predictus
319 2968 401 3033 puer
416 2948 451 3014 in
475 2948 602 3015 uirilem
617 2948 811 3034 perueniens
828 2953 958 3031 etatem,
986 2947 1038 3012 uel
1054 2947 1126 3029 quis
1150 2967 1267 3030 cogna-

134 3059 242 3119 torum
268 3073 411 3139 suumn,
438 3074 497 3121 seu
514 3056 634 3141 aliquis
659 3075 717 3121 sue
741 3052 951 3137 cognacionis
977 3055 1128 3138 extiterit,
1154 3053 1268 3120 uolens

134 3159 221 3226 hanc
238 3160 420 3226 emcionem
444 3181 659 3228 reuocare-
675 3199 719 3210 -
733 3179 832 3247 posse
847 3157 945 3224 fuerit
964 3165 1135 3244 reuocata;
1161 3163 1270 3244 preta-

135 3274 236 3334 xatus
252 3267 378 3334 Acilles
402 3270 473 3336 siue
490 3271 541 3336 sui
565 3268 600 3335 in
615 3268 850 3336 hereditatibus
875 3269 945 3334 suis
965 3266 1176 3334 succedentes
1201 3266 1270 3332 iam

136 3372 226 3440 dicto
239 3372 393 3462 capitulo
404 3376 766 3462 Quinque-Ecclesiensi
782 3375 945 3461 duplicem
961 3394 1121 3441 summam
1140 3374 1270 3440 soluere

135 3487 304 3546 tenentur.
319 3484 414 3550 Nunc
423 3490 531 3551 autem
547 3521 592 3533 --
607 3521 653 3534 -
668 3520 711 3534 -
728 3520 773 3532 -
788 3481 930 3550 racionis
941 3481 1123 3568 formulam,
1139 3480 1270 3567 prefato

135 3586 249 3654 Acille
264 3590 351 3656 hanc
375 3590 554 3658 emcionem
576 3597 609 3657 et
624 3591 876 3658 connencionem
893 3590 1103 3656 confirmante
1122 3596 1200 3656 ante
1215 3610 1271 3656 no·

135 3703 245 3764 stram
270 3698 486 3784 presencium,
513 3698 773 3784 prenominatum
789 3696 978 3783 Capitulum
998 3695 1273 3784 Quinque-Eccle-

136 3804 253 3871 siense
269 3803 331 3870 XL
347 3823 474 3872 marcas
491 3805 619 3890 argenti
637 3825 696 3893 per
721 3804 887 3892 proprium
905 3803 1114 3888 canonicum,
1140 3807 1274 3872 nomine

137 3909 305 3977 Jacobum
320 3910 472 3980 videlicet
487 3913 646 4000 percoluit
661 3912 808 3999 plenarie
824 3933 864 3979 ac
879 3913 1008 3979 deuote.
1027 3912 1077 3978 Ne
1094 3918 1202 3978 autem
1218 3913 1273 3980 hic

140 4017 329 4084 stabilitum
343 4040 403 4106 per
415 4021 543 4106 aliquos
559 4039 773 4105 successores,
790 4039 849 4096 seu
865 4015 1037 4084 modernos
1048 4024 1180 4086 nocetur
1195 4038 1273 4101 qno-

141 4143 206 4207 que
217 4125 316 4193 modo
333 4127 522 4214 indubium,
539 4129 583 4196 ad
598 4150 713 4218 preces
722 4129 869 4217 parcium
885 4127 1011 4193 litteras
1025 4133 1154 4192 nostras
1170 4127 1273 4193 nostri

142 4230 248 4314 sigilli
262 4236 444 4304 munimine
458 4239 631 4306 roboratas
655 4239 805 4306 duximus
820 4235 1048 4319 indulgendas.
1072 4232 1275 4301 Reuerendis

141 4339 292 4408 Ecclesie
317 4352 431 4413 nostre
446 4345 602 4415 fratribus
618 4347 760 4432 Atolpho
777 4342 824 4432 (l)
841 4341 1021 4427 Proposito,
1047 4341 1111 4407 Jcb
1127 4339 1275 4426 Lectore,

142 4451 305 4536 Gregorio
323 4453 477 4538 (lantone,
504 4454 586 4522 Ouia
600 4453 762 4521 Pestiensi
780 4449 1031 4532 Archidiacono‚
1057 4448 1196 4516 Martino
1213 4447 1274 4514 Cu·

139 4567 247 4654 stude,
274 4564 412 4634 Jancka
428 4562 677 4648 Archidiaoono‚
701 4561 808 4629 Adam
823 4557 1072 4645 Archidiaoono,
1101 4564 1135 4627 et
1158 4560 1279 4627 ceteris
